<!DOCTYPE html>
<html lang="en">

<head>
    <meta charset="UTF-8">
    <meta http-equiv="X-UA-Compatible" content="IE=edge">
    <meta name="viewport" content="width=device-width, initial-scale=1.0">
    <title>Amazon Product Page</title>
    <style>
        body {
            background-color: black;
            color: white;
        }

        .datetime {
            text-align: center;
            color: gray;
        }

        .date, .time {
            font-size: 48px;
        }

        .container {
            display: flex;
            flex-wrap: wrap;
            justify-content: center;
            align-items: center;
            min-height: calc(100vh - 7cm);
        }

        .product {
            width: calc(100% / 4);
            margin-bottom: 20px;
            text-align: center;
            border: 1px solid red;
            border-radius: 10px;
            overflow: hidden;
            padding: 10px;
            display: flex;
            flex-direction: column;
            background-color: black;
            color: white;
        }

        .product .content {
            height: 200px;
            overflow: hidden;
        }

        .product img {
            width: 100%;
            height: auto;
            display: block;
        }

        .product .description {
            margin-top: 10px;
        }

        .product .more-link {
            margin-top: 5px;
            cursor: pointer;
            color: blue;
        }
        .pagination {
            text-align: center;
            margin: 20px 0;
        }

        .pagination a {
            color: white;
            padding: 8px 16px;
            text-decoration: none;
            background-color: gray;
            margin: 0 4px;
            border-radius: 4px;
        }

        .pagination a:hover {
            background-color: #575757;
        }
        @media (min-width: 768px) and (max-width: 991px) {
            .product {
                width: calc(100% / 3);
            }
        }

        @media (max-width: 767px) {
            .product {
                width: 100%;
            }
        }

        /* Style pour le bouton flottant */
        .floating-button {
            position: fixed;
            bottom: 20px;
            right: 20px;
            background-color: red;
            color: white;
            border: none;
            border-radius: 50%;
            width: 60px;
            height: 60px;
            text-align: center;
            font-size: 18px;
            cursor: pointer;
            z-index: 1000;
            box-shadow: 0 4px 8px rgba(0, 0, 0, 0.2);
        }
    </style>
</head>

<body>
    <div class="datetime">
        <div class="date" id="comment"></div>
        <div class="date" id="date"></div>
        <div class="time" id="time"></div>
    </div>

    <div class="container">
      








<div class="product"><a href="https://www.amazon.com/dp/B0B2NZ47HN?tag=eloabder-20&linkCode=osi&th=1&psc=1"><img src="https://m.media-amazon.com/images/I/41nC6c2XxJL._SL500_.jpg" alt="Product Image"></a><p>OTE Portable Sparkling Water Maker Soda Maker Machine for home with 20PCS Cylinders 450ml Personal seltzer Carbonators Electroless Double Layer PET Bottle BPA Free Double Pressure Relief Valves -Pink</p><p>$49.99</p><a href="https://www.amazon.com/dp/B0B2NZ47HN?tag=eloabder-20&linkCode=osi&th=1&psc=1">View Product</a></div><div class="product"><a href="https://www.amazon.com/dp/B09DY54L7M?tag=eloabder-20&linkCode=osi&th=1&psc=1"><img src="https://m.media-amazon.com/images/I/31LSpnm3G8L._SL500_.jpg" alt="Product Image"></a><p>MOSOLAN Bottle Cleaning Brush, 17 Inches Extra Long Handle Water Bottle Brush, Flexible Bendable Cleaner for Washing Narrow Neck Bottles, Wine Decanter, Kombucha, Pipes, Beer Brewing Supplies, 2 Pack</p><p>$11.95 ($5.98 / Count)</p><a href="https://www.amazon.com/dp/B09DY54L7M?tag=eloabder-20&linkCode=osi&th=1&psc=1">View Product</a></div><div class="product"><a href="https://www.amazon.com/dp/B0736CBNDN?tag=eloabder-20&linkCode=osi&th=1&psc=1"><img src="https://m.media-amazon.com/images/I/41tWXmwP5KL._SL500_.jpg" alt="Product Image"></a><p>#2 Filter Pads (10 Pack Bulk) Compatible with Mini Jet Machine | #2 1.8-2.5 micron | 2 Micron Filtering pads. Filter Wine Beer, Kombucha, Mead Mash. Polishing filtration| Not a Buon Vino product.</p><p>$18.99</p><a href="https://www.amazon.com/dp/B0736CBNDN?tag=eloabder-20&linkCode=osi&th=1&psc=1">View Product</a></div>









<div class="product"><a href="https://www.amazon.com/dp/B07YGN577Y?tag=eloabder-20&linkCode=osi&th=1&psc=1"><img src="https://m.media-amazon.com/images/I/31kfZiyDMUL._SL500_.jpg" alt="Product Image"></a><p>9870163 Trash Power Nut WP9870163 L8</p><p>$50.36</p><a href="https://www.amazon.com/dp/B07YGN577Y?tag=eloabder-20&linkCode=osi&th=1&psc=1">View Product</a></div>













<div class="product"><a href="https://www.amazon.com/dp/B00UTFZAII?tag=eloabder-20&linkCode=osi&th=1&psc=1"><img src="https://m.media-amazon.com/images/I/31z7hZ6KbXL._SL500_.jpg" alt="Product Image"></a><p>Miele 10123210 AirClean 3D Efficiency Dust Bag, Type GN, 4 Bags & 2 Filters, White</p><p>$21.86 ($21.86 / Count)</p><a href="https://www.amazon.com/dp/B00UTFZAII?tag=eloabder-20&linkCode=osi&th=1&psc=1">View Product</a></div><div class="product"><a href="https://www.amazon.com/dp/B07WHG6J5S?tag=eloabder-20&linkCode=osi&th=1&psc=1"><img src="https://m.media-amazon.com/images/I/41hnaEOxB9L._SL500_.jpg" alt="Product Image"></a><p>KEEPOW Vacuum Filters for Eureka, Power Speed Vacuum Filters Replacement for Eureka NEU182A, NEU182B, NEU280, NEU180, NEU181, NEU188, NEU202 Bagless Upright Vacuum Cleaner, Part E0202 (4 Pack)</p><p>$9.99 ($2.50 / Count)</p><a href="https://www.amazon.com/dp/B07WHG6J5S?tag=eloabder-20&linkCode=osi&th=1&psc=1">View Product</a></div><div class="product"><a href="https://www.amazon.com/dp/B00UTFZB82?tag=eloabder-20&linkCode=osi&th=1&psc=1"><img src="https://m.media-amazon.com/images/I/41WdlL5T0dL._SL500_.jpg" alt="Product Image"></a><p>Miele AirClean 3D Efficiency Dust Bag, Type FJM, 4 Bags & 2 Filters, White</p><p>$18.99</p><a href="https://www.amazon.com/dp/B00UTFZB82?tag=eloabder-20&linkCode=osi&th=1&psc=1">View Product</a></div><div class="product"><a href="https://www.amazon.com/dp/B09NKP346M?tag=eloabder-20&linkCode=osi&th=1&psc=1"><img src="https://m.media-amazon.com/images/I/41o25nqkODL._SL500_.jpg" alt="Product Image"></a><p>Anewise 6 Pack Filter Replacement for Bissell Powerforce Compact Lightweight Upright 2112 1520 for Bissel Turbo Bagless 2690 Cleanview 3437 3508 Vacuum Cleaner, Compare to Parts #1604896/160-4896</p><p>$12.99</p><a href="https://www.amazon.com/dp/B09NKP346M?tag=eloabder-20&linkCode=osi&th=1&psc=1">View Product</a></div><div class="product"><a href="https://www.amazon.com/dp/B01MQ5NITB?tag=eloabder-20&linkCode=osi&th=1&psc=1"><img src="https://m.media-amazon.com/images/I/41J6lG4H1bL._SL500_.jpg" alt="Product Image"></a><p>Bissell Style 7 3 Pack Vacuum Cleaner Bags, White, 3 Count</p><p>$8.69 ($2.90 / Count)</p><a href="https://www.amazon.com/dp/B01MQ5NITB?tag=eloabder-20&linkCode=osi&th=1&psc=1">View Product</a></div><div class="product"><a href="https://www.amazon.com/dp/B0CDH1JY5D?tag=eloabder-20&linkCode=osi&th=1&psc=1"><img src="https://m.media-amazon.com/images/I/516DPXu4siL._SL500_.jpg" alt="Product Image"></a><p>4 Pack Replacement Filters Compatiable with Wyze Cordless Vacuum Cleaner, Removable and Washable HEPA Filter Accessories Part Set with 1 Cleaning Brush for Wyze Handheld Cordless Vacuum Cleaner</p><p>$15.99 ($4.00 / Count)</p><a href="https://www.amazon.com/dp/B0CDH1JY5D?tag=eloabder-20&linkCode=osi&th=1&psc=1">View Product</a></div><div class="product"><a href="https://www.amazon.com/dp/B07P3WB37F?tag=eloabder-20&linkCode=osi&th=1&psc=1"><img src="https://m.media-amazon.com/images/I/51WaYrkiVXL._SL500_.jpg" alt="Product Image"></a><p>Miele AirClean 3D Efficiency Dust Bag, Type GN, XL Value Pack, 8 Bags and 4 Filters</p><p>$36.99</p><a href="https://www.amazon.com/dp/B07P3WB37F?tag=eloabder-20&linkCode=osi&th=1&psc=1">View Product</a></div><div class="product"><a href="https://www.amazon.com/dp/B09DSY4Z2T?tag=eloabder-20&linkCode=osi&th=1&psc=1"><img src="https://m.media-amazon.com/images/I/51+ref3EeAL._SL500_.jpg" alt="Product Image"></a><p>Filter Replacement for Tineco A10 A11 Hero A10/A11 Master PURE ONE S11 Series, S12, X Cordless Vacuum Cleaner (3 PACK) â€¦</p><p>$12.99 ($4.33 / Count)</p><a href="https://www.amazon.com/dp/B09DSY4Z2T?tag=eloabder-20&linkCode=osi&th=1&psc=1">View Product</a></div>


<div class="product"><a href="https://www.amazon.com/dp/B0BXRR5QFV?tag=eloabder-20&linkCode=osi&th=1&psc=1"><img src="https://m.media-amazon.com/images/I/41sjdBkCp8L._SL500_.jpg" alt="Product Image"></a><p>AC Infinity CLOUDFORGE T7, Plant Humidifier 15L with VPD Humidity Controls, 10-Level Precision Vaporizer, Extendable Hose, Targeting Pipe, and No-Leak Seal for Grow Tents</p><p>$159.00</p><a href="https://www.amazon.com/dp/B0BXRR5QFV?tag=eloabder-20&linkCode=osi&th=1&psc=1">View Product</a></div><div class="product"><a href="https://www.amazon.com/dp/B01N6MV8SA?tag=eloabder-20&linkCode=osi&th=1&psc=1"><img src="https://m.media-amazon.com/images/I/41hX08+W1xL._SL500_.jpg" alt="Product Image"></a><p>Protec Humidifier Tank Cleaner, 1 Count - Colors May Vary</p><p>$5.98</p><a href="https://www.amazon.com/dp/B01N6MV8SA?tag=eloabder-20&linkCode=osi&th=1&psc=1">View Product</a></div><div class="product"><a href="https://www.amazon.com/dp/B07GXBTH82?tag=eloabder-20&linkCode=osi&th=1&psc=1"><img src="https://m.media-amazon.com/images/I/41ibxK12JPL._SL500_.jpg" alt="Product Image"></a><p>Essick Air 1970-2 Humidifier, 2-Quart Bacteriostatic Treatment, 2 Pack, Clear, 2</p><p>$22.99</p><a href="https://www.amazon.com/dp/B07GXBTH82?tag=eloabder-20&linkCode=osi&th=1&psc=1">View Product</a></div><div class="product"><a href="https://www.amazon.com/dp/B08TTT3K9B?tag=eloabder-20&linkCode=osi&th=1&psc=1"><img src="https://m.media-amazon.com/images/I/41U6j9SexmL._SL500_.jpg" alt="Product Image"></a><p>Leemone Humidifier Cleaner 12 Pack, Demineralization Cleaning Ball, Works in All humidifiers and Fish Tanks, Purifies Water, Prevents Hard Water Build-Up, Eliminates White Dust and Odor</p><p>$14.44</p><a href="https://www.amazon.com/dp/B08TTT3K9B?tag=eloabder-20&linkCode=osi&th=1&psc=1">View Product</a></div>
<div class="product"><a href="https://www.amazon.com/dp/B07YD4XCT3?tag=eloabder-20&linkCode=osi&th=1&psc=1"><img src="https://m.media-amazon.com/images/I/41hR81iKyJL._SL500_.jpg" alt="Product Image"></a><p>Vacplus Moisture Absorber Packets, Fragrance Free(10 Pack), Humidity Packs, Hanging Closet Dehumidifier Bags, Desiccant 9.8OZ</p><p>$21.99</p><a href="https://www.amazon.com/dp/B07YD4XCT3?tag=eloabder-20&linkCode=osi&th=1&psc=1">View Product</a></div><div class="product"><a href="https://www.amazon.com/dp/B09LQF5V5K?tag=eloabder-20&linkCode=osi&th=1&psc=1"><img src="https://m.media-amazon.com/images/I/51Cx5ECAotL._SL500_.jpg" alt="Product Image"></a><p>CLEVAST Moisture Absorbers Packets 10 Pack, Dehumidifier Bags for Closet, Unscented Hanging Humidity Absorber in Wardrobes, Bedrooms, Bathrooms(230g/pack)</p><p>$16.98</p><a href="https://www.amazon.com/dp/B09LQF5V5K?tag=eloabder-20&linkCode=osi&th=1&psc=1">View Product</a></div><div class="product"><a href="https://www.amazon.com/dp/B0B8L9QRW8?tag=eloabder-20&linkCode=osi&th=1&psc=1"><img src="https://m.media-amazon.com/images/I/518LgtpPi8L._SL500_.jpg" alt="Product Image"></a><p>Arm & Hammer Essentials Disposable Moisture Absorber and Odor Eliminator Tub, Fragrance Free, 1 lb, 3-Pack, Attracts and Traps Excess Moisture, Ideal Closet Dehumidifier, White</p><p>$24.94 ($0.52 / Ounce)</p><a href="https://www.amazon.com/dp/B0B8L9QRW8?tag=eloabder-20&linkCode=osi&th=1&psc=1">View Product</a></div><div class="product"><a href="https://www.amazon.com/dp/B09W9TPJGZ?tag=eloabder-20&linkCode=osi&th=1&psc=1"><img src="https://m.media-amazon.com/images/I/51pVTVMwHbL._SL500_.jpg" alt="Product Image"></a><p>THECOSKY Dehumidifier and Air Purifier Combo,HEPA H13 Filter and Negative Air Ion Function,54oz(1.6L) Water Tank with Drain Hose,24hrs Auto-Off Timer,Idea for Bedroom,Bathroom,Closet,RV</p><p>$109.99</p><a href="https://www.amazon.com/dp/B09W9TPJGZ?tag=eloabder-20&linkCode=osi&th=1&psc=1">View Product</a></div><div class="product"><a href="https://www.amazon.com/dp/B0CXDG65LZ?tag=eloabder-20&linkCode=osi&th=1&psc=1"><img src="https://m.media-amazon.com/images/I/41HNflmbKHL._SL500_.jpg" alt="Product Image"></a><p>14 x 17.5 x1.75 MERV 13 Replacement Dehumidifier Filter Compatible with Santa Fe Advance90, Advance100, Advance120, Honeywell DR90 & DR120 dehumidifier models, 2 Pack</p><p>$42.99</p><a href="https://www.amazon.com/dp/B0CXDG65LZ?tag=eloabder-20&linkCode=osi&th=1&psc=1">View Product</a></div>
<div class="product"><a href="https://www.amazon.com/dp/B088B921NQ?tag=eloabder-20&linkCode=osi&th=1&psc=1"><img src="https://m.media-amazon.com/images/I/612e4cT3RYL._SL500_.jpg" alt="Product Image"></a><p>ULTTY H13 HEPA Replacement Filter with Medical Coating, True HEPA Filter For R021/ R020 Purifying Fan, Medium</p><p>$29.99</p><a href="https://www.amazon.com/dp/B088B921NQ?tag=eloabder-20&linkCode=osi&th=1&psc=1">View Product</a></div><div class="product"><a href="https://www.amazon.com/dp/B0D2MZ4Y7Z?tag=eloabder-20&linkCode=osi&th=1&psc=1"><img src="https://m.media-amazon.com/images/I/51KgTHizWyL._SL500_.jpg" alt="Product Image"></a><p>Butto 5-Pack Ceiling Fan Filters for Blades - Strong Adhesive Ceiling Fan Filters for Common Household Contaminants - Unscented Coconut Carbon Fan Air Purifier Pads to Make Air Fresh and Natural</p><p>$9.98</p><a href="https://www.amazon.com/dp/B0D2MZ4Y7Z?tag=eloabder-20&linkCode=osi&th=1&psc=1">View Product</a></div><div class="product"><a href="https://www.amazon.com/dp/B0C42HCM21?tag=eloabder-20&linkCode=osi&th=1&psc=1"><img src="https://m.media-amazon.com/images/I/31jk3lpoygL._SL500_.jpg" alt="Product Image"></a><p>Barnakl Ceiling Fan Filters | Activated Coconut Shell Carbon Filter | Easy-Stick Universal Ceiling Fan Air Filters | Unscented Ceiling Fan Blade Filters for Common Household Contaminants, (3-Count)</p><p>$19.99 ($6.66 / Count)</p><a href="https://www.amazon.com/dp/B0C42HCM21?tag=eloabder-20&linkCode=osi&th=1&psc=1">View Product</a></div>
<div class="product"><a href="https://www.amazon.com/dp/B08LZWP29P?tag=eloabder-20&linkCode=osi&th=1&psc=1"><img src="https://m.media-amazon.com/images/I/41NLuzzFW9L._SL500_.jpg" alt="Product Image"></a><p>Chromex Tankless Water Heater Descaling Solution | Highly Effective Descaler Restores Heating Efficiency, Quart, 32 fl oz (1)</p><p>$26.99</p><a href="https://www.amazon.com/dp/B08LZWP29P?tag=eloabder-20&linkCode=osi&th=1&psc=1">View Product</a></div>

<div class="product"><a href="https://www.amazon.com/dp/B005UO4OWQ?tag=eloabder-20&linkCode=osi&th=1&psc=1"><img src="https://m.media-amazon.com/images/I/41oQPKFofoL._SL500_.jpg" alt="Product Image"></a><p>Bissell 203-7458 Brushroll, Bg10/86T3, Black</p><p>$21.26 ($21.26 / Count)</p><a href="https://www.amazon.com/dp/B005UO4OWQ?tag=eloabder-20&linkCode=osi&th=1&psc=1">View Product</a></div>





















<div class="product"><a href="https://www.amazon.com/dp/B0014J7FUY?tag=eloabder-20&linkCode=osi&th=1&psc=1"><img src="https://m.media-amazon.com/images/I/31QrM+IPxOL._SL500_.jpg" alt="Product Image"></a><p>Urnex Grindz Professional Coffee Grinder Cleaning Tablets - 430 Grams - All Natural Food Safe Gluten Free - Cleans Burr and Casing - Help Extend Life of Your Grinder</p><p>$25.99 ($1.71 / Ounce)</p><a href="https://www.amazon.com/dp/B0014J7FUY?tag=eloabder-20&linkCode=osi&th=1&psc=1">View Product</a></div>



<div class="product"><a href="https://www.amazon.com/dp/B0CHW317SG?tag=eloabder-20&linkCode=osi&th=1&psc=1"><img src="https://m.media-amazon.com/images/I/41Qd5Iu3qBL._SL500_.jpg" alt="Product Image"></a><p>EUHOMY 55 Can Beverage Refrigerator cooler-Mini Fridge Glass Door for Beer Drinks Wines, Freestanding Beverage Fridge with Adjustable Shelves Blue LED for Home/Office/Dorm/Bar (1.3cu.ft)</p><p>$128.99</p><a href="https://www.amazon.com/dp/B0CHW317SG?tag=eloabder-20&linkCode=osi&th=1&psc=1">View Product</a></div>

<div class="product"><a href="https://www.amazon.com/dp/B099CN2MRK?tag=eloabder-20&linkCode=osi&th=1&psc=1"><img src="https://m.media-amazon.com/images/I/31CvUCIUX5L._SL500_.jpg" alt="Product Image"></a><p>Genuine PuroAir 240 Replacement Filter - Replacement HEPA Filter for PuroAir 240 Purifier - Captures up to 99% of Pollen, Smoke, Pollen, Dust and Common Household Pollutants</p><p>$48.00</p><a href="https://www.amazon.com/dp/B099CN2MRK?tag=eloabder-20&linkCode=osi&th=1&psc=1">View Product</a></div><div class="product"><a href="https://www.amazon.com/dp/B0055521W0?tag=eloabder-20&linkCode=osi&th=1&psc=1"><img src="https://m.media-amazon.com/images/I/41Hs7ixdyXL._SL500_.jpg" alt="Product Image"></a><p>GermGuardian Filter B HEPA Pure Genuine Air Purifier Replacement Filter, Removes 99.97% of Pollutants for AC4825, AC4300, AC4900, AC4825DLX, AC4850, CDAP4500, AP2200, Black/Yellow, FLT4825</p><p>$17.90 ($17.90 / Count)</p><a href="https://www.amazon.com/dp/B0055521W0?tag=eloabder-20&linkCode=osi&th=1&psc=1">View Product</a></div><div class="product"><a href="https://www.amazon.com/dp/B0BNMYKZPV?tag=eloabder-20&linkCode=osi&th=1&psc=1"><img src="https://m.media-amazon.com/images/I/41-K3mB6KkL._SL500_.jpg" alt="Product Image"></a><p>2 Pack True HEPA KILO Filter Compatible with Afloia KILO, KILOPLUS, KILOPRO, MIRO,MIRO PRO and MORENTO MR-Kilo, Kalo Air Purifier, 360Â° 3-Stage Filtration</p><p>$34.99 ($17.50 / Count)</p><a href="https://www.amazon.com/dp/B0BNMYKZPV?tag=eloabder-20&linkCode=osi&th=1&psc=1">View Product</a></div><div class="product"><a href="https://www.amazon.com/dp/B0D3M4Y9W7?tag=eloabder-20&linkCode=osi&th=1&psc=1"><img src="https://m.media-amazon.com/images/I/41tzW+mkZuL._SL500_.jpg" alt="Product Image"></a><p>Breshair 14 True HEPA Filter Replacement Compatible with PuroAir 240 Air Purifier, 3-in-1 Filtration System with Activated Carbon Filter, 2-Pack</p><p>$31.56 ($15.78 / Count)</p><a href="https://www.amazon.com/dp/B0D3M4Y9W7?tag=eloabder-20&linkCode=osi&th=1&psc=1">View Product</a></div><div class="product"><a href="https://www.amazon.com/dp/B0CB18MVX6?tag=eloabder-20&linkCode=osi&th=1&psc=1"><img src="https://m.media-amazon.com/images/I/519ZmmLOrzL._SL500_.jpg" alt="Product Image"></a><p>2 Pack 3-in-1 H13 True HEPA Replacement Filter Compatible with Pure Enrichment PureZone Air Purifier Part# PEAIRPLG</p><p>$23.99 ($12.00 / Count)</p><a href="https://www.amazon.com/dp/B0CB18MVX6?tag=eloabder-20&linkCode=osi&th=1&psc=1">View Product</a></div><div class="product"><a href="https://www.amazon.com/dp/B08JTZMRML?tag=eloabder-20&linkCode=osi&th=1&psc=1"><img src="https://m.media-amazon.com/images/I/51yx60sCjHL._SL500_.jpg" alt="Product Image"></a><p>6 Pack HPA300 HEPA Filter Replacement for Honeywell HPA300 Series Air Purifiers HPA300, HPA300VP, HPA304, HPA3300, Replace HRF-R3 (6 Ture HEPA R Replacement Filter + 8 Activated Carbon Pre-Filter)</p><p>$47.99 ($3.43 / Count)</p><a href="https://www.amazon.com/dp/B08JTZMRML?tag=eloabder-20&linkCode=osi&th=1&psc=1">View Product</a></div><div class="product"><a href="https://www.amazon.com/dp/B0CF1GLSYS?tag=eloabder-20&linkCode=osi&th=1&psc=1"><img src="https://m.media-amazon.com/images/I/41709EXRzXL._SL500_.jpg" alt="Product Image"></a><p>CHIVALZ 4 Pack HY4866 True HEPA Replacement Filters Compatible with MORENTO HY4866 Air Purifier, WESTHEY HY4866 Air Purifier and YIOU M1 Air Cleaner Purifier, Original Version</p><p>$39.99 ($10.00 / Count)</p><a href="https://www.amazon.com/dp/B0CF1GLSYS?tag=eloabder-20&linkCode=osi&th=1&psc=1">View Product</a></div>







<div class="product"><a href="https://www.amazon.com/dp/B0CYKMFKR9?tag=eloabder-20&linkCode=osi&th=1&psc=1"><img src="https://m.media-amazon.com/images/I/316zU-ozoxL._SL500_.jpg" alt="Product Image"></a><p>Air Purifier Replacement Filter for Space Heater Bladeless Fan</p><p>$29.99</p><a href="https://www.amazon.com/dp/B0CYKMFKR9?tag=eloabder-20&linkCode=osi&th=1&psc=1">View Product</a></div>
<div class="product"><a href="https://www.amazon.com/dp/B07MRH6VY7?tag=eloabder-20&linkCode=osi&th=1&psc=1"><img src="https://m.media-amazon.com/images/I/51g-nuN4A5L._SL500_.jpg" alt="Product Image"></a><p>Colorfullife Replacement Air Purifier Filter for Dyson Tower Purifier Pure Cool Link TP01, TP02, TP03, BP01, Compare to Part 968126-03ï¼Œ2 Pack</p><p>$26.99</p><a href="https://www.amazon.com/dp/B07MRH6VY7?tag=eloabder-20&linkCode=osi&th=1&psc=1">View Product</a></div><div class="product"><a href="https://www.amazon.com/dp/B07TX5SW7J?tag=eloabder-20&linkCode=osi&th=1&psc=1"><img src="https://m.media-amazon.com/images/I/512Kn+cPglL._SL500_.jpg" alt="Product Image"></a><p>TP01 HEPA Filter Replacement Compatible with Dyson Tower Purifier Pure Cool Link TP01, TP02, TP03, AM11, BP01 Models, Compare to Part # 968126-03 (Pack of 2)</p><p>$27.95 ($13.98 / Count)</p><a href="https://www.amazon.com/dp/B07TX5SW7J?tag=eloabder-20&linkCode=osi&th=1&psc=1">View Product</a></div><div class="product"><a href="https://www.amazon.com/dp/B0CC24GZGB?tag=eloabder-20&linkCode=osi&th=1&psc=1"><img src="https://m.media-amazon.com/images/I/41woNpZ9VgL._SL500_.jpg" alt="Product Image"></a><p>TP01 TP02 Filter Compatible with Dyson Pure Cool Link Purifying Tower Fan TP00 TP03 AM11 and Cool Me BP01 Personal Series, 360Â° Air Purifier Filter Replacement 968126-03, 1-Pack</p><p>$25.99</p><a href="https://www.amazon.com/dp/B0CC24GZGB?tag=eloabder-20&linkCode=osi&th=1&psc=1">View Product</a></div><div class="product"><a href="https://www.amazon.com/dp/B0CX23N2JJ?tag=eloabder-20&linkCode=osi&th=1&psc=1"><img src="https://m.media-amazon.com/images/I/3145hmd5j7L._SL500_.jpg" alt="Product Image"></a><p>Dreo Air Purifiers Replacement Filter, HEPA Filter for Dreo Purifier Tower Fan MC710S, with 2 Stage Filtration, Black, Standard(DR-HPA019)</p><p>$39.99</p><a href="https://www.amazon.com/dp/B0CX23N2JJ?tag=eloabder-20&linkCode=osi&th=1&psc=1">View Product</a></div>










<div class="product"><a href="https://www.amazon.com/dp/B001U0OJ7O?tag=eloabder-20&linkCode=osi&th=1&psc=1"><img src="https://m.media-amazon.com/images/I/41XEg3QV-wL._SL500_.jpg" alt="Product Image"></a><p>Whirlpool W10165294RB 15-Inch Plastic Trash Compactor ct, 60 Bags, Count</p><p>$48.34</p><a href="https://www.amazon.com/dp/B001U0OJ7O?tag=eloabder-20&linkCode=osi&th=1&psc=1">View Product</a></div><div class="product"><a href="https://www.amazon.com/dp/B0CC3V4ZZ4?tag=eloabder-20&linkCode=osi&th=1&psc=1"><img src="https://m.media-amazon.com/images/I/31bbvodHnjL._SL500_.jpg" alt="Product Image"></a><p>Waste Smasher- Hand-Held Manual Trash Compactor Dishwasher Safe Black</p><p>$24.95</p><a href="https://www.amazon.com/dp/B0CC3V4ZZ4?tag=eloabder-20&linkCode=osi&th=1&psc=1">View Product</a></div><div class="product"><a href="https://www.amazon.com/dp/B00IYO5914?tag=eloabder-20&linkCode=osi&th=1&psc=1"><img src="https://m.media-amazon.com/images/I/51SLpTXIYNL._SL500_.jpg" alt="Product Image"></a><p>Kitchen Master Super Strong Compactor Bags Pre Cuffed (12 Pack)</p><p>$34.95</p><a href="https://www.amazon.com/dp/B00IYO5914?tag=eloabder-20&linkCode=osi&th=1&psc=1">View Product</a></div><div class="product"><a href="https://www.amazon.com/dp/B075DJ4ZVQ?tag=eloabder-20&linkCode=osi&th=1&psc=1"><img src="https://m.media-amazon.com/images/I/51Vaek4I89L._SL500_.jpg" alt="Product Image"></a><p>Dano Pre-Cuffed Compactor Bags</p><p>$32.95 ($2.75 / Count)</p><a href="https://www.amazon.com/dp/B075DJ4ZVQ?tag=eloabder-20&linkCode=osi&th=1&psc=1">View Product</a></div><div class="product"><a href="https://www.amazon.com/dp/B0C2DCVCBJ?tag=eloabder-20&linkCode=osi&th=1&psc=1"><img src="https://m.media-amazon.com/images/I/51072CtaKuL._SL500_.jpg" alt="Product Image"></a><p>60-pack W10165294RB Trash Compactor Bags - leak-proof trash compactor bags for kitchen 60-ct 15 inches - Fits 15-inch Rectangular Drawer Compactors</p><p>$45.99 ($0.77 / Count)</p><a href="https://www.amazon.com/dp/B0C2DCVCBJ?tag=eloabder-20&linkCode=osi&th=1&psc=1">View Product</a></div><div class="product"><a href="https://www.amazon.com/dp/B001U0OJ7E?tag=eloabder-20&linkCode=osi&th=1&psc=1"><img src="https://m.media-amazon.com/images/I/41c0z26RyvL._SL500_.jpg" alt="Product Image"></a><p>Whirlpool W10165293RB Genuine OEM 60 Pack-Plastic Compactor Bags-18" Models â€“ 1394369, 4178058, 4318932, 4318933, 4318935, 4318937, 4318939, AH1964576, EA1964576, PS1964576</p><p>$48.64 ($0.81 / Count)</p><a href="https://www.amazon.com/dp/B001U0OJ7E?tag=eloabder-20&linkCode=osi&th=1&psc=1">View Product</a></div><div class="product"><a href="https://www.amazon.com/dp/B00W27J16S?tag=eloabder-20&linkCode=osi&th=1&psc=1"><img src="https://m.media-amazon.com/images/I/41RaOjAGlrL._SL500_.jpg" alt="Product Image"></a><p>Compactor Bags Pre Cuffed (50 Pack)</p><p>$84.95 ($1.70 / count)</p><a href="https://www.amazon.com/dp/B00W27J16S?tag=eloabder-20&linkCode=osi&th=1&psc=1">View Product</a></div><div class="product"><a href="https://www.amazon.com/dp/B00MOCYY2W?tag=eloabder-20&linkCode=osi&th=1&psc=1"><img src="https://m.media-amazon.com/images/I/41SH8mDsAnL._SL500_.jpg" alt="Product Image"></a><p>GE WX60X1 Genuine OEM Universal Trash Compactor Bags for GE Trash Compactors</p><p>$19.00</p><a href="https://www.amazon.com/dp/B00MOCYY2W?tag=eloabder-20&linkCode=osi&th=1&psc=1">View Product</a></div><div class="product"><a href="https://www.amazon.com/dp/B0D7SFSTNG?tag=eloabder-20&linkCode=osi&th=1&psc=1"><img src="https://m.media-amazon.com/images/I/41szt9tZJPL._SL500_.jpg" alt="Product Image"></a><p>4PCS Trash Compactor Charcoal Air Filter Fit for Whirlpool/KitchenAid/Maytag/Jenn-Air/Amana/Inglis/Magic Chef Trash Compactor, Replaces 4151750 554358 WP4151750 AP6009134 PS11742279</p><p>$23.59 ($5.90 / Count)</p><a href="https://www.amazon.com/dp/B0D7SFSTNG?tag=eloabder-20&linkCode=osi&th=1&psc=1">View Product</a></div>
<div class="product"><a href="https://www.amazon.com/dp/B0CGLX5ZB9?tag=eloabder-20&linkCode=osi&th=1&psc=1"><img src="https://m.media-amazon.com/images/I/51qeRZQS98L._SL500_.jpg" alt="Product Image"></a><p>Spare Replacement Parts Compatible with MAMNV BR150 BR151, ZCWA BR150 BR151, MANVINS G20 Robot Vacuum and Mop Combo Accessories Include: 3 Hepa Filters 3 Mop Pads 6 Side Spin Brushes</p><p>$9.98</p><a href="https://www.amazon.com/dp/B0CGLX5ZB9?tag=eloabder-20&linkCode=osi&th=1&psc=1">View Product</a></div><div class="product"><a href="https://www.amazon.com/dp/B0B28DGZBG?tag=eloabder-20&linkCode=osi&th=1&psc=1"><img src="https://m.media-amazon.com/images/I/51ooMN4RqML._SL500_.jpg" alt="Product Image"></a><p>Replacement Parts for Shark AI AV2511AE AV2501S AV2610WA AV2501AE RV2502AE RV2610WA RV2520 AV2510 2-In-1 AI Ultra Robot Vacuum Cleaner Accessories Kits. Main Brush, HEPA Filter, Foam Filter,Side Brush</p><p>$19.99 ($1.05 / Count)</p><a href="https://www.amazon.com/dp/B0B28DGZBG?tag=eloabder-20&linkCode=osi&th=1&psc=1">View Product</a></div><div class="product"><a href="https://www.amazon.com/dp/B0782T7L6P?tag=eloabder-20&linkCode=osi&th=1&psc=1"><img src="https://m.media-amazon.com/images/I/41hTVkuzMJL._SL500_.jpg" alt="Product Image"></a><p>10pcs HEPA Filters Replacement for ILIFE V3s V3s pro V5 V5s V5s Pro V5s Pro 2 V5s Plus Noisz S5 Robotic Vacuum Cleaner ILIFE V3s pro Filters ILIFE Robot Vacuum Filter</p><p>$9.80 ($0.98 / Count)</p><a href="https://www.amazon.com/dp/B0782T7L6P?tag=eloabder-20&linkCode=osi&th=1&psc=1">View Product</a></div><div class="product"><a href="https://www.amazon.com/dp/B0CXLVHTTC?tag=eloabder-20&linkCode=osi&th=1&psc=1"><img src="https://m.media-amazon.com/images/I/51BT3phYzKL._SL500_.jpg" alt="Product Image"></a><p>HUIZHEN Spare Accessories for MAMNV BR150/BR151, for ZCWA BR150/BR151, for MANVINS G20,for GTTVO BR150/BR151,for ONSON BR150/BR151 Robot Vacuum Replacement Parts,6 Side Brush,4 HEPA Filters,4 Mop Pads</p><p>$9.99</p><a href="https://www.amazon.com/dp/B0CXLVHTTC?tag=eloabder-20&linkCode=osi&th=1&psc=1">View Product</a></div><div class="product"><a href="https://www.amazon.com/dp/B08RYDDQL8?tag=eloabder-20&linkCode=osi&th=1&psc=1"><img src="https://m.media-amazon.com/images/I/314Xd7+oBXL._SL500_.jpg" alt="Product Image"></a><p>AirClean 4 Pack 3.7" High Replacement Base Pre-Motor Foam Filters Compatible with Shark IQ Robot Vacuum R101AE RV1001AE UR1005AE Self-Empty Base</p><p>$12.99 ($3.25 / Count)</p><a href="https://www.amazon.com/dp/B08RYDDQL8?tag=eloabder-20&linkCode=osi&th=1&psc=1">View Product</a></div><div class="product"><a href="https://www.amazon.com/dp/B0CJLHJ557?tag=eloabder-20&linkCode=osi&th=1&psc=1"><img src="https://m.media-amazon.com/images/I/41iQm8hUjiL._SL500_.jpg" alt="Product Image"></a><p>Replacement Parts Compatible with WYZE Robot Vacuum Cleaner WVCR200S Accessories, 2 Main Brushes, 6 Hepa Filters, 8 Side Brushes Attachment Spare Pack</p><p>$14.99 ($0.94 / Count)</p><a href="https://www.amazon.com/dp/B0CJLHJ557?tag=eloabder-20&linkCode=osi&th=1&psc=1">View Product</a></div>
<div class="product"><a href="https://www.amazon.com/dp/B0C4595Q8P?tag=eloabder-20&linkCode=osi&th=1&psc=1"><img src="https://m.media-amazon.com/images/I/51k23SAtRxL._SL500_.jpg" alt="Product Image"></a><p>4 Pack FSV001 HEPA Filter Compatiable with Fabuletta FSV101, FSV001, Girnoor G160&G165, Afoddon A300, Lubluelu 202, Oraimo Cordless Vacuum Cleaner, Besswin W26 Cordless Stick Vacuum Cleaners</p><p>$15.99 ($4.00 / Count)</p><a href="https://www.amazon.com/dp/B0C4595Q8P?tag=eloabder-20&linkCode=osi&th=1&psc=1">View Product</a></div>
<div class="product"><a href="https://www.amazon.com/dp/B0BNKJX96X?tag=eloabder-20&linkCode=osi&th=1&psc=1"><img src="https://m.media-amazon.com/images/I/41OPeLFppoL._SL500_.jpg" alt="Product Image"></a><p>6 PACK 2033 Replacement Filter Compatible with Bissell Featherweight Stick Lightweight Bagless Vacuum Cleaner 20331, 20333, 20334, 20336, 20339, 2033M,6 Mesh Filter 6 Foam Filters, Replace # 1611508</p><p>$14.99 ($2.50 / Count)</p><a href="https://www.amazon.com/dp/B0BNKJX96X?tag=eloabder-20&linkCode=osi&th=1&psc=1">View Product</a></div><div class="product"><a href="https://www.amazon.com/dp/B0CMBWLTSM?tag=eloabder-20&linkCode=osi&th=1&psc=1"><img src="https://m.media-amazon.com/images/I/41PHqKaLTDL._SL500_.jpg" alt="Product Image"></a><p>18V ONE + Cordless Pet Stick Vacuum Filter for Ryobi, PCL720, PBLSV716, PBLSV717 Stick Vacuum, Reusable Washable Filters, Compare to Part A32SV720N, 6 Pack</p><p>$15.99 ($2.66 / Count)</p><a href="https://www.amazon.com/dp/B0CMBWLTSM?tag=eloabder-20&linkCode=osi&th=1&psc=1">View Product</a></div><div class="product"><a href="https://www.amazon.com/dp/B0CXDYWWT9?tag=eloabder-20&linkCode=osi&th=1&psc=1"><img src="https://m.media-amazon.com/images/I/41F1csTT8jL._SL500_.jpg" alt="Product Image"></a><p>2 Replacement Filters for Craftsman V20 Cordless Stick Vacuum CMCVS001D1, for Black Decker BSVF1 BSV2020 BSV2020G BSV2020P Cordless Stick Vacuum Cleaner with 1 Cleaning Brush</p><p>$14.99</p><a href="https://www.amazon.com/dp/B0CXDYWWT9?tag=eloabder-20&linkCode=osi&th=1&psc=1">View Product</a></div><div class="product"><a href="https://www.amazon.com/dp/B0CCJ5N5DH?tag=eloabder-20&linkCode=osi&th=1&psc=1"><img src="https://m.media-amazon.com/images/I/41xmhDPqk8L._SL500_.jpg" alt="Product Image"></a><p>Aolleteau 1 Pack Brush Roller Compatible with Black + Decker BSV2020, BSV2020P, BSV2020G Powerseries Extreme Cordless Stick Vacuum and Compatible with Craftsman V20 Cordless Stick Vacuum CMCVS001D1</p><p>$17.99</p><a href="https://www.amazon.com/dp/B0CCJ5N5DH?tag=eloabder-20&linkCode=osi&th=1&psc=1">View Product</a></div><div class="product"><a href="https://www.amazon.com/dp/B0CQY61LFD?tag=eloabder-20&linkCode=osi&th=1&psc=1"><img src="https://m.media-amazon.com/images/I/31swBBC444L._SL500_.jpg" alt="Product Image"></a><p>Tablenco for Shark HZ602 Filter Replacement Ultralight Pet Pro Corded Stick Vacuum and HZ2002 Vertex DuoClean PowerFins fit HZ2000 HZ251 HZ250 HH200 HH202,4 Foam Felt 4 Motor Kit (No cleaning brush)</p><p>$9.98</p><a href="https://www.amazon.com/dp/B0CQY61LFD?tag=eloabder-20&linkCode=osi&th=1&psc=1">View Product</a></div><div class="product"><a href="https://www.amazon.com/dp/B09Q55KW8W?tag=eloabder-20&linkCode=osi&th=1&psc=1"><img src="https://m.media-amazon.com/images/I/51MKsJy6nSL._SL500_.jpg" alt="Product Image"></a><p>Anicell 2033 Featherweight Filter for Bissell Featherweight Stick Lightweight Bagless Vacuum 20331 20333 20334 20336 20339 2033M, 4 Mesh Filters 6 Foam Filters Replacement, Replace part# 1611508</p><p>$11.99</p><a href="https://www.amazon.com/dp/B09Q55KW8W?tag=eloabder-20&linkCode=osi&th=1&psc=1">View Product</a></div><div class="product"><a href="https://www.amazon.com/dp/B0CDVG7LHD?tag=eloabder-20&linkCode=osi&th=1&psc=1"><img src="https://m.media-amazon.com/images/I/41hjN1Te6sL._SL500_.jpg" alt="Product Image"></a><p>Moreffi 3 Pack Filter Replacement For HART Cordless Stick Vacuum HPSV01 and HPSV50, Compare to Part Number HASV01</p><p>$19.99 ($6.66 / Count)</p><a href="https://www.amazon.com/dp/B0CDVG7LHD?tag=eloabder-20&linkCode=osi&th=1&psc=1">View Product</a></div>
<div class="product"><a href="https://www.amazon.com/dp/B07DQ9TZC8?tag=eloabder-20&linkCode=osi&th=1&psc=1"><img src="https://m.media-amazon.com/images/I/41PHyZ20FuL._SL500_.jpg" alt="Product Image"></a><p>Kenmore 53294 Style O HEPA Cloth Vacuum Bags for Kenmore Upright Vacuum Cleaners 6 Pack,White</p><p>$20.99 ($3.50 / Count)</p><a href="https://www.amazon.com/dp/B07DQ9TZC8?tag=eloabder-20&linkCode=osi&th=1&psc=1">View Product</a></div><div class="product"><a href="https://www.amazon.com/dp/B08MXVTTT2?tag=eloabder-20&linkCode=osi&th=1&psc=1"><img src="https://m.media-amazon.com/images/I/41T6wRpIMzL._SL500_.jpg" alt="Product Image"></a><p>Kenmore IB600 HEPA Replacement Intuition Upright Vacuum Cleaner Bags for BU4022, BU4020, BU4018, BU4050, BU3040,White</p><p>$18.75</p><a href="https://www.amazon.com/dp/B08MXVTTT2?tag=eloabder-20&linkCode=osi&th=1&psc=1">View Product</a></div><div class="product"><a href="https://www.amazon.com/dp/B01010JVYO?tag=eloabder-20&linkCode=osi&th=1&psc=1"><img src="https://m.media-amazon.com/images/I/51Anluh47GL._SL500_.jpg" alt="Product Image"></a><p>EnviroCare Replacement Micro Filtration Vacuum Cleaner Dust Bags Designed to fit Hoover Windtunnel Upright Type Y 9 pack</p><p>$9.89 ($1.10 / Count)</p><a href="https://www.amazon.com/dp/B01010JVYO?tag=eloabder-20&linkCode=osi&th=1&psc=1">View Product</a></div><div class="product"><a href="https://www.amazon.com/dp/B0D5CP3WBY?tag=eloabder-20&linkCode=osi&th=1&psc=1"><img src="https://m.media-amazon.com/images/I/31MaGmsVOwL._SL500_.jpg" alt="Product Image"></a><p>Bagless Upright Kenmore Vacuum HEPA Filters, Compatible with Foam Filters, Felt Filters and Upright vacuum cleaner for Models K4010,DU2015,DU2012(includes 1 Hepa Filters,2 Foam and 2 Felt Filters)</p><p>$12.99</p><a href="https://www.amazon.com/dp/B0D5CP3WBY?tag=eloabder-20&linkCode=osi&th=1&psc=1">View Product</a></div><div class="product"><a href="https://www.amazon.com/dp/B0CBFV28WX?tag=eloabder-20&linkCode=osi&th=1&psc=1"><img src="https://m.media-amazon.com/images/I/51LIYI0wXSL._SL500_.jpg" alt="Product Image"></a><p>16 Packs Vacuum Bags for Oreck Type CC, Compatible with All Oreck XL Upright Vacuum Cleaner - Replaces Part # CCPK8DW</p><p>$21.99 ($1.37 / Count)</p><a href="https://www.amazon.com/dp/B0CBFV28WX?tag=eloabder-20&linkCode=osi&th=1&psc=1">View Product</a></div><div class="product"><a href="https://www.amazon.com/dp/B00F9GQMHA?tag=eloabder-20&linkCode=osi&th=1&psc=1"><img src="https://m.media-amazon.com/images/I/51lhelurelL._SL500_.jpg" alt="Product Image"></a><p>EnviroCare Replacement Premium Vacuum Cleaner Dust Bags made to fit Eureka F&G Uprights 9 bags</p><p>$11.09</p><a href="https://www.amazon.com/dp/B00F9GQMHA?tag=eloabder-20&linkCode=osi&th=1&psc=1">View Product</a></div><div class="product"><a href="https://www.amazon.com/dp/B002CI8G1I?tag=eloabder-20&linkCode=osi&th=1&psc=1"><img src="https://m.media-amazon.com/images/I/51PYQrQpbSL._SL500_.jpg" alt="Product Image"></a><p>EnviroCare Replacement Micro Filtration Vacuum Cleaner Dust Bags made to fit Kenmore Upright Type U/L/O 50688 and 50690, Panasonic Type U-2, Miele Type Z. 9 pack</p><p>$9.99</p><a href="https://www.amazon.com/dp/B002CI8G1I?tag=eloabder-20&linkCode=osi&th=1&psc=1">View Product</a></div>
<div class="product"><a href="https://www.amazon.com/dp/B07GNQJ67P?tag=eloabder-20&linkCode=osi&th=1&psc=1"><img src="https://m.media-amazon.com/images/I/41XHnKbgjAL._SL500_.jpg" alt="Product Image"></a><p>Kenmore 53292 Type Q HEPA Replacement Dust Bags for Canister Vacuum 81214, 81414, 81714, 21814, BC2005, BC3005, 81615, BC7005, 6 Count (Pack of 1)</p><p>$13.24 ($2.21 / Count)</p><a href="https://www.amazon.com/dp/B07GNQJ67P?tag=eloabder-20&linkCode=osi&th=1&psc=1">View Product</a></div><div class="product"><a href="https://www.amazon.com/dp/B01L0C0FVK?tag=eloabder-20&linkCode=osi&th=1&psc=1"><img src="https://m.media-amazon.com/images/I/51ZIjbo9NVL._SL500_.jpg" alt="Product Image"></a><p>Envirocare Replacement Vacuum Bags Compatible with Kenmore Canister Type C/Q. 5055, 50557 and 50558 Panasonic Type C-5 Vacuums,15 pack</p><p>$16.16</p><a href="https://www.amazon.com/dp/B01L0C0FVK?tag=eloabder-20&linkCode=osi&th=1&psc=1">View Product</a></div><div class="product"><a href="https://www.amazon.com/dp/B0BTRTP2PM?tag=eloabder-20&linkCode=osi&th=1&psc=1"><img src="https://m.media-amazon.com/images/I/41K295aRv9L._SL500_.jpg" alt="Product Image"></a><p>Vacuum Cleaner Bags Fit for Kenmore Canister Type C/Q 50555 50557 50558 and Type C-5, 10PCs</p><p>$15.99</p><a href="https://www.amazon.com/dp/B0BTRTP2PM?tag=eloabder-20&linkCode=osi&th=1&psc=1">View Product</a></div><div class="product"><a href="https://www.amazon.com/dp/B0CRQYGLZX?tag=eloabder-20&linkCode=osi&th=1&psc=1"><img src="https://m.media-amazon.com/images/I/413iXp+j3ML._SL500_.jpg" alt="Product Image"></a><p>15 Pack Canister Vacuum Cleaner Bags Compatible with Kenmore Canister Type C/Q 5055, 50555, 50557, 50558 and Type C-5, C-18, 53292, 200 Series, 400 Series, 600 Series, 700 Series, 800 Series Vacuum</p><p>$11.69</p><a href="https://www.amazon.com/dp/B0CRQYGLZX?tag=eloabder-20&linkCode=osi&th=1&psc=1">View Product</a></div><div class="product"><a href="https://www.amazon.com/dp/B00QGD3SBI?tag=eloabder-20&linkCode=osi&th=1&psc=1"><img src="https://m.media-amazon.com/images/I/51xw0asyqTL._SL500_.jpg" alt="Product Image"></a><p>EnviroCare Replacement Vacuum Bags made to fit Kenmore Canister Type C or Q 50555, 50558, 50557 and Panasonic Type C-5 Vacuums, 9 pack</p><p>$9.79</p><a href="https://www.amazon.com/dp/B00QGD3SBI?tag=eloabder-20&linkCode=osi&th=1&psc=1">View Product</a></div><div class="product"><a href="https://www.amazon.com/dp/B0CQP9NP5N?tag=eloabder-20&linkCode=osi&th=1&psc=1"><img src="https://m.media-amazon.com/images/I/41WnNkTz8zL._SL500_.jpg" alt="Product Image"></a><p>8 Pack Replacement Vacuum Bags Compatible with Kenmore Canister Type C/Q. 5055, 50104, 50557 and 50558 Panasonic Type C-5 Vacuums</p><p>$9.99 ($1.25 / Count)</p><a href="https://www.amazon.com/dp/B0CQP9NP5N?tag=eloabder-20&linkCode=osi&th=1&psc=1">View Product</a></div>
<div class="product"><a href="https://www.amazon.com/dp/B09M3Y2BHR?tag=eloabder-20&linkCode=osi&th=1&psc=1"><img src="https://m.media-amazon.com/images/I/31tevngai1L._SL500_.jpg" alt="Product Image"></a><p>Ymimi Vacuum Filter Compatible with Eureka WhirlWind Bagless Canister Vacuum Cleaner,Fits NEN110A,NEN110B,NEN110Dï¼ˆ2-Packï¼‰</p><p>$11.99 ($6.00 / Count)</p><a href="https://www.amazon.com/dp/B09M3Y2BHR?tag=eloabder-20&linkCode=osi&th=1&psc=1">View Product</a></div><div class="product"><a href="https://www.amazon.com/dp/B07J1WWBHN?tag=eloabder-20&linkCode=osi&th=1&psc=1"><img src="https://m.media-amazon.com/images/I/51gmkDrnR2L._SL500_.jpg" alt="Product Image"></a><p>Bissell Powerforce Helix Bagless Washable Premotor Filter #1608225, Black</p><p>$7.78</p><a href="https://www.amazon.com/dp/B07J1WWBHN?tag=eloabder-20&linkCode=osi&th=1&psc=1">View Product</a></div><div class="product"><a href="https://www.amazon.com/dp/B0BK64TMMK?tag=eloabder-20&linkCode=osi&th=1&psc=1"><img src="https://m.media-amazon.com/images/I/41OBMvET7eL._SL500_.jpg" alt="Product Image"></a><p>Vacuum Belt Replacement for Bissell Cleanview Swivel Pet Upright Bagless/Powerlifter Vacuum Cleaner, fits model: 2252, 2254, 22543, 2258,2259, 2260,2316, 2739, 1793, Parts # 3031120, 32074</p><p>$6.99</p><a href="https://www.amazon.com/dp/B0BK64TMMK?tag=eloabder-20&linkCode=osi&th=1&psc=1">View Product</a></div><div class="product"><a href="https://www.amazon.com/dp/B0BKKL3WRB?tag=eloabder-20&linkCode=osi&th=1&psc=1"><img src="https://m.media-amazon.com/images/I/410jMe-FjIL._SL500_.jpg" alt="Product Image"></a><p>Aolleteau F1 HEPA Filter Compatible with Dirt Devil Bagless Upright Cleaner Models Extra Lite, Breeze, Featherlite Bagless, Jaguar Bagless,Platinum Force Vision, Scorpion and Vision Bagless (2 Pack)</p><p>$13.99 ($7.00 / Count)</p><a href="https://www.amazon.com/dp/B0BKKL3WRB?tag=eloabder-20&linkCode=osi&th=1&psc=1">View Product</a></div><div class="product"><a href="https://www.amazon.com/dp/B09SG1P4WN?tag=eloabder-20&linkCode=osi&th=1&psc=1"><img src="https://m.media-amazon.com/images/I/51+Mr+Wq5ML._SL500_.jpg" alt="Product Image"></a><p>NEN110A Vacuum Filter, Inlet Frame and Sponge Filter Compatible with Eureka Whirlwind Bagless Canister Vacuum Cleaner, Fits NEN110A, NEN110B, NEN110D(4-Pack)</p><p>$15.99 ($4.00 / Count)</p><a href="https://www.amazon.com/dp/B09SG1P4WN?tag=eloabder-20&linkCode=osi&th=1&psc=1">View Product</a></div>
<div class="product"><a href="https://www.amazon.com/dp/B07GT9VB9X?tag=eloabder-20&linkCode=osi&th=1&psc=1"><img src="https://m.media-amazon.com/images/I/41IokheYtNL._SL500_.jpg" alt="Product Image"></a><p>6 Pack 1940 Bissell Steam Mop Pads for Bissell PowerFresh Steam Mop 1806 1544 1440 2075A 2685A 1940W 19404 Series, Model 19402 19408 1940a 1940f 1940q 1940t B0006 B0017, Part #5938#203-2633</p><p>$16.99 ($2.83 / Count)</p><a href="https://www.amazon.com/dp/B07GT9VB9X?tag=eloabder-20&linkCode=osi&th=1&psc=1">View Product</a></div><div class="product"><a href="https://www.amazon.com/dp/B07H3MYZLD?tag=eloabder-20&linkCode=osi&th=1&psc=1"><img src="https://m.media-amazon.com/images/I/511p6MPxQ0L._SL500_.jpg" alt="Product Image"></a><p>Flammi Steam Pocket Mop Replacement Pads for Shark S3500 Series S3501 S3601 S3550 S3901 SE450 S3801CO S3601D S2901 S2902 Steam Pocket Mop, 4 Pack</p><p>$16.97 ($4.24 / Count)</p><a href="https://www.amazon.com/dp/B07H3MYZLD?tag=eloabder-20&linkCode=osi&th=1&psc=1">View Product</a></div><div class="product"><a href="https://www.amazon.com/dp/B0C8SH97HN?tag=eloabder-20&linkCode=osi&th=1&psc=1"><img src="https://m.media-amazon.com/images/I/31Mex4y7odL._SL500_.jpg" alt="Product Image"></a><p>HOMEXCEL Steam Mop Replacement Pads Compatible with Bissell Powerfresh Steam Mop 1940 1806 1440 1544 Series, Model 19402 19404 19408 2685A 2075A 1940A 1940Q 1940T 1940W, Steam Mop Pads Refills,4 Pack</p><p>$9.99 ($2.50 / Count)</p><a href="https://www.amazon.com/dp/B0C8SH97HN?tag=eloabder-20&linkCode=osi&th=1&psc=1">View Product</a></div><div class="product"><a href="https://www.amazon.com/dp/B0BFWTXS33?tag=eloabder-20&linkCode=osi&th=1&psc=1"><img src="https://m.media-amazon.com/images/I/51pa2h7o0EL._SL500_.jpg" alt="Product Image"></a><p>12 Pack 1940 Steam Mop Replacement Pads for Bissell Powerfresh Steam Mop 1940 1440 1806 1544 2075 2685A 2814 Series, Model 19402 19404 19408 19409 1940A 1940F 1940Q 1940T 1940W B0006 B0017 2075A 15441</p><p>$24.99</p><a href="https://www.amazon.com/dp/B0BFWTXS33?tag=eloabder-20&linkCode=osi&th=1&psc=1">View Product</a></div><div class="product"><a href="https://www.amazon.com/dp/B0CLP5QGTY?tag=eloabder-20&linkCode=osi&th=1&psc=1"><img src="https://m.media-amazon.com/images/I/414HqpKde9L._SL500_.jpg" alt="Product Image"></a><p>10 Pack 1940 1806 2685A Steam Mop Pads For Bissell Powerfresh Steam Mop Deluxe Pet Lift-Off Plus Slim Scrubbing Steam Mop Replacement Pad 1940A 2814 1544A 2075A Power Fresh Steamer Pad Refill Washable</p><p>$22.99 ($2.30 / Count)</p><a href="https://www.amazon.com/dp/B0CLP5QGTY?tag=eloabder-20&linkCode=osi&th=1&psc=1">View Product</a></div><div class="product"><a href="https://www.amazon.com/dp/B078BBKBPV?tag=eloabder-20&linkCode=osi&th=1&psc=1"><img src="https://m.media-amazon.com/images/I/51WcJqtOUIL._SL500_.jpg" alt="Product Image"></a><p>Tidy Monster Steam Mop Replacement Pads Compatible with Bissell Powerfresh Steam Mop 1940 1806 1544 1440 2075A 2685A Series, Part # 5938 & 203-2633, 1606668 & 1606669 (4 Pack Scrub Plush)</p><p>$9.99</p><a href="https://www.amazon.com/dp/B078BBKBPV?tag=eloabder-20&linkCode=osi&th=1&psc=1">View Product</a></div><div class="product"><a href="https://www.amazon.com/dp/B00A6G37SU?tag=eloabder-20&linkCode=osi&th=1&psc=1"><img src="https://m.media-amazon.com/images/I/51xo0LB-SpL._SL500_.jpg" alt="Product Image"></a><p>BISSELL PowerFresh Steam Mop Pads (Pack of 2) with Fragrance discs (4 ct), 5938</p><p>$21.26 ($10.63 / Count)</p><a href="https://www.amazon.com/dp/B00A6G37SU?tag=eloabder-20&linkCode=osi&th=1&psc=1">View Product</a></div>
<div class="product"><a href="https://www.amazon.com/dp/B0D2QFVY7H?tag=eloabder-20&linkCode=osi&th=1&psc=1"><img src="https://m.media-amazon.com/images/I/417B7H+vvML._SL500_.jpg" alt="Product Image"></a><p>Kenmore KS1010 Deep Clean & Revitalize Pet Carpet Cleaner Formula, 64 oz, White, 64 Fl Oz</p><p>$22.73 ($0.36 / Fl Oz)</p><a href="https://www.amazon.com/dp/B0D2QFVY7H?tag=eloabder-20&linkCode=osi&th=1&psc=1">View Product</a></div><div class="product"><a href="https://www.amazon.com/dp/B0BNK8ZJJ1?tag=eloabder-20&linkCode=osi&th=1&psc=1"><img src="https://m.media-amazon.com/images/I/51z0Pc4xcNL._SL500_.jpg" alt="Product Image"></a><p>Bissell Spotlifter Pet Carpet and Upholstery Cleaner with Brush Head - 4 Pack, 93523</p><p>$23.88 ($0.50 / Fl Oz)</p><a href="https://www.amazon.com/dp/B0BNK8ZJJ1?tag=eloabder-20&linkCode=osi&th=1&psc=1">View Product</a></div><div class="product"><a href="https://www.amazon.com/dp/B0CX245D26?tag=eloabder-20&linkCode=osi&th=1&psc=1"><img src="https://m.media-amazon.com/images/I/411CSXvvO1L._SL500_.jpg" alt="Product Image"></a><p>BISSELLÂ® Spot & Stain with Febreze + Gain Original Scent Formula for Little Green Devices, Portable Carpet Cleaners (3968)</p><p>$12.99 ($0.41 / Fl Oz)</p><a href="https://www.amazon.com/dp/B0CX245D26?tag=eloabder-20&linkCode=osi&th=1&psc=1">View Product</a></div><div class="product"><a href="https://www.amazon.com/dp/B083VZW4R5?tag=eloabder-20&linkCode=osi&th=1&psc=1"><img src="https://m.media-amazon.com/images/I/413BULPLmBL._SL500_.jpg" alt="Product Image"></a><p>BISSELL Multi-Surface Pet Formula with Febreze Freshness for Crosswave (80 oz), 2295L</p><p>$22.99 ($0.29 / Fl Oz)</p><a href="https://www.amazon.com/dp/B083VZW4R5?tag=eloabder-20&linkCode=osi&th=1&psc=1">View Product</a></div><div class="product"><a href="https://www.amazon.com/dp/B0D2RGW219?tag=eloabder-20&linkCode=osi&th=1&psc=1"><img src="https://m.media-amazon.com/images/I/41gD+82tnAL._SL500_.jpg" alt="Product Image"></a><p>Vacmaster Clean & Restore Carpet Cleaner Formula â€“ CCS03</p><p>$19.99 ($0.31 / Fl Oz)</p><a href="https://www.amazon.com/dp/B0D2RGW219?tag=eloabder-20&linkCode=osi&th=1&psc=1">View Product</a></div>






<div class="product"><a href="https://www.amazon.com/dp/B0BY64HQTP?tag=eloabder-20&linkCode=osi&th=1&psc=1"><img src="https://m.media-amazon.com/images/I/41hUxHuASYL._SL500_.jpg" alt="Product Image"></a><p>Air Conditioning Motor WZDK13-38G-1(RD-310-13-8) DC Brushless Fan Motor, 13W Inverter air Conditioner Motor DC Motor for Central air Conditioner</p><p>$39.95</p><a href="https://www.amazon.com/dp/B0BY64HQTP?tag=eloabder-20&linkCode=osi&th=1&psc=1">View Product</a></div><div class="product"><a href="https://www.amazon.com/dp/B0CM5YB884?tag=eloabder-20&linkCode=osi&th=1&psc=1"><img src="https://m.media-amazon.com/images/I/310lQ2tAvLL._SL500_.jpg" alt="Product Image"></a><p>Sparkfix OEM WZDK20-38G (ZKFP-20-8-6) Air Conditioner Replacement Motors DC280V 20W Air Conditioning Fan Motor Inverter Air Conditioner Brushless DC Motor 1300RPM CCW</p><p>$42.79</p><a href="https://www.amazon.com/dp/B0CM5YB884?tag=eloabder-20&linkCode=osi&th=1&psc=1">View Product</a></div>













<div class="product"><a href="https://www.amazon.com/dp/B009PCI2JU?tag=eloabder-20&linkCode=osi&th=1&psc=1"><img src="https://m.media-amazon.com/images/I/310ZJurANUL._SL500_.jpg" alt="Product Image"></a><p>GE RPWFE Refrigerator Water Filter | Certified to Reduce Lead, Sulfur, and 50+ Other Impurities | Replace Every 6 Months for Best Results | Pack of 1</p><p>$49.98</p><a href="https://www.amazon.com/dp/B009PCI2JU?tag=eloabder-20&linkCode=osi&th=1&psc=1">View Product</a></div><div class="product"><a href="https://www.amazon.com/dp/B0882ZJ48W?tag=eloabder-20&linkCode=osi&th=1&psc=1"><img src="https://m.media-amazon.com/images/I/41110o9sUoL._SL500_.jpg" alt="Product Image"></a><p>GE XWFE Refrigerator Water Filter | Certified to Reduce Lead, Sulfur, and 50+ Other Impurities | Replace Every 6 Months for Best Results | Pack of 1, White</p><p>$49.00</p><a href="https://www.amazon.com/dp/B0882ZJ48W?tag=eloabder-20&linkCode=osi&th=1&psc=1">View Product</a></div><div class="product"><a href="https://www.amazon.com/dp/B074HLRXMP?tag=eloabder-20&linkCode=osi&th=1&psc=1"><img src="https://m.media-amazon.com/images/I/21oDpGCQXiL._SL500_.jpg" alt="Product Image"></a><p>LG LT1000P - 6 Month / 200 Gallon Capacity Replacement Refrigerator Water Filter (NSF42, NSF53, and NSF401) ADQ74793501, ADQ75795105, or AGF80300704 , White</p><p>$47.00</p><a href="https://www.amazon.com/dp/B074HLRXMP?tag=eloabder-20&linkCode=osi&th=1&psc=1">View Product</a></div><div class="product"><a href="https://www.amazon.com/dp/B01BKWSHHE?tag=eloabder-20&linkCode=osi&th=1&psc=1"><img src="https://m.media-amazon.com/images/I/31E2+zlkvjL._SL500_.jpg" alt="Product Image"></a><p>Frigidaire EPTWFU01 Water Filtration Filter, 1 Count, White</p><p>$42.99</p><a href="https://www.amazon.com/dp/B01BKWSHHE?tag=eloabder-20&linkCode=osi&th=1&psc=1">View Product</a></div><div class="product"><a href="https://www.amazon.com/dp/B08V6JB9R7?tag=eloabder-20&linkCode=osi&th=1&psc=1"><img src="https://m.media-amazon.com/images/I/31PRPEffCZL._SL500_.jpg" alt="Product Image"></a><p>Frigidaire FPPWFU01 PurePour PWF-1 Water Filter 1 Count (Pack of 1)</p><p>$45.81</p><a href="https://www.amazon.com/dp/B08V6JB9R7?tag=eloabder-20&linkCode=osi&th=1&psc=1">View Product</a></div><div class="product"><a href="https://www.amazon.com/dp/B000AST3AK?tag=eloabder-20&linkCode=osi&th=1&psc=1"><img src="https://m.media-amazon.com/images/I/41DUoSxpwTS._SL500_.jpg" alt="Product Image"></a><p>GE MWF Refrigerator Water Filter | Certified to Reduce Lead, Sulfur, and 50+ Other Impurities | Replace Every 6 Months for Best Results | Pack of 1</p><p>$39.98</p><a href="https://www.amazon.com/dp/B000AST3AK?tag=eloabder-20&linkCode=osi&th=1&psc=1">View Product</a></div><div class="product"><a href="https://www.amazon.com/dp/B0CFZR7K8D?tag=eloabder-20&linkCode=osi&th=1&psc=1"><img src="https://m.media-amazon.com/images/I/31WM5sdhKLL._SL500_.jpg" alt="Product Image"></a><p>HMASAV W10295370A water filter replacement, Compatible with EDR1RXD1,EDR1RXD1B,W10295370,Filter 1,WHR1RXD1,KAD1RXD1,P4RFWB,P8RFWB2L,46-9930,46-9081 2PACK</p><p>$29.99 ($15.00 / Count)</p><a href="https://www.amazon.com/dp/B0CFZR7K8D?tag=eloabder-20&linkCode=osi&th=1&psc=1">View Product</a></div><div class="product"><a href="https://www.amazon.com/dp/B07JM9TTTT?tag=eloabder-20&linkCode=osi&th=1&psc=1"><img src="https://m.media-amazon.com/images/I/41CfAtJ8TPL._SL500_.jpg" alt="Product Image"></a><p>GLACIER FRESH LT1000PC Replacement Water Filter, Compatible with LT1000PC/PCS, LT1000PC, LT-1000PC, MDJ64844601, ADQ747935 ADQ74793504 Filter and LT120F ADQ73334008 Fresh Air (3+3)</p><p>$39.99 ($13.33 / Count)</p><a href="https://www.amazon.com/dp/B07JM9TTTT?tag=eloabder-20&linkCode=osi&th=1&psc=1">View Product</a></div><div class="product"><a href="https://www.amazon.com/dp/B003N1ZSYG?tag=eloabder-20&linkCode=osi&th=1&psc=1"><img src="https://m.media-amazon.com/images/I/31Mbrkrxu1L._SL500_.jpg" alt="Product Image"></a><p>SAMSUNG Genuine Filter for Refrigerator Water and Ice, Carbon Block Filtration for Clean, Clear Drinking Water, 6-Month Life, HAF-CIN/EXP, 1 Pack</p><p>$39.99</p><a href="https://www.amazon.com/dp/B003N1ZSYG?tag=eloabder-20&linkCode=osi&th=1&psc=1">View Product</a></div>









<div class="product"><a href="https://www.amazon.com/dp/B0B2NZ47HN?tag=eloabder-20&linkCode=osi&th=1&psc=1"><img src="https://m.media-amazon.com/images/I/41nC6c2XxJL._SL500_.jpg" alt="Product Image"></a><p>OTE Portable Sparkling Water Maker Soda Maker Machine for home with 20PCS Cylinders 450ml Personal seltzer Carbonators Electroless Double Layer PET Bottle BPA Free Double Pressure Relief Valves -Pink</p><p>$49.99</p><a href="https://www.amazon.com/dp/B0B2NZ47HN?tag=eloabder-20&linkCode=osi&th=1&psc=1">View Product</a></div><div class="product"><a href="https://www.amazon.com/dp/B09DY54L7M?tag=eloabder-20&linkCode=osi&th=1&psc=1"><img src="https://m.media-amazon.com/images/I/31LSpnm3G8L._SL500_.jpg" alt="Product Image"></a><p>MOSOLAN Bottle Cleaning Brush, 17 Inches Extra Long Handle Water Bottle Brush, Flexible Bendable Cleaner for Washing Narrow Neck Bottles, Wine Decanter, Kombucha, Pipes, Beer Brewing Supplies, 2 Pack</p><p>$11.95 ($5.98 / Count)</p><a href="https://www.amazon.com/dp/B09DY54L7M?tag=eloabder-20&linkCode=osi&th=1&psc=1">View Product</a></div><div class="product"><a href="https://www.amazon.com/dp/B0736CBNDN?tag=eloabder-20&linkCode=osi&th=1&psc=1"><img src="https://m.media-amazon.com/images/I/41tWXmwP5KL._SL500_.jpg" alt="Product Image"></a><p>#2 Filter Pads (10 Pack Bulk) Compatible with Mini Jet Machine | #2 1.8-2.5 micron | 2 Micron Filtering pads. Filter Wine Beer, Kombucha, Mead Mash. Polishing filtration| Not a Buon Vino product.</p><p>$18.99</p><a href="https://www.amazon.com/dp/B0736CBNDN?tag=eloabder-20&linkCode=osi&th=1&psc=1">View Product</a></div>









<div class="product"><a href="https://www.amazon.com/dp/B07YGN577Y?tag=eloabder-20&linkCode=osi&th=1&psc=1"><img src="https://m.media-amazon.com/images/I/31kfZiyDMUL._SL500_.jpg" alt="Product Image"></a><p>9870163 Trash Power Nut WP9870163 L8</p><p>$50.36</p><a href="https://www.amazon.com/dp/B07YGN577Y?tag=eloabder-20&linkCode=osi&th=1&psc=1">View Product</a></div>

<div class="product"><a href="https://www.amazon.com/dp/B0CWQLM4C7?tag=eloabder-20&linkCode=osi&th=1&psc=1"><img src="https://m.media-amazon.com/images/I/41gTEIOjtlL._SL500_.jpg" alt="Product Image"></a><p>7" Seven Seconds Lazy Kitchen Food Making Tools - Multifunctional Fruit Vegetable Chopper Quick Garlic Peeling Machine Convenient Food Chopper for Slicing,Juice,Grinding</p><p>$32.99</p><a href="https://www.amazon.com/dp/B0CWQLM4C7?tag=eloabder-20&linkCode=osi&th=1&psc=1">View Product</a></div>












<div class="product"><a href="https://www.amazon.com/dp/B00UTFZAII?tag=eloabder-20&linkCode=osi&th=1&psc=1"><img src="https://m.media-amazon.com/images/I/31z7hZ6KbXL._SL500_.jpg" alt="Product Image"></a><p>Miele 10123210 AirClean 3D Efficiency Dust Bag, Type GN, 4 Bags & 2 Filters, White</p><p>$21.86 ($21.86 / Count)</p><a href="https://www.amazon.com/dp/B00UTFZAII?tag=eloabder-20&linkCode=osi&th=1&psc=1">View Product</a></div><div class="product"><a href="https://www.amazon.com/dp/B07WHG6J5S?tag=eloabder-20&linkCode=osi&th=1&psc=1"><img src="https://m.media-amazon.com/images/I/41hnaEOxB9L._SL500_.jpg" alt="Product Image"></a><p>KEEPOW Vacuum Filters for Eureka, Power Speed Vacuum Filters Replacement for Eureka NEU182A, NEU182B, NEU280, NEU180, NEU181, NEU188, NEU202 Bagless Upright Vacuum Cleaner, Part E0202 (4 Pack)</p><p>$9.99 ($2.50 / Count)</p><a href="https://www.amazon.com/dp/B07WHG6J5S?tag=eloabder-20&linkCode=osi&th=1&psc=1">View Product</a></div><div class="product"><a href="https://www.amazon.com/dp/B00UTFZB82?tag=eloabder-20&linkCode=osi&th=1&psc=1"><img src="https://m.media-amazon.com/images/I/41WdlL5T0dL._SL500_.jpg" alt="Product Image"></a><p>Miele AirClean 3D Efficiency Dust Bag, Type FJM, 4 Bags & 2 Filters, White</p><p>$18.99</p><a href="https://www.amazon.com/dp/B00UTFZB82?tag=eloabder-20&linkCode=osi&th=1&psc=1">View Product</a></div><div class="product"><a href="https://www.amazon.com/dp/B09NKP346M?tag=eloabder-20&linkCode=osi&th=1&psc=1"><img src="https://m.media-amazon.com/images/I/41o25nqkODL._SL500_.jpg" alt="Product Image"></a><p>Anewise 6 Pack Filter Replacement for Bissell Powerforce Compact Lightweight Upright 2112 1520 for Bissel Turbo Bagless 2690 Cleanview 3437 3508 Vacuum Cleaner, Compare to Parts #1604896/160-4896</p><p>$12.99</p><a href="https://www.amazon.com/dp/B09NKP346M?tag=eloabder-20&linkCode=osi&th=1&psc=1">View Product</a></div><div class="product"><a href="https://www.amazon.com/dp/B01MQ5NITB?tag=eloabder-20&linkCode=osi&th=1&psc=1"><img src="https://m.media-amazon.com/images/I/41J6lG4H1bL._SL500_.jpg" alt="Product Image"></a><p>Bissell Style 7 3 Pack Vacuum Cleaner Bags, White, 3 Count</p><p>$8.69 ($2.90 / Count)</p><a href="https://www.amazon.com/dp/B01MQ5NITB?tag=eloabder-20&linkCode=osi&th=1&psc=1">View Product</a></div><div class="product"><a href="https://www.amazon.com/dp/B0CDH1JY5D?tag=eloabder-20&linkCode=osi&th=1&psc=1"><img src="https://m.media-amazon.com/images/I/516DPXu4siL._SL500_.jpg" alt="Product Image"></a><p>4 Pack Replacement Filters Compatiable with Wyze Cordless Vacuum Cleaner, Removable and Washable HEPA Filter Accessories Part Set with 1 Cleaning Brush for Wyze Handheld Cordless Vacuum Cleaner</p><p>$15.99 ($4.00 / Count)</p><a href="https://www.amazon.com/dp/B0CDH1JY5D?tag=eloabder-20&linkCode=osi&th=1&psc=1">View Product</a></div><div class="product"><a href="https://www.amazon.com/dp/B07P3WB37F?tag=eloabder-20&linkCode=osi&th=1&psc=1"><img src="https://m.media-amazon.com/images/I/51WaYrkiVXL._SL500_.jpg" alt="Product Image"></a><p>Miele AirClean 3D Efficiency Dust Bag, Type GN, XL Value Pack, 8 Bags and 4 Filters</p><p>$36.99</p><a href="https://www.amazon.com/dp/B07P3WB37F?tag=eloabder-20&linkCode=osi&th=1&psc=1">View Product</a></div><div class="product"><a href="https://www.amazon.com/dp/B09DSY4Z2T?tag=eloabder-20&linkCode=osi&th=1&psc=1"><img src="https://m.media-amazon.com/images/I/51+ref3EeAL._SL500_.jpg" alt="Product Image"></a><p>Filter Replacement for Tineco A10 A11 Hero A10/A11 Master PURE ONE S11 Series, S12, X Cordless Vacuum Cleaner (3 PACK) â€¦</p><p>$12.99 ($4.33 / Count)</p><a href="https://www.amazon.com/dp/B09DSY4Z2T?tag=eloabder-20&linkCode=osi&th=1&psc=1">View Product</a></div>


<div class="product"><a href="https://www.amazon.com/dp/B0BXRR5QFV?tag=eloabder-20&linkCode=osi&th=1&psc=1"><img src="https://m.media-amazon.com/images/I/41sjdBkCp8L._SL500_.jpg" alt="Product Image"></a><p>AC Infinity CLOUDFORGE T7, Plant Humidifier 15L with VPD Humidity Controls, 10-Level Precision Vaporizer, Extendable Hose, Targeting Pipe, and No-Leak Seal for Grow Tents</p><p>$159.00</p><a href="https://www.amazon.com/dp/B0BXRR5QFV?tag=eloabder-20&linkCode=osi&th=1&psc=1">View Product</a></div><div class="product"><a href="https://www.amazon.com/dp/B01N6MV8SA?tag=eloabder-20&linkCode=osi&th=1&psc=1"><img src="https://m.media-amazon.com/images/I/41hX08+W1xL._SL500_.jpg" alt="Product Image"></a><p>Protec Humidifier Tank Cleaner, 1 Count - Colors May Vary</p><p>$5.98</p><a href="https://www.amazon.com/dp/B01N6MV8SA?tag=eloabder-20&linkCode=osi&th=1&psc=1">View Product</a></div><div class="product"><a href="https://www.amazon.com/dp/B07GXBTH82?tag=eloabder-20&linkCode=osi&th=1&psc=1"><img src="https://m.media-amazon.com/images/I/41ibxK12JPL._SL500_.jpg" alt="Product Image"></a><p>Essick Air 1970-2 Humidifier, 2-Quart Bacteriostatic Treatment, 2 Pack, Clear, 2</p><p>$22.99</p><a href="https://www.amazon.com/dp/B07GXBTH82?tag=eloabder-20&linkCode=osi&th=1&psc=1">View Product</a></div><div class="product"><a href="https://www.amazon.com/dp/B08TTT3K9B?tag=eloabder-20&linkCode=osi&th=1&psc=1"><img src="https://m.media-amazon.com/images/I/41U6j9SexmL._SL500_.jpg" alt="Product Image"></a><p>Leemone Humidifier Cleaner 12 Pack, Demineralization Cleaning Ball, Works in All humidifiers and Fish Tanks, Purifies Water, Prevents Hard Water Build-Up, Eliminates White Dust and Odor</p><p>$14.44</p><a href="https://www.amazon.com/dp/B08TTT3K9B?tag=eloabder-20&linkCode=osi&th=1&psc=1">View Product</a></div>
<div class="product"><a href="https://www.amazon.com/dp/B07YD4XCT3?tag=eloabder-20&linkCode=osi&th=1&psc=1"><img src="https://m.media-amazon.com/images/I/41hR81iKyJL._SL500_.jpg" alt="Product Image"></a><p>Vacplus Moisture Absorber Packets, Fragrance Free(10 Pack), Humidity Packs, Hanging Closet Dehumidifier Bags, Desiccant 9.8OZ</p><p>$21.99</p><a href="https://www.amazon.com/dp/B07YD4XCT3?tag=eloabder-20&linkCode=osi&th=1&psc=1">View Product</a></div><div class="product"><a href="https://www.amazon.com/dp/B09LQF5V5K?tag=eloabder-20&linkCode=osi&th=1&psc=1"><img src="https://m.media-amazon.com/images/I/51Cx5ECAotL._SL500_.jpg" alt="Product Image"></a><p>CLEVAST Moisture Absorbers Packets 10 Pack, Dehumidifier Bags for Closet, Unscented Hanging Humidity Absorber in Wardrobes, Bedrooms, Bathrooms(230g/pack)</p><p>$16.98</p><a href="https://www.amazon.com/dp/B09LQF5V5K?tag=eloabder-20&linkCode=osi&th=1&psc=1">View Product</a></div><div class="product"><a href="https://www.amazon.com/dp/B0B8L9QRW8?tag=eloabder-20&linkCode=osi&th=1&psc=1"><img src="https://m.media-amazon.com/images/I/518LgtpPi8L._SL500_.jpg" alt="Product Image"></a><p>Arm & Hammer Essentials Disposable Moisture Absorber and Odor Eliminator Tub, Fragrance Free, 1 lb, 3-Pack, Attracts and Traps Excess Moisture, Ideal Closet Dehumidifier, White</p><p>$24.94 ($0.52 / Ounce)</p><a href="https://www.amazon.com/dp/B0B8L9QRW8?tag=eloabder-20&linkCode=osi&th=1&psc=1">View Product</a></div><div class="product"><a href="https://www.amazon.com/dp/B09W9TPJGZ?tag=eloabder-20&linkCode=osi&th=1&psc=1"><img src="https://m.media-amazon.com/images/I/51pVTVMwHbL._SL500_.jpg" alt="Product Image"></a><p>THECOSKY Dehumidifier and Air Purifier Combo,HEPA H13 Filter and Negative Air Ion Function,54oz(1.6L) Water Tank with Drain Hose,24hrs Auto-Off Timer,Idea for Bedroom,Bathroom,Closet,RV</p><p>$109.99</p><a href="https://www.amazon.com/dp/B09W9TPJGZ?tag=eloabder-20&linkCode=osi&th=1&psc=1">View Product</a></div><div class="product"><a href="https://www.amazon.com/dp/B0CXDG65LZ?tag=eloabder-20&linkCode=osi&th=1&psc=1"><img src="https://m.media-amazon.com/images/I/41HNflmbKHL._SL500_.jpg" alt="Product Image"></a><p>14 x 17.5 x1.75 MERV 13 Replacement Dehumidifier Filter Compatible with Santa Fe Advance90, Advance100, Advance120, Honeywell DR90 & DR120 dehumidifier models, 2 Pack</p><p>$42.99</p><a href="https://www.amazon.com/dp/B0CXDG65LZ?tag=eloabder-20&linkCode=osi&th=1&psc=1">View Product</a></div>
<div class="product"><a href="https://www.amazon.com/dp/B088B921NQ?tag=eloabder-20&linkCode=osi&th=1&psc=1"><img src="https://m.media-amazon.com/images/I/612e4cT3RYL._SL500_.jpg" alt="Product Image"></a><p>ULTTY H13 HEPA Replacement Filter with Medical Coating, True HEPA Filter For R021/ R020 Purifying Fan, Medium</p><p>$29.99</p><a href="https://www.amazon.com/dp/B088B921NQ?tag=eloabder-20&linkCode=osi&th=1&psc=1">View Product</a></div><div class="product"><a href="https://www.amazon.com/dp/B0D2MZ4Y7Z?tag=eloabder-20&linkCode=osi&th=1&psc=1"><img src="https://m.media-amazon.com/images/I/51KgTHizWyL._SL500_.jpg" alt="Product Image"></a><p>Butto 5-Pack Ceiling Fan Filters for Blades - Strong Adhesive Ceiling Fan Filters for Common Household Contaminants - Unscented Coconut Carbon Fan Air Purifier Pads to Make Air Fresh and Natural</p><p>$9.98</p><a href="https://www.amazon.com/dp/B0D2MZ4Y7Z?tag=eloabder-20&linkCode=osi&th=1&psc=1">View Product</a></div><div class="product"><a href="https://www.amazon.com/dp/B0C42HCM21?tag=eloabder-20&linkCode=osi&th=1&psc=1"><img src="https://m.media-amazon.com/images/I/31jk3lpoygL._SL500_.jpg" alt="Product Image"></a><p>Barnakl Ceiling Fan Filters | Activated Coconut Shell Carbon Filter | Easy-Stick Universal Ceiling Fan Air Filters | Unscented Ceiling Fan Blade Filters for Common Household Contaminants, (3-Count)</p><p>$19.99 ($6.66 / Count)</p><a href="https://www.amazon.com/dp/B0C42HCM21?tag=eloabder-20&linkCode=osi&th=1&psc=1">View Product</a></div>
<div class="product"><a href="https://www.amazon.com/dp/B08LZWP29P?tag=eloabder-20&linkCode=osi&th=1&psc=1"><img src="https://m.media-amazon.com/images/I/41NLuzzFW9L._SL500_.jpg" alt="Product Image"></a><p>Chromex Tankless Water Heater Descaling Solution | Highly Effective Descaler Restores Heating Efficiency, Quart, 32 fl oz (1)</p><p>$26.99</p><a href="https://www.amazon.com/dp/B08LZWP29P?tag=eloabder-20&linkCode=osi&th=1&psc=1">View Product</a></div>

<div class="product"><a href="https://www.amazon.com/dp/B005UO4OWQ?tag=eloabder-20&linkCode=osi&th=1&psc=1"><img src="https://m.media-amazon.com/images/I/41oQPKFofoL._SL500_.jpg" alt="Product Image"></a><p>Bissell 203-7458 Brushroll, Bg10/86T3, Black</p><p>$21.26 ($21.26 / Count)</p><a href="https://www.amazon.com/dp/B005UO4OWQ?tag=eloabder-20&linkCode=osi&th=1&psc=1">View Product</a></div>





















<div class="product"><a href="https://www.amazon.com/dp/B0014J7FUY?tag=eloabder-20&linkCode=osi&th=1&psc=1"><img src="https://m.media-amazon.com/images/I/31QrM+IPxOL._SL500_.jpg" alt="Product Image"></a><p>Urnex Grindz Professional Coffee Grinder Cleaning Tablets - 430 Grams - All Natural Food Safe Gluten Free - Cleans Burr and Casing - Help Extend Life of Your Grinder</p><p>$25.99 ($1.71 / Ounce)</p><a href="https://www.amazon.com/dp/B0014J7FUY?tag=eloabder-20&linkCode=osi&th=1&psc=1">View Product</a></div>



<div class="product"><a href="https://www.amazon.com/dp/B0CHW317SG?tag=eloabder-20&linkCode=osi&th=1&psc=1"><img src="https://m.media-amazon.com/images/I/41Qd5Iu3qBL._SL500_.jpg" alt="Product Image"></a><p>EUHOMY 55 Can Beverage Refrigerator cooler-Mini Fridge Glass Door for Beer Drinks Wines, Freestanding Beverage Fridge with Adjustable Shelves Blue LED for Home/Office/Dorm/Bar (1.3cu.ft)</p><p>$128.99</p><a href="https://www.amazon.com/dp/B0CHW317SG?tag=eloabder-20&linkCode=osi&th=1&psc=1">View Product</a></div>

<div class="product"><a href="https://www.amazon.com/dp/B099CN2MRK?tag=eloabder-20&linkCode=osi&th=1&psc=1"><img src="https://m.media-amazon.com/images/I/31CvUCIUX5L._SL500_.jpg" alt="Product Image"></a><p>Genuine PuroAir 240 Replacement Filter - Replacement HEPA Filter for PuroAir 240 Purifier - Captures up to 99% of Pollen, Smoke, Pollen, Dust and Common Household Pollutants</p><p>$48.00</p><a href="https://www.amazon.com/dp/B099CN2MRK?tag=eloabder-20&linkCode=osi&th=1&psc=1">View Product</a></div><div class="product"><a href="https://www.amazon.com/dp/B0055521W0?tag=eloabder-20&linkCode=osi&th=1&psc=1"><img src="https://m.media-amazon.com/images/I/41Hs7ixdyXL._SL500_.jpg" alt="Product Image"></a><p>GermGuardian Filter B HEPA Pure Genuine Air Purifier Replacement Filter, Removes 99.97% of Pollutants for AC4825, AC4300, AC4900, AC4825DLX, AC4850, CDAP4500, AP2200, Black/Yellow, FLT4825</p><p>$17.90 ($17.90 / Count)</p><a href="https://www.amazon.com/dp/B0055521W0?tag=eloabder-20&linkCode=osi&th=1&psc=1">View Product</a></div><div class="product"><a href="https://www.amazon.com/dp/B0BNMYKZPV?tag=eloabder-20&linkCode=osi&th=1&psc=1"><img src="https://m.media-amazon.com/images/I/41-K3mB6KkL._SL500_.jpg" alt="Product Image"></a><p>2 Pack True HEPA KILO Filter Compatible with Afloia KILO, KILOPLUS, KILOPRO, MIRO,MIRO PRO and MORENTO MR-Kilo, Kalo Air Purifier, 360Â° 3-Stage Filtration</p><p>$34.99 ($17.50 / Count)</p><a href="https://www.amazon.com/dp/B0BNMYKZPV?tag=eloabder-20&linkCode=osi&th=1&psc=1">View Product</a></div><div class="product"><a href="https://www.amazon.com/dp/B0D3M4Y9W7?tag=eloabder-20&linkCode=osi&th=1&psc=1"><img src="https://m.media-amazon.com/images/I/41tzW+mkZuL._SL500_.jpg" alt="Product Image"></a><p>Breshair 14 True HEPA Filter Replacement Compatible with PuroAir 240 Air Purifier, 3-in-1 Filtration System with Activated Carbon Filter, 2-Pack</p><p>$31.56 ($15.78 / Count)</p><a href="https://www.amazon.com/dp/B0D3M4Y9W7?tag=eloabder-20&linkCode=osi&th=1&psc=1">View Product</a></div><div class="product"><a href="https://www.amazon.com/dp/B0CB18MVX6?tag=eloabder-20&linkCode=osi&th=1&psc=1"><img src="https://m.media-amazon.com/images/I/519ZmmLOrzL._SL500_.jpg" alt="Product Image"></a><p>2 Pack 3-in-1 H13 True HEPA Replacement Filter Compatible with Pure Enrichment PureZone Air Purifier Part# PEAIRPLG</p><p>$23.99 ($12.00 / Count)</p><a href="https://www.amazon.com/dp/B0CB18MVX6?tag=eloabder-20&linkCode=osi&th=1&psc=1">View Product</a></div><div class="product"><a href="https://www.amazon.com/dp/B08JTZMRML?tag=eloabder-20&linkCode=osi&th=1&psc=1"><img src="https://m.media-amazon.com/images/I/51yx60sCjHL._SL500_.jpg" alt="Product Image"></a><p>6 Pack HPA300 HEPA Filter Replacement for Honeywell HPA300 Series Air Purifiers HPA300, HPA300VP, HPA304, HPA3300, Replace HRF-R3 (6 Ture HEPA R Replacement Filter + 8 Activated Carbon Pre-Filter)</p><p>$47.99 ($3.43 / Count)</p><a href="https://www.amazon.com/dp/B08JTZMRML?tag=eloabder-20&linkCode=osi&th=1&psc=1">View Product</a></div><div class="product"><a href="https://www.amazon.com/dp/B0CF1GLSYS?tag=eloabder-20&linkCode=osi&th=1&psc=1"><img src="https://m.media-amazon.com/images/I/41709EXRzXL._SL500_.jpg" alt="Product Image"></a><p>CHIVALZ 4 Pack HY4866 True HEPA Replacement Filters Compatible with MORENTO HY4866 Air Purifier, WESTHEY HY4866 Air Purifier and YIOU M1 Air Cleaner Purifier, Original Version</p><p>$39.99 ($10.00 / Count)</p><a href="https://www.amazon.com/dp/B0CF1GLSYS?tag=eloabder-20&linkCode=osi&th=1&psc=1">View Product</a></div>







<div class="product"><a href="https://www.amazon.com/dp/B0CYKMFKR9?tag=eloabder-20&linkCode=osi&th=1&psc=1"><img src="https://m.media-amazon.com/images/I/316zU-ozoxL._SL500_.jpg" alt="Product Image"></a><p>Air Purifier Replacement Filter for Space Heater Bladeless Fan</p><p>$29.99</p><a href="https://www.amazon.com/dp/B0CYKMFKR9?tag=eloabder-20&linkCode=osi&th=1&psc=1">View Product</a></div>
<div class="product"><a href="https://www.amazon.com/dp/B07MRH6VY7?tag=eloabder-20&linkCode=osi&th=1&psc=1"><img src="https://m.media-amazon.com/images/I/51g-nuN4A5L._SL500_.jpg" alt="Product Image"></a><p>Colorfullife Replacement Air Purifier Filter for Dyson Tower Purifier Pure Cool Link TP01, TP02, TP03, BP01, Compare to Part 968126-03ï¼Œ2 Pack</p><p>$26.99</p><a href="https://www.amazon.com/dp/B07MRH6VY7?tag=eloabder-20&linkCode=osi&th=1&psc=1">View Product</a></div><div class="product"><a href="https://www.amazon.com/dp/B07TX5SW7J?tag=eloabder-20&linkCode=osi&th=1&psc=1"><img src="https://m.media-amazon.com/images/I/512Kn+cPglL._SL500_.jpg" alt="Product Image"></a><p>TP01 HEPA Filter Replacement Compatible with Dyson Tower Purifier Pure Cool Link TP01, TP02, TP03, AM11, BP01 Models, Compare to Part # 968126-03 (Pack of 2)</p><p>$27.95 ($13.98 / Count)</p><a href="https://www.amazon.com/dp/B07TX5SW7J?tag=eloabder-20&linkCode=osi&th=1&psc=1">View Product</a></div><div class="product"><a href="https://www.amazon.com/dp/B0CC24GZGB?tag=eloabder-20&linkCode=osi&th=1&psc=1"><img src="https://m.media-amazon.com/images/I/41woNpZ9VgL._SL500_.jpg" alt="Product Image"></a><p>TP01 TP02 Filter Compatible with Dyson Pure Cool Link Purifying Tower Fan TP00 TP03 AM11 and Cool Me BP01 Personal Series, 360Â° Air Purifier Filter Replacement 968126-03, 1-Pack</p><p>$25.99</p><a href="https://www.amazon.com/dp/B0CC24GZGB?tag=eloabder-20&linkCode=osi&th=1&psc=1">View Product</a></div><div class="product"><a href="https://www.amazon.com/dp/B0CX23N2JJ?tag=eloabder-20&linkCode=osi&th=1&psc=1"><img src="https://m.media-amazon.com/images/I/3145hmd5j7L._SL500_.jpg" alt="Product Image"></a><p>Dreo Air Purifiers Replacement Filter, HEPA Filter for Dreo Purifier Tower Fan MC710S, with 2 Stage Filtration, Black, Standard(DR-HPA019)</p><p>$39.99</p><a href="https://www.amazon.com/dp/B0CX23N2JJ?tag=eloabder-20&linkCode=osi&th=1&psc=1">View Product</a></div>










<div class="product"><a href="https://www.amazon.com/dp/B001U0OJ7O?tag=eloabder-20&linkCode=osi&th=1&psc=1"><img src="https://m.media-amazon.com/images/I/41XEg3QV-wL._SL500_.jpg" alt="Product Image"></a><p>Whirlpool W10165294RB 15-Inch Plastic Trash Compactor ct, 60 Bags, Count</p><p>$48.34</p><a href="https://www.amazon.com/dp/B001U0OJ7O?tag=eloabder-20&linkCode=osi&th=1&psc=1">View Product</a></div><div class="product"><a href="https://www.amazon.com/dp/B0CC3V4ZZ4?tag=eloabder-20&linkCode=osi&th=1&psc=1"><img src="https://m.media-amazon.com/images/I/31bbvodHnjL._SL500_.jpg" alt="Product Image"></a><p>Waste Smasher- Hand-Held Manual Trash Compactor Dishwasher Safe Black</p><p>$24.95</p><a href="https://www.amazon.com/dp/B0CC3V4ZZ4?tag=eloabder-20&linkCode=osi&th=1&psc=1">View Product</a></div><div class="product"><a href="https://www.amazon.com/dp/B00IYO5914?tag=eloabder-20&linkCode=osi&th=1&psc=1"><img src="https://m.media-amazon.com/images/I/51SLpTXIYNL._SL500_.jpg" alt="Product Image"></a><p>Kitchen Master Super Strong Compactor Bags Pre Cuffed (12 Pack)</p><p>$34.95</p><a href="https://www.amazon.com/dp/B00IYO5914?tag=eloabder-20&linkCode=osi&th=1&psc=1">View Product</a></div><div class="product"><a href="https://www.amazon.com/dp/B075DJ4ZVQ?tag=eloabder-20&linkCode=osi&th=1&psc=1"><img src="https://m.media-amazon.com/images/I/51Vaek4I89L._SL500_.jpg" alt="Product Image"></a><p>Dano Pre-Cuffed Compactor Bags</p><p>$32.95 ($2.75 / Count)</p><a href="https://www.amazon.com/dp/B075DJ4ZVQ?tag=eloabder-20&linkCode=osi&th=1&psc=1">View Product</a></div><div class="product"><a href="https://www.amazon.com/dp/B0C2DCVCBJ?tag=eloabder-20&linkCode=osi&th=1&psc=1"><img src="https://m.media-amazon.com/images/I/51072CtaKuL._SL500_.jpg" alt="Product Image"></a><p>60-pack W10165294RB Trash Compactor Bags - leak-proof trash compactor bags for kitchen 60-ct 15 inches - Fits 15-inch Rectangular Drawer Compactors</p><p>$45.99 ($0.77 / Count)</p><a href="https://www.amazon.com/dp/B0C2DCVCBJ?tag=eloabder-20&linkCode=osi&th=1&psc=1">View Product</a></div><div class="product"><a href="https://www.amazon.com/dp/B001U0OJ7E?tag=eloabder-20&linkCode=osi&th=1&psc=1"><img src="https://m.media-amazon.com/images/I/41c0z26RyvL._SL500_.jpg" alt="Product Image"></a><p>Whirlpool W10165293RB Genuine OEM 60 Pack-Plastic Compactor Bags-18" Models â€“ 1394369, 4178058, 4318932, 4318933, 4318935, 4318937, 4318939, AH1964576, EA1964576, PS1964576</p><p>$48.64 ($0.81 / Count)</p><a href="https://www.amazon.com/dp/B001U0OJ7E?tag=eloabder-20&linkCode=osi&th=1&psc=1">View Product</a></div><div class="product"><a href="https://www.amazon.com/dp/B00W27J16S?tag=eloabder-20&linkCode=osi&th=1&psc=1"><img src="https://m.media-amazon.com/images/I/41RaOjAGlrL._SL500_.jpg" alt="Product Image"></a><p>Compactor Bags Pre Cuffed (50 Pack)</p><p>$84.95 ($1.70 / count)</p><a href="https://www.amazon.com/dp/B00W27J16S?tag=eloabder-20&linkCode=osi&th=1&psc=1">View Product</a></div><div class="product"><a href="https://www.amazon.com/dp/B00MOCYY2W?tag=eloabder-20&linkCode=osi&th=1&psc=1"><img src="https://m.media-amazon.com/images/I/41SH8mDsAnL._SL500_.jpg" alt="Product Image"></a><p>GE WX60X1 Genuine OEM Universal Trash Compactor Bags for GE Trash Compactors</p><p>$19.00</p><a href="https://www.amazon.com/dp/B00MOCYY2W?tag=eloabder-20&linkCode=osi&th=1&psc=1">View Product</a></div><div class="product"><a href="https://www.amazon.com/dp/B0D7SFSTNG?tag=eloabder-20&linkCode=osi&th=1&psc=1"><img src="https://m.media-amazon.com/images/I/41szt9tZJPL._SL500_.jpg" alt="Product Image"></a><p>4PCS Trash Compactor Charcoal Air Filter Fit for Whirlpool/KitchenAid/Maytag/Jenn-Air/Amana/Inglis/Magic Chef Trash Compactor, Replaces 4151750 554358 WP4151750 AP6009134 PS11742279</p><p>$23.59 ($5.90 / Count)</p><a href="https://www.amazon.com/dp/B0D7SFSTNG?tag=eloabder-20&linkCode=osi&th=1&psc=1">View Product</a></div>
<div class="product"><a href="https://www.amazon.com/dp/B0CGLX5ZB9?tag=eloabder-20&linkCode=osi&th=1&psc=1"><img src="https://m.media-amazon.com/images/I/51qeRZQS98L._SL500_.jpg" alt="Product Image"></a><p>Spare Replacement Parts Compatible with MAMNV BR150 BR151, ZCWA BR150 BR151, MANVINS G20 Robot Vacuum and Mop Combo Accessories Include: 3 Hepa Filters 3 Mop Pads 6 Side Spin Brushes</p><p>$9.98</p><a href="https://www.amazon.com/dp/B0CGLX5ZB9?tag=eloabder-20&linkCode=osi&th=1&psc=1">View Product</a></div><div class="product"><a href="https://www.amazon.com/dp/B0B28DGZBG?tag=eloabder-20&linkCode=osi&th=1&psc=1"><img src="https://m.media-amazon.com/images/I/51ooMN4RqML._SL500_.jpg" alt="Product Image"></a><p>Replacement Parts for Shark AI AV2511AE AV2501S AV2610WA AV2501AE RV2502AE RV2610WA RV2520 AV2510 2-In-1 AI Ultra Robot Vacuum Cleaner Accessories Kits. Main Brush, HEPA Filter, Foam Filter,Side Brush</p><p>$19.99 ($1.05 / Count)</p><a href="https://www.amazon.com/dp/B0B28DGZBG?tag=eloabder-20&linkCode=osi&th=1&psc=1">View Product</a></div><div class="product"><a href="https://www.amazon.com/dp/B0782T7L6P?tag=eloabder-20&linkCode=osi&th=1&psc=1"><img src="https://m.media-amazon.com/images/I/41hTVkuzMJL._SL500_.jpg" alt="Product Image"></a><p>10pcs HEPA Filters Replacement for ILIFE V3s V3s pro V5 V5s V5s Pro V5s Pro 2 V5s Plus Noisz S5 Robotic Vacuum Cleaner ILIFE V3s pro Filters ILIFE Robot Vacuum Filter</p><p>$9.80 ($0.98 / Count)</p><a href="https://www.amazon.com/dp/B0782T7L6P?tag=eloabder-20&linkCode=osi&th=1&psc=1">View Product</a></div><div class="product"><a href="https://www.amazon.com/dp/B0CXLVHTTC?tag=eloabder-20&linkCode=osi&th=1&psc=1"><img src="https://m.media-amazon.com/images/I/51BT3phYzKL._SL500_.jpg" alt="Product Image"></a><p>HUIZHEN Spare Accessories for MAMNV BR150/BR151, for ZCWA BR150/BR151, for MANVINS G20,for GTTVO BR150/BR151,for ONSON BR150/BR151 Robot Vacuum Replacement Parts,6 Side Brush,4 HEPA Filters,4 Mop Pads</p><p>$9.99</p><a href="https://www.amazon.com/dp/B0CXLVHTTC?tag=eloabder-20&linkCode=osi&th=1&psc=1">View Product</a></div><div class="product"><a href="https://www.amazon.com/dp/B08RYDDQL8?tag=eloabder-20&linkCode=osi&th=1&psc=1"><img src="https://m.media-amazon.com/images/I/314Xd7+oBXL._SL500_.jpg" alt="Product Image"></a><p>AirClean 4 Pack 3.7" High Replacement Base Pre-Motor Foam Filters Compatible with Shark IQ Robot Vacuum R101AE RV1001AE UR1005AE Self-Empty Base</p><p>$12.99 ($3.25 / Count)</p><a href="https://www.amazon.com/dp/B08RYDDQL8?tag=eloabder-20&linkCode=osi&th=1&psc=1">View Product</a></div><div class="product"><a href="https://www.amazon.com/dp/B0CJLHJ557?tag=eloabder-20&linkCode=osi&th=1&psc=1"><img src="https://m.media-amazon.com/images/I/41iQm8hUjiL._SL500_.jpg" alt="Product Image"></a><p>Replacement Parts Compatible with WYZE Robot Vacuum Cleaner WVCR200S Accessories, 2 Main Brushes, 6 Hepa Filters, 8 Side Brushes Attachment Spare Pack</p><p>$14.99 ($0.94 / Count)</p><a href="https://www.amazon.com/dp/B0CJLHJ557?tag=eloabder-20&linkCode=osi&th=1&psc=1">View Product</a></div>
<div class="product"><a href="https://www.amazon.com/dp/B0C4595Q8P?tag=eloabder-20&linkCode=osi&th=1&psc=1"><img src="https://m.media-amazon.com/images/I/51k23SAtRxL._SL500_.jpg" alt="Product Image"></a><p>4 Pack FSV001 HEPA Filter Compatiable with Fabuletta FSV101, FSV001, Girnoor G160&G165, Afoddon A300, Lubluelu 202, Oraimo Cordless Vacuum Cleaner, Besswin W26 Cordless Stick Vacuum Cleaners</p><p>$15.99 ($4.00 / Count)</p><a href="https://www.amazon.com/dp/B0C4595Q8P?tag=eloabder-20&linkCode=osi&th=1&psc=1">View Product</a></div>
<div class="product"><a href="https://www.amazon.com/dp/B0BNKJX96X?tag=eloabder-20&linkCode=osi&th=1&psc=1"><img src="https://m.media-amazon.com/images/I/41OPeLFppoL._SL500_.jpg" alt="Product Image"></a><p>6 PACK 2033 Replacement Filter Compatible with Bissell Featherweight Stick Lightweight Bagless Vacuum Cleaner 20331, 20333, 20334, 20336, 20339, 2033M,6 Mesh Filter 6 Foam Filters, Replace # 1611508</p><p>$14.99 ($2.50 / Count)</p><a href="https://www.amazon.com/dp/B0BNKJX96X?tag=eloabder-20&linkCode=osi&th=1&psc=1">View Product</a></div><div class="product"><a href="https://www.amazon.com/dp/B0CMBWLTSM?tag=eloabder-20&linkCode=osi&th=1&psc=1"><img src="https://m.media-amazon.com/images/I/41PHqKaLTDL._SL500_.jpg" alt="Product Image"></a><p>18V ONE + Cordless Pet Stick Vacuum Filter for Ryobi, PCL720, PBLSV716, PBLSV717 Stick Vacuum, Reusable Washable Filters, Compare to Part A32SV720N, 6 Pack</p><p>$15.99 ($2.66 / Count)</p><a href="https://www.amazon.com/dp/B0CMBWLTSM?tag=eloabder-20&linkCode=osi&th=1&psc=1">View Product</a></div><div class="product"><a href="https://www.amazon.com/dp/B0CXDYWWT9?tag=eloabder-20&linkCode=osi&th=1&psc=1"><img src="https://m.media-amazon.com/images/I/41F1csTT8jL._SL500_.jpg" alt="Product Image"></a><p>2 Replacement Filters for Craftsman V20 Cordless Stick Vacuum CMCVS001D1, for Black Decker BSVF1 BSV2020 BSV2020G BSV2020P Cordless Stick Vacuum Cleaner with 1 Cleaning Brush</p><p>$14.99</p><a href="https://www.amazon.com/dp/B0CXDYWWT9?tag=eloabder-20&linkCode=osi&th=1&psc=1">View Product</a></div><div class="product"><a href="https://www.amazon.com/dp/B0CCJ5N5DH?tag=eloabder-20&linkCode=osi&th=1&psc=1"><img src="https://m.media-amazon.com/images/I/41xmhDPqk8L._SL500_.jpg" alt="Product Image"></a><p>Aolleteau 1 Pack Brush Roller Compatible with Black + Decker BSV2020, BSV2020P, BSV2020G Powerseries Extreme Cordless Stick Vacuum and Compatible with Craftsman V20 Cordless Stick Vacuum CMCVS001D1</p><p>$17.99</p><a href="https://www.amazon.com/dp/B0CCJ5N5DH?tag=eloabder-20&linkCode=osi&th=1&psc=1">View Product</a></div><div class="product"><a href="https://www.amazon.com/dp/B0CQY61LFD?tag=eloabder-20&linkCode=osi&th=1&psc=1"><img src="https://m.media-amazon.com/images/I/31swBBC444L._SL500_.jpg" alt="Product Image"></a><p>Tablenco for Shark HZ602 Filter Replacement Ultralight Pet Pro Corded Stick Vacuum and HZ2002 Vertex DuoClean PowerFins fit HZ2000 HZ251 HZ250 HH200 HH202,4 Foam Felt 4 Motor Kit (No cleaning brush)</p><p>$9.98</p><a href="https://www.amazon.com/dp/B0CQY61LFD?tag=eloabder-20&linkCode=osi&th=1&psc=1">View Product</a></div><div class="product"><a href="https://www.amazon.com/dp/B09Q55KW8W?tag=eloabder-20&linkCode=osi&th=1&psc=1"><img src="https://m.media-amazon.com/images/I/51MKsJy6nSL._SL500_.jpg" alt="Product Image"></a><p>Anicell 2033 Featherweight Filter for Bissell Featherweight Stick Lightweight Bagless Vacuum 20331 20333 20334 20336 20339 2033M, 4 Mesh Filters 6 Foam Filters Replacement, Replace part# 1611508</p><p>$11.99</p><a href="https://www.amazon.com/dp/B09Q55KW8W?tag=eloabder-20&linkCode=osi&th=1&psc=1">View Product</a></div><div class="product"><a href="https://www.amazon.com/dp/B0CDVG7LHD?tag=eloabder-20&linkCode=osi&th=1&psc=1"><img src="https://m.media-amazon.com/images/I/41hjN1Te6sL._SL500_.jpg" alt="Product Image"></a><p>Moreffi 3 Pack Filter Replacement For HART Cordless Stick Vacuum HPSV01 and HPSV50, Compare to Part Number HASV01</p><p>$19.99 ($6.66 / Count)</p><a href="https://www.amazon.com/dp/B0CDVG7LHD?tag=eloabder-20&linkCode=osi&th=1&psc=1">View Product</a></div>
<div class="product"><a href="https://www.amazon.com/dp/B07DQ9TZC8?tag=eloabder-20&linkCode=osi&th=1&psc=1"><img src="https://m.media-amazon.com/images/I/41PHyZ20FuL._SL500_.jpg" alt="Product Image"></a><p>Kenmore 53294 Style O HEPA Cloth Vacuum Bags for Kenmore Upright Vacuum Cleaners 6 Pack,White</p><p>$20.99 ($3.50 / Count)</p><a href="https://www.amazon.com/dp/B07DQ9TZC8?tag=eloabder-20&linkCode=osi&th=1&psc=1">View Product</a></div><div class="product"><a href="https://www.amazon.com/dp/B08MXVTTT2?tag=eloabder-20&linkCode=osi&th=1&psc=1"><img src="https://m.media-amazon.com/images/I/41T6wRpIMzL._SL500_.jpg" alt="Product Image"></a><p>Kenmore IB600 HEPA Replacement Intuition Upright Vacuum Cleaner Bags for BU4022, BU4020, BU4018, BU4050, BU3040,White</p><p>$18.75</p><a href="https://www.amazon.com/dp/B08MXVTTT2?tag=eloabder-20&linkCode=osi&th=1&psc=1">View Product</a></div><div class="product"><a href="https://www.amazon.com/dp/B01010JVYO?tag=eloabder-20&linkCode=osi&th=1&psc=1"><img src="https://m.media-amazon.com/images/I/51Anluh47GL._SL500_.jpg" alt="Product Image"></a><p>EnviroCare Replacement Micro Filtration Vacuum Cleaner Dust Bags Designed to fit Hoover Windtunnel Upright Type Y 9 pack</p><p>$9.89 ($1.10 / Count)</p><a href="https://www.amazon.com/dp/B01010JVYO?tag=eloabder-20&linkCode=osi&th=1&psc=1">View Product</a></div><div class="product"><a href="https://www.amazon.com/dp/B0D5CP3WBY?tag=eloabder-20&linkCode=osi&th=1&psc=1"><img src="https://m.media-amazon.com/images/I/31MaGmsVOwL._SL500_.jpg" alt="Product Image"></a><p>Bagless Upright Kenmore Vacuum HEPA Filters, Compatible with Foam Filters, Felt Filters and Upright vacuum cleaner for Models K4010,DU2015,DU2012(includes 1 Hepa Filters,2 Foam and 2 Felt Filters)</p><p>$12.99</p><a href="https://www.amazon.com/dp/B0D5CP3WBY?tag=eloabder-20&linkCode=osi&th=1&psc=1">View Product</a></div><div class="product"><a href="https://www.amazon.com/dp/B0CBFV28WX?tag=eloabder-20&linkCode=osi&th=1&psc=1"><img src="https://m.media-amazon.com/images/I/51LIYI0wXSL._SL500_.jpg" alt="Product Image"></a><p>16 Packs Vacuum Bags for Oreck Type CC, Compatible with All Oreck XL Upright Vacuum Cleaner - Replaces Part # CCPK8DW</p><p>$21.99 ($1.37 / Count)</p><a href="https://www.amazon.com/dp/B0CBFV28WX?tag=eloabder-20&linkCode=osi&th=1&psc=1">View Product</a></div><div class="product"><a href="https://www.amazon.com/dp/B00F9GQMHA?tag=eloabder-20&linkCode=osi&th=1&psc=1"><img src="https://m.media-amazon.com/images/I/51lhelurelL._SL500_.jpg" alt="Product Image"></a><p>EnviroCare Replacement Premium Vacuum Cleaner Dust Bags made to fit Eureka F&G Uprights 9 bags</p><p>$11.09</p><a href="https://www.amazon.com/dp/B00F9GQMHA?tag=eloabder-20&linkCode=osi&th=1&psc=1">View Product</a></div><div class="product"><a href="https://www.amazon.com/dp/B002CI8G1I?tag=eloabder-20&linkCode=osi&th=1&psc=1"><img src="https://m.media-amazon.com/images/I/51PYQrQpbSL._SL500_.jpg" alt="Product Image"></a><p>EnviroCare Replacement Micro Filtration Vacuum Cleaner Dust Bags made to fit Kenmore Upright Type U/L/O 50688 and 50690, Panasonic Type U-2, Miele Type Z. 9 pack</p><p>$9.99</p><a href="https://www.amazon.com/dp/B002CI8G1I?tag=eloabder-20&linkCode=osi&th=1&psc=1">View Product</a></div>
<div class="product"><a href="https://www.amazon.com/dp/B07GNQJ67P?tag=eloabder-20&linkCode=osi&th=1&psc=1"><img src="https://m.media-amazon.com/images/I/41XHnKbgjAL._SL500_.jpg" alt="Product Image"></a><p>Kenmore 53292 Type Q HEPA Replacement Dust Bags for Canister Vacuum 81214, 81414, 81714, 21814, BC2005, BC3005, 81615, BC7005, 6 Count (Pack of 1)</p><p>$13.24 ($2.21 / Count)</p><a href="https://www.amazon.com/dp/B07GNQJ67P?tag=eloabder-20&linkCode=osi&th=1&psc=1">View Product</a></div><div class="product"><a href="https://www.amazon.com/dp/B01L0C0FVK?tag=eloabder-20&linkCode=osi&th=1&psc=1"><img src="https://m.media-amazon.com/images/I/51ZIjbo9NVL._SL500_.jpg" alt="Product Image"></a><p>Envirocare Replacement Vacuum Bags Compatible with Kenmore Canister Type C/Q. 5055, 50557 and 50558 Panasonic Type C-5 Vacuums,15 pack</p><p>$16.16</p><a href="https://www.amazon.com/dp/B01L0C0FVK?tag=eloabder-20&linkCode=osi&th=1&psc=1">View Product</a></div><div class="product"><a href="https://www.amazon.com/dp/B0BTRTP2PM?tag=eloabder-20&linkCode=osi&th=1&psc=1"><img src="https://m.media-amazon.com/images/I/41K295aRv9L._SL500_.jpg" alt="Product Image"></a><p>Vacuum Cleaner Bags Fit for Kenmore Canister Type C/Q 50555 50557 50558 and Type C-5, 10PCs</p><p>$15.99</p><a href="https://www.amazon.com/dp/B0BTRTP2PM?tag=eloabder-20&linkCode=osi&th=1&psc=1">View Product</a></div><div class="product"><a href="https://www.amazon.com/dp/B0CRQYGLZX?tag=eloabder-20&linkCode=osi&th=1&psc=1"><img src="https://m.media-amazon.com/images/I/413iXp+j3ML._SL500_.jpg" alt="Product Image"></a><p>15 Pack Canister Vacuum Cleaner Bags Compatible with Kenmore Canister Type C/Q 5055, 50555, 50557, 50558 and Type C-5, C-18, 53292, 200 Series, 400 Series, 600 Series, 700 Series, 800 Series Vacuum</p><p>$11.69</p><a href="https://www.amazon.com/dp/B0CRQYGLZX?tag=eloabder-20&linkCode=osi&th=1&psc=1">View Product</a></div><div class="product"><a href="https://www.amazon.com/dp/B00QGD3SBI?tag=eloabder-20&linkCode=osi&th=1&psc=1"><img src="https://m.media-amazon.com/images/I/51xw0asyqTL._SL500_.jpg" alt="Product Image"></a><p>EnviroCare Replacement Vacuum Bags made to fit Kenmore Canister Type C or Q 50555, 50558, 50557 and Panasonic Type C-5 Vacuums, 9 pack</p><p>$9.79</p><a href="https://www.amazon.com/dp/B00QGD3SBI?tag=eloabder-20&linkCode=osi&th=1&psc=1">View Product</a></div><div class="product"><a href="https://www.amazon.com/dp/B0CQP9NP5N?tag=eloabder-20&linkCode=osi&th=1&psc=1"><img src="https://m.media-amazon.com/images/I/41WnNkTz8zL._SL500_.jpg" alt="Product Image"></a><p>8 Pack Replacement Vacuum Bags Compatible with Kenmore Canister Type C/Q. 5055, 50104, 50557 and 50558 Panasonic Type C-5 Vacuums</p><p>$9.99 ($1.25 / Count)</p><a href="https://www.amazon.com/dp/B0CQP9NP5N?tag=eloabder-20&linkCode=osi&th=1&psc=1">View Product</a></div>
<div class="product"><a href="https://www.amazon.com/dp/B09M3Y2BHR?tag=eloabder-20&linkCode=osi&th=1&psc=1"><img src="https://m.media-amazon.com/images/I/31tevngai1L._SL500_.jpg" alt="Product Image"></a><p>Ymimi Vacuum Filter Compatible with Eureka WhirlWind Bagless Canister Vacuum Cleaner,Fits NEN110A,NEN110B,NEN110Dï¼ˆ2-Packï¼‰</p><p>$11.99 ($6.00 / Count)</p><a href="https://www.amazon.com/dp/B09M3Y2BHR?tag=eloabder-20&linkCode=osi&th=1&psc=1">View Product</a></div><div class="product"><a href="https://www.amazon.com/dp/B07J1WWBHN?tag=eloabder-20&linkCode=osi&th=1&psc=1"><img src="https://m.media-amazon.com/images/I/51gmkDrnR2L._SL500_.jpg" alt="Product Image"></a><p>Bissell Powerforce Helix Bagless Washable Premotor Filter #1608225, Black</p><p>$7.78</p><a href="https://www.amazon.com/dp/B07J1WWBHN?tag=eloabder-20&linkCode=osi&th=1&psc=1">View Product</a></div><div class="product"><a href="https://www.amazon.com/dp/B0BK64TMMK?tag=eloabder-20&linkCode=osi&th=1&psc=1"><img src="https://m.media-amazon.com/images/I/41OBMvET7eL._SL500_.jpg" alt="Product Image"></a><p>Vacuum Belt Replacement for Bissell Cleanview Swivel Pet Upright Bagless/Powerlifter Vacuum Cleaner, fits model: 2252, 2254, 22543, 2258,2259, 2260,2316, 2739, 1793, Parts # 3031120, 32074</p><p>$6.99</p><a href="https://www.amazon.com/dp/B0BK64TMMK?tag=eloabder-20&linkCode=osi&th=1&psc=1">View Product</a></div><div class="product"><a href="https://www.amazon.com/dp/B0BKKL3WRB?tag=eloabder-20&linkCode=osi&th=1&psc=1"><img src="https://m.media-amazon.com/images/I/410jMe-FjIL._SL500_.jpg" alt="Product Image"></a><p>Aolleteau F1 HEPA Filter Compatible with Dirt Devil Bagless Upright Cleaner Models Extra Lite, Breeze, Featherlite Bagless, Jaguar Bagless,Platinum Force Vision, Scorpion and Vision Bagless (2 Pack)</p><p>$13.99 ($7.00 / Count)</p><a href="https://www.amazon.com/dp/B0BKKL3WRB?tag=eloabder-20&linkCode=osi&th=1&psc=1">View Product</a></div><div class="product"><a href="https://www.amazon.com/dp/B09SG1P4WN?tag=eloabder-20&linkCode=osi&th=1&psc=1"><img src="https://m.media-amazon.com/images/I/51+Mr+Wq5ML._SL500_.jpg" alt="Product Image"></a><p>NEN110A Vacuum Filter, Inlet Frame and Sponge Filter Compatible with Eureka Whirlwind Bagless Canister Vacuum Cleaner, Fits NEN110A, NEN110B, NEN110D(4-Pack)</p><p>$15.99 ($4.00 / Count)</p><a href="https://www.amazon.com/dp/B09SG1P4WN?tag=eloabder-20&linkCode=osi&th=1&psc=1">View Product</a></div>
<div class="product"><a href="https://www.amazon.com/dp/B07GT9VB9X?tag=eloabder-20&linkCode=osi&th=1&psc=1"><img src="https://m.media-amazon.com/images/I/41IokheYtNL._SL500_.jpg" alt="Product Image"></a><p>6 Pack 1940 Bissell Steam Mop Pads for Bissell PowerFresh Steam Mop 1806 1544 1440 2075A 2685A 1940W 19404 Series, Model 19402 19408 1940a 1940f 1940q 1940t B0006 B0017, Part #5938#203-2633</p><p>$16.99 ($2.83 / Count)</p><a href="https://www.amazon.com/dp/B07GT9VB9X?tag=eloabder-20&linkCode=osi&th=1&psc=1">View Product</a></div><div class="product"><a href="https://www.amazon.com/dp/B07H3MYZLD?tag=eloabder-20&linkCode=osi&th=1&psc=1"><img src="https://m.media-amazon.com/images/I/511p6MPxQ0L._SL500_.jpg" alt="Product Image"></a><p>Flammi Steam Pocket Mop Replacement Pads for Shark S3500 Series S3501 S3601 S3550 S3901 SE450 S3801CO S3601D S2901 S2902 Steam Pocket Mop, 4 Pack</p><p>$16.97 ($4.24 / Count)</p><a href="https://www.amazon.com/dp/B07H3MYZLD?tag=eloabder-20&linkCode=osi&th=1&psc=1">View Product</a></div><div class="product"><a href="https://www.amazon.com/dp/B0C8SH97HN?tag=eloabder-20&linkCode=osi&th=1&psc=1"><img src="https://m.media-amazon.com/images/I/31Mex4y7odL._SL500_.jpg" alt="Product Image"></a><p>HOMEXCEL Steam Mop Replacement Pads Compatible with Bissell Powerfresh Steam Mop 1940 1806 1440 1544 Series, Model 19402 19404 19408 2685A 2075A 1940A 1940Q 1940T 1940W, Steam Mop Pads Refills,4 Pack</p><p>$9.99 ($2.50 / Count)</p><a href="https://www.amazon.com/dp/B0C8SH97HN?tag=eloabder-20&linkCode=osi&th=1&psc=1">View Product</a></div><div class="product"><a href="https://www.amazon.com/dp/B0BFWTXS33?tag=eloabder-20&linkCode=osi&th=1&psc=1"><img src="https://m.media-amazon.com/images/I/51pa2h7o0EL._SL500_.jpg" alt="Product Image"></a><p>12 Pack 1940 Steam Mop Replacement Pads for Bissell Powerfresh Steam Mop 1940 1440 1806 1544 2075 2685A 2814 Series, Model 19402 19404 19408 19409 1940A 1940F 1940Q 1940T 1940W B0006 B0017 2075A 15441</p><p>$24.99</p><a href="https://www.amazon.com/dp/B0BFWTXS33?tag=eloabder-20&linkCode=osi&th=1&psc=1">View Product</a></div><div class="product"><a href="https://www.amazon.com/dp/B0CLP5QGTY?tag=eloabder-20&linkCode=osi&th=1&psc=1"><img src="https://m.media-amazon.com/images/I/414HqpKde9L._SL500_.jpg" alt="Product Image"></a><p>10 Pack 1940 1806 2685A Steam Mop Pads For Bissell Powerfresh Steam Mop Deluxe Pet Lift-Off Plus Slim Scrubbing Steam Mop Replacement Pad 1940A 2814 1544A 2075A Power Fresh Steamer Pad Refill Washable</p><p>$22.99 ($2.30 / Count)</p><a href="https://www.amazon.com/dp/B0CLP5QGTY?tag=eloabder-20&linkCode=osi&th=1&psc=1">View Product</a></div><div class="product"><a href="https://www.amazon.com/dp/B078BBKBPV?tag=eloabder-20&linkCode=osi&th=1&psc=1"><img src="https://m.media-amazon.com/images/I/51WcJqtOUIL._SL500_.jpg" alt="Product Image"></a><p>Tidy Monster Steam Mop Replacement Pads Compatible with Bissell Powerfresh Steam Mop 1940 1806 1544 1440 2075A 2685A Series, Part # 5938 & 203-2633, 1606668 & 1606669 (4 Pack Scrub Plush)</p><p>$9.99</p><a href="https://www.amazon.com/dp/B078BBKBPV?tag=eloabder-20&linkCode=osi&th=1&psc=1">View Product</a></div><div class="product"><a href="https://www.amazon.com/dp/B00A6G37SU?tag=eloabder-20&linkCode=osi&th=1&psc=1"><img src="https://m.media-amazon.com/images/I/51xo0LB-SpL._SL500_.jpg" alt="Product Image"></a><p>BISSELL PowerFresh Steam Mop Pads (Pack of 2) with Fragrance discs (4 ct), 5938</p><p>$21.26 ($10.63 / Count)</p><a href="https://www.amazon.com/dp/B00A6G37SU?tag=eloabder-20&linkCode=osi&th=1&psc=1">View Product</a></div>
<div class="product"><a href="https://www.amazon.com/dp/B0D2QFVY7H?tag=eloabder-20&linkCode=osi&th=1&psc=1"><img src="https://m.media-amazon.com/images/I/417B7H+vvML._SL500_.jpg" alt="Product Image"></a><p>Kenmore KS1010 Deep Clean & Revitalize Pet Carpet Cleaner Formula, 64 oz, White, 64 Fl Oz</p><p>$22.73 ($0.36 / Fl Oz)</p><a href="https://www.amazon.com/dp/B0D2QFVY7H?tag=eloabder-20&linkCode=osi&th=1&psc=1">View Product</a></div><div class="product"><a href="https://www.amazon.com/dp/B0BNK8ZJJ1?tag=eloabder-20&linkCode=osi&th=1&psc=1"><img src="https://m.media-amazon.com/images/I/51z0Pc4xcNL._SL500_.jpg" alt="Product Image"></a><p>Bissell Spotlifter Pet Carpet and Upholstery Cleaner with Brush Head - 4 Pack, 93523</p><p>$23.88 ($0.50 / Fl Oz)</p><a href="https://www.amazon.com/dp/B0BNK8ZJJ1?tag=eloabder-20&linkCode=osi&th=1&psc=1">View Product</a></div><div class="product"><a href="https://www.amazon.com/dp/B0CX245D26?tag=eloabder-20&linkCode=osi&th=1&psc=1"><img src="https://m.media-amazon.com/images/I/411CSXvvO1L._SL500_.jpg" alt="Product Image"></a><p>BISSELLÂ® Spot & Stain with Febreze + Gain Original Scent Formula for Little Green Devices, Portable Carpet Cleaners (3968)</p><p>$12.99 ($0.41 / Fl Oz)</p><a href="https://www.amazon.com/dp/B0CX245D26?tag=eloabder-20&linkCode=osi&th=1&psc=1">View Product</a></div><div class="product"><a href="https://www.amazon.com/dp/B083VZW4R5?tag=eloabder-20&linkCode=osi&th=1&psc=1"><img src="https://m.media-amazon.com/images/I/413BULPLmBL._SL500_.jpg" alt="Product Image"></a><p>BISSELL Multi-Surface Pet Formula with Febreze Freshness for Crosswave (80 oz), 2295L</p><p>$22.99 ($0.29 / Fl Oz)</p><a href="https://www.amazon.com/dp/B083VZW4R5?tag=eloabder-20&linkCode=osi&th=1&psc=1">View Product</a></div><div class="product"><a href="https://www.amazon.com/dp/B0D2RGW219?tag=eloabder-20&linkCode=osi&th=1&psc=1"><img src="https://m.media-amazon.com/images/I/41gD+82tnAL._SL500_.jpg" alt="Product Image"></a><p>Vacmaster Clean & Restore Carpet Cleaner Formula â€“ CCS03</p><p>$19.99 ($0.31 / Fl Oz)</p><a href="https://www.amazon.com/dp/B0D2RGW219?tag=eloabder-20&linkCode=osi&th=1&psc=1">View Product</a></div>






<div class="product"><a href="https://www.amazon.com/dp/B0BY64HQTP?tag=eloabder-20&linkCode=osi&th=1&psc=1"><img src="https://m.media-amazon.com/images/I/41hUxHuASYL._SL500_.jpg" alt="Product Image"></a><p>Air Conditioning Motor WZDK13-38G-1(RD-310-13-8) DC Brushless Fan Motor, 13W Inverter air Conditioner Motor DC Motor for Central air Conditioner</p><p>$39.95</p><a href="https://www.amazon.com/dp/B0BY64HQTP?tag=eloabder-20&linkCode=osi&th=1&psc=1">View Product</a></div><div class="product"><a href="https://www.amazon.com/dp/B0CM5YB884?tag=eloabder-20&linkCode=osi&th=1&psc=1"><img src="https://m.media-amazon.com/images/I/310lQ2tAvLL._SL500_.jpg" alt="Product Image"></a><p>Sparkfix OEM WZDK20-38G (ZKFP-20-8-6) Air Conditioner Replacement Motors DC280V 20W Air Conditioning Fan Motor Inverter Air Conditioner Brushless DC Motor 1300RPM CCW</p><p>$42.79</p><a href="https://www.amazon.com/dp/B0CM5YB884?tag=eloabder-20&linkCode=osi&th=1&psc=1">View Product</a></div>













<div class="product"><a href="https://www.amazon.com/dp/B009PCI2JU?tag=eloabder-20&linkCode=osi&th=1&psc=1"><img src="https://m.media-amazon.com/images/I/310ZJurANUL._SL500_.jpg" alt="Product Image"></a><p>GE RPWFE Refrigerator Water Filter | Certified to Reduce Lead, Sulfur, and 50+ Other Impurities | Replace Every 6 Months for Best Results | Pack of 1</p><p>$49.98</p><a href="https://www.amazon.com/dp/B009PCI2JU?tag=eloabder-20&linkCode=osi&th=1&psc=1">View Product</a></div><div class="product"><a href="https://www.amazon.com/dp/B0882ZJ48W?tag=eloabder-20&linkCode=osi&th=1&psc=1"><img src="https://m.media-amazon.com/images/I/41110o9sUoL._SL500_.jpg" alt="Product Image"></a><p>GE XWFE Refrigerator Water Filter | Certified to Reduce Lead, Sulfur, and 50+ Other Impurities | Replace Every 6 Months for Best Results | Pack of 1, White</p><p>$49.00</p><a href="https://www.amazon.com/dp/B0882ZJ48W?tag=eloabder-20&linkCode=osi&th=1&psc=1">View Product</a></div><div class="product"><a href="https://www.amazon.com/dp/B074HLRXMP?tag=eloabder-20&linkCode=osi&th=1&psc=1"><img src="https://m.media-amazon.com/images/I/21oDpGCQXiL._SL500_.jpg" alt="Product Image"></a><p>LG LT1000P - 6 Month / 200 Gallon Capacity Replacement Refrigerator Water Filter (NSF42, NSF53, and NSF401) ADQ74793501, ADQ75795105, or AGF80300704 , White</p><p>$47.00</p><a href="https://www.amazon.com/dp/B074HLRXMP?tag=eloabder-20&linkCode=osi&th=1&psc=1">View Product</a></div><div class="product"><a href="https://www.amazon.com/dp/B01BKWSHHE?tag=eloabder-20&linkCode=osi&th=1&psc=1"><img src="https://m.media-amazon.com/images/I/31E2+zlkvjL._SL500_.jpg" alt="Product Image"></a><p>Frigidaire EPTWFU01 Water Filtration Filter, 1 Count, White</p><p>$42.99</p><a href="https://www.amazon.com/dp/B01BKWSHHE?tag=eloabder-20&linkCode=osi&th=1&psc=1">View Product</a></div><div class="product"><a href="https://www.amazon.com/dp/B08V6JB9R7?tag=eloabder-20&linkCode=osi&th=1&psc=1"><img src="https://m.media-amazon.com/images/I/31PRPEffCZL._SL500_.jpg" alt="Product Image"></a><p>Frigidaire FPPWFU01 PurePour PWF-1 Water Filter 1 Count (Pack of 1)</p><p>$45.81</p><a href="https://www.amazon.com/dp/B08V6JB9R7?tag=eloabder-20&linkCode=osi&th=1&psc=1">View Product</a></div><div class="product"><a href="https://www.amazon.com/dp/B000AST3AK?tag=eloabder-20&linkCode=osi&th=1&psc=1"><img src="https://m.media-amazon.com/images/I/41DUoSxpwTS._SL500_.jpg" alt="Product Image"></a><p>GE MWF Refrigerator Water Filter | Certified to Reduce Lead, Sulfur, and 50+ Other Impurities | Replace Every 6 Months for Best Results | Pack of 1</p><p>$39.98</p><a href="https://www.amazon.com/dp/B000AST3AK?tag=eloabder-20&linkCode=osi&th=1&psc=1">View Product</a></div><div class="product"><a href="https://www.amazon.com/dp/B0CFZR7K8D?tag=eloabder-20&linkCode=osi&th=1&psc=1"><img src="https://m.media-amazon.com/images/I/31WM5sdhKLL._SL500_.jpg" alt="Product Image"></a><p>HMASAV W10295370A water filter replacement, Compatible with EDR1RXD1,EDR1RXD1B,W10295370,Filter 1,WHR1RXD1,KAD1RXD1,P4RFWB,P8RFWB2L,46-9930,46-9081 2PACK</p><p>$29.99 ($15.00 / Count)</p><a href="https://www.amazon.com/dp/B0CFZR7K8D?tag=eloabder-20&linkCode=osi&th=1&psc=1">View Product</a></div><div class="product"><a href="https://www.amazon.com/dp/B07JM9TTTT?tag=eloabder-20&linkCode=osi&th=1&psc=1"><img src="https://m.media-amazon.com/images/I/41CfAtJ8TPL._SL500_.jpg" alt="Product Image"></a><p>GLACIER FRESH LT1000PC Replacement Water Filter, Compatible with LT1000PC/PCS, LT1000PC, LT-1000PC, MDJ64844601, ADQ747935 ADQ74793504 Filter and LT120F ADQ73334008 Fresh Air (3+3)</p><p>$39.99 ($13.33 / Count)</p><a href="https://www.amazon.com/dp/B07JM9TTTT?tag=eloabder-20&linkCode=osi&th=1&psc=1">View Product</a></div><div class="product"><a href="https://www.amazon.com/dp/B003N1ZSYG?tag=eloabder-20&linkCode=osi&th=1&psc=1"><img src="https://m.media-amazon.com/images/I/31Mbrkrxu1L._SL500_.jpg" alt="Product Image"></a><p>SAMSUNG Genuine Filter for Refrigerator Water and Ice, Carbon Block Filtration for Clean, Clear Drinking Water, 6-Month Life, HAF-CIN/EXP, 1 Pack</p><p>$39.99</p><a href="https://www.amazon.com/dp/B003N1ZSYG?tag=eloabder-20&linkCode=osi&th=1&psc=1">View Product</a></div>









<div class="product"><a href="https://www.amazon.com/dp/B0B2NZ47HN?tag=eloabder-20&linkCode=osi&th=1&psc=1"><img src="https://m.media-amazon.com/images/I/41nC6c2XxJL._SL500_.jpg" alt="Product Image"></a><p>OTE Portable Sparkling Water Maker Soda Maker Machine for home with 20PCS Cylinders 450ml Personal seltzer Carbonators Electroless Double Layer PET Bottle BPA Free Double Pressure Relief Valves -Pink</p><p>$49.99</p><a href="https://www.amazon.com/dp/B0B2NZ47HN?tag=eloabder-20&linkCode=osi&th=1&psc=1">View Product</a></div><div class="product"><a href="https://www.amazon.com/dp/B09DY54L7M?tag=eloabder-20&linkCode=osi&th=1&psc=1"><img src="https://m.media-amazon.com/images/I/31LSpnm3G8L._SL500_.jpg" alt="Product Image"></a><p>MOSOLAN Bottle Cleaning Brush, 17 Inches Extra Long Handle Water Bottle Brush, Flexible Bendable Cleaner for Washing Narrow Neck Bottles, Wine Decanter, Kombucha, Pipes, Beer Brewing Supplies, 2 Pack</p><p>$11.95 ($5.98 / Count)</p><a href="https://www.amazon.com/dp/B09DY54L7M?tag=eloabder-20&linkCode=osi&th=1&psc=1">View Product</a></div><div class="product"><a href="https://www.amazon.com/dp/B0736CBNDN?tag=eloabder-20&linkCode=osi&th=1&psc=1"><img src="https://m.media-amazon.com/images/I/41tWXmwP5KL._SL500_.jpg" alt="Product Image"></a><p>#2 Filter Pads (10 Pack Bulk) Compatible with Mini Jet Machine | #2 1.8-2.5 micron | 2 Micron Filtering pads. Filter Wine Beer, Kombucha, Mead Mash. Polishing filtration| Not a Buon Vino product.</p><p>$18.99</p><a href="https://www.amazon.com/dp/B0736CBNDN?tag=eloabder-20&linkCode=osi&th=1&psc=1">View Product</a></div>









<div class="product"><a href="https://www.amazon.com/dp/B07YGN577Y?tag=eloabder-20&linkCode=osi&th=1&psc=1"><img src="https://m.media-amazon.com/images/I/31kfZiyDMUL._SL500_.jpg" alt="Product Image"></a><p>9870163 Trash Power Nut WP9870163 L8</p><p>$50.36</p><a href="https://www.amazon.com/dp/B07YGN577Y?tag=eloabder-20&linkCode=osi&th=1&psc=1">View Product</a></div>

<div class="product"><a href="https://www.amazon.com/dp/B0CWQLM4C7?tag=eloabder-20&linkCode=osi&th=1&psc=1"><img src="https://m.media-amazon.com/images/I/41gTEIOjtlL._SL500_.jpg" alt="Product Image"></a><p>7" Seven Seconds Lazy Kitchen Food Making Tools - Multifunctional Fruit Vegetable Chopper Quick Garlic Peeling Machine Convenient Food Chopper for Slicing,Juice,Grinding</p><p>$32.99</p><a href="https://www.amazon.com/dp/B0CWQLM4C7?tag=eloabder-20&linkCode=osi&th=1&psc=1">View Product</a></div>













<div class="product"><a href="https://www.amazon.com/dp/B00UTFZAII?tag=eloabder-20&linkCode=osi&th=1&psc=1"><img src="https://m.media-amazon.com/images/I/31z7hZ6KbXL._SL500_.jpg" alt="Product Image"></a><p>Miele 10123210 AirClean 3D Efficiency Dust Bag, Type GN, 4 Bags & 2 Filters, White</p><p>$21.86 ($21.86 / Count)</p><a href="https://www.amazon.com/dp/B00UTFZAII?tag=eloabder-20&linkCode=osi&th=1&psc=1">View Product</a></div><div class="product"><a href="https://www.amazon.com/dp/B07WHG6J5S?tag=eloabder-20&linkCode=osi&th=1&psc=1"><img src="https://m.media-amazon.com/images/I/41hnaEOxB9L._SL500_.jpg" alt="Product Image"></a><p>KEEPOW Vacuum Filters for Eureka, Power Speed Vacuum Filters Replacement for Eureka NEU182A, NEU182B, NEU280, NEU180, NEU181, NEU188, NEU202 Bagless Upright Vacuum Cleaner, Part E0202 (4 Pack)</p><p>$9.99 ($2.50 / Count)</p><a href="https://www.amazon.com/dp/B07WHG6J5S?tag=eloabder-20&linkCode=osi&th=1&psc=1">View Product</a></div><div class="product"><a href="https://www.amazon.com/dp/B00UTFZB82?tag=eloabder-20&linkCode=osi&th=1&psc=1"><img src="https://m.media-amazon.com/images/I/41WdlL5T0dL._SL500_.jpg" alt="Product Image"></a><p>Miele AirClean 3D Efficiency Dust Bag, Type FJM, 4 Bags & 2 Filters, White</p><p>$18.99</p><a href="https://www.amazon.com/dp/B00UTFZB82?tag=eloabder-20&linkCode=osi&th=1&psc=1">View Product</a></div><div class="product"><a href="https://www.amazon.com/dp/B09NKP346M?tag=eloabder-20&linkCode=osi&th=1&psc=1"><img src="https://m.media-amazon.com/images/I/41o25nqkODL._SL500_.jpg" alt="Product Image"></a><p>Anewise 6 Pack Filter Replacement for Bissell Powerforce Compact Lightweight Upright 2112 1520 for Bissel Turbo Bagless 2690 Cleanview 3437 3508 Vacuum Cleaner, Compare to Parts #1604896/160-4896</p><p>$12.99</p><a href="https://www.amazon.com/dp/B09NKP346M?tag=eloabder-20&linkCode=osi&th=1&psc=1">View Product</a></div><div class="product"><a href="https://www.amazon.com/dp/B01MQ5NITB?tag=eloabder-20&linkCode=osi&th=1&psc=1"><img src="https://m.media-amazon.com/images/I/41J6lG4H1bL._SL500_.jpg" alt="Product Image"></a><p>Bissell Style 7 3 Pack Vacuum Cleaner Bags, White, 3 Count</p><p>$8.69 ($2.90 / Count)</p><a href="https://www.amazon.com/dp/B01MQ5NITB?tag=eloabder-20&linkCode=osi&th=1&psc=1">View Product</a></div><div class="product"><a href="https://www.amazon.com/dp/B0CDH1JY5D?tag=eloabder-20&linkCode=osi&th=1&psc=1"><img src="https://m.media-amazon.com/images/I/516DPXu4siL._SL500_.jpg" alt="Product Image"></a><p>4 Pack Replacement Filters Compatiable with Wyze Cordless Vacuum Cleaner, Removable and Washable HEPA Filter Accessories Part Set with 1 Cleaning Brush for Wyze Handheld Cordless Vacuum Cleaner</p><p>$15.99 ($4.00 / Count)</p><a href="https://www.amazon.com/dp/B0CDH1JY5D?tag=eloabder-20&linkCode=osi&th=1&psc=1">View Product</a></div><div class="product"><a href="https://www.amazon.com/dp/B07P3WB37F?tag=eloabder-20&linkCode=osi&th=1&psc=1"><img src="https://m.media-amazon.com/images/I/51WaYrkiVXL._SL500_.jpg" alt="Product Image"></a><p>Miele AirClean 3D Efficiency Dust Bag, Type GN, XL Value Pack, 8 Bags and 4 Filters</p><p>$36.99</p><a href="https://www.amazon.com/dp/B07P3WB37F?tag=eloabder-20&linkCode=osi&th=1&psc=1">View Product</a></div><div class="product"><a href="https://www.amazon.com/dp/B09DSY4Z2T?tag=eloabder-20&linkCode=osi&th=1&psc=1"><img src="https://m.media-amazon.com/images/I/51+ref3EeAL._SL500_.jpg" alt="Product Image"></a><p>Filter Replacement for Tineco A10 A11 Hero A10/A11 Master PURE ONE S11 Series, S12, X Cordless Vacuum Cleaner (3 PACK) â€¦</p><p>$12.99 ($4.33 / Count)</p><a href="https://www.amazon.com/dp/B09DSY4Z2T?tag=eloabder-20&linkCode=osi&th=1&psc=1">View Product</a></div>


<div class="product"><a href="https://www.amazon.com/dp/B0BXRR5QFV?tag=eloabder-20&linkCode=osi&th=1&psc=1"><img src="https://m.media-amazon.com/images/I/41sjdBkCp8L._SL500_.jpg" alt="Product Image"></a><p>AC Infinity CLOUDFORGE T7, Plant Humidifier 15L with VPD Humidity Controls, 10-Level Precision Vaporizer, Extendable Hose, Targeting Pipe, and No-Leak Seal for Grow Tents</p><p>$159.00</p><a href="https://www.amazon.com/dp/B0BXRR5QFV?tag=eloabder-20&linkCode=osi&th=1&psc=1">View Product</a></div><div class="product"><a href="https://www.amazon.com/dp/B01N6MV8SA?tag=eloabder-20&linkCode=osi&th=1&psc=1"><img src="https://m.media-amazon.com/images/I/41hX08+W1xL._SL500_.jpg" alt="Product Image"></a><p>Protec Humidifier Tank Cleaner, 1 Count - Colors May Vary</p><p>$5.98</p><a href="https://www.amazon.com/dp/B01N6MV8SA?tag=eloabder-20&linkCode=osi&th=1&psc=1">View Product</a></div><div class="product"><a href="https://www.amazon.com/dp/B07GXBTH82?tag=eloabder-20&linkCode=osi&th=1&psc=1"><img src="https://m.media-amazon.com/images/I/41ibxK12JPL._SL500_.jpg" alt="Product Image"></a><p>Essick Air 1970-2 Humidifier, 2-Quart Bacteriostatic Treatment, 2 Pack, Clear, 2</p><p>$22.99</p><a href="https://www.amazon.com/dp/B07GXBTH82?tag=eloabder-20&linkCode=osi&th=1&psc=1">View Product</a></div><div class="product"><a href="https://www.amazon.com/dp/B08TTT3K9B?tag=eloabder-20&linkCode=osi&th=1&psc=1"><img src="https://m.media-amazon.com/images/I/41U6j9SexmL._SL500_.jpg" alt="Product Image"></a><p>Leemone Humidifier Cleaner 12 Pack, Demineralization Cleaning Ball, Works in All humidifiers and Fish Tanks, Purifies Water, Prevents Hard Water Build-Up, Eliminates White Dust and Odor</p><p>$14.44</p><a href="https://www.amazon.com/dp/B08TTT3K9B?tag=eloabder-20&linkCode=osi&th=1&psc=1">View Product</a></div>
<div class="product"><a href="https://www.amazon.com/dp/B07YD4XCT3?tag=eloabder-20&linkCode=osi&th=1&psc=1"><img src="https://m.media-amazon.com/images/I/41hR81iKyJL._SL500_.jpg" alt="Product Image"></a><p>Vacplus Moisture Absorber Packets, Fragrance Free(10 Pack), Humidity Packs, Hanging Closet Dehumidifier Bags, Desiccant 9.8OZ</p><p>$21.99</p><a href="https://www.amazon.com/dp/B07YD4XCT3?tag=eloabder-20&linkCode=osi&th=1&psc=1">View Product</a></div><div class="product"><a href="https://www.amazon.com/dp/B09LQF5V5K?tag=eloabder-20&linkCode=osi&th=1&psc=1"><img src="https://m.media-amazon.com/images/I/51Cx5ECAotL._SL500_.jpg" alt="Product Image"></a><p>CLEVAST Moisture Absorbers Packets 10 Pack, Dehumidifier Bags for Closet, Unscented Hanging Humidity Absorber in Wardrobes, Bedrooms, Bathrooms(230g/pack)</p><p>$16.98</p><a href="https://www.amazon.com/dp/B09LQF5V5K?tag=eloabder-20&linkCode=osi&th=1&psc=1">View Product</a></div><div class="product"><a href="https://www.amazon.com/dp/B0B8L9QRW8?tag=eloabder-20&linkCode=osi&th=1&psc=1"><img src="https://m.media-amazon.com/images/I/518LgtpPi8L._SL500_.jpg" alt="Product Image"></a><p>Arm & Hammer Essentials Disposable Moisture Absorber and Odor Eliminator Tub, Fragrance Free, 1 lb, 3-Pack, Attracts and Traps Excess Moisture, Ideal Closet Dehumidifier, White</p><p>$24.94 ($0.52 / Ounce)</p><a href="https://www.amazon.com/dp/B0B8L9QRW8?tag=eloabder-20&linkCode=osi&th=1&psc=1">View Product</a></div><div class="product"><a href="https://www.amazon.com/dp/B09W9TPJGZ?tag=eloabder-20&linkCode=osi&th=1&psc=1"><img src="https://m.media-amazon.com/images/I/51pVTVMwHbL._SL500_.jpg" alt="Product Image"></a><p>THECOSKY Dehumidifier and Air Purifier Combo,HEPA H13 Filter and Negative Air Ion Function,54oz(1.6L) Water Tank with Drain Hose,24hrs Auto-Off Timer,Idea for Bedroom,Bathroom,Closet,RV</p><p>$109.99</p><a href="https://www.amazon.com/dp/B09W9TPJGZ?tag=eloabder-20&linkCode=osi&th=1&psc=1">View Product</a></div><div class="product"><a href="https://www.amazon.com/dp/B0CXDG65LZ?tag=eloabder-20&linkCode=osi&th=1&psc=1"><img src="https://m.media-amazon.com/images/I/41HNflmbKHL._SL500_.jpg" alt="Product Image"></a><p>14 x 17.5 x1.75 MERV 13 Replacement Dehumidifier Filter Compatible with Santa Fe Advance90, Advance100, Advance120, Honeywell DR90 & DR120 dehumidifier models, 2 Pack</p><p>$42.99</p><a href="https://www.amazon.com/dp/B0CXDG65LZ?tag=eloabder-20&linkCode=osi&th=1&psc=1">View Product</a></div>
<div class="product"><a href="https://www.amazon.com/dp/B088B921NQ?tag=eloabder-20&linkCode=osi&th=1&psc=1"><img src="https://m.media-amazon.com/images/I/612e4cT3RYL._SL500_.jpg" alt="Product Image"></a><p>ULTTY H13 HEPA Replacement Filter with Medical Coating, True HEPA Filter For R021/ R020 Purifying Fan, Medium</p><p>$29.99</p><a href="https://www.amazon.com/dp/B088B921NQ?tag=eloabder-20&linkCode=osi&th=1&psc=1">View Product</a></div><div class="product"><a href="https://www.amazon.com/dp/B0D2MZ4Y7Z?tag=eloabder-20&linkCode=osi&th=1&psc=1"><img src="https://m.media-amazon.com/images/I/51KgTHizWyL._SL500_.jpg" alt="Product Image"></a><p>Butto 5-Pack Ceiling Fan Filters for Blades - Strong Adhesive Ceiling Fan Filters for Common Household Contaminants - Unscented Coconut Carbon Fan Air Purifier Pads to Make Air Fresh and Natural</p><p>$9.98</p><a href="https://www.amazon.com/dp/B0D2MZ4Y7Z?tag=eloabder-20&linkCode=osi&th=1&psc=1">View Product</a></div><div class="product"><a href="https://www.amazon.com/dp/B0C42HCM21?tag=eloabder-20&linkCode=osi&th=1&psc=1"><img src="https://m.media-amazon.com/images/I/31jk3lpoygL._SL500_.jpg" alt="Product Image"></a><p>Barnakl Ceiling Fan Filters | Activated Coconut Shell Carbon Filter | Easy-Stick Universal Ceiling Fan Air Filters | Unscented Ceiling Fan Blade Filters for Common Household Contaminants, (3-Count)</p><p>$19.99 ($6.66 / Count)</p><a href="https://www.amazon.com/dp/B0C42HCM21?tag=eloabder-20&linkCode=osi&th=1&psc=1">View Product</a></div>
<div class="product"><a href="https://www.amazon.com/dp/B08LZWP29P?tag=eloabder-20&linkCode=osi&th=1&psc=1"><img src="https://m.media-amazon.com/images/I/41NLuzzFW9L._SL500_.jpg" alt="Product Image"></a><p>Chromex Tankless Water Heater Descaling Solution | Highly Effective Descaler Restores Heating Efficiency, Quart, 32 fl oz (1)</p><p>$26.99</p><a href="https://www.amazon.com/dp/B08LZWP29P?tag=eloabder-20&linkCode=osi&th=1&psc=1">View Product</a></div>

<div class="product"><a href="https://www.amazon.com/dp/B005UO4OWQ?tag=eloabder-20&linkCode=osi&th=1&psc=1"><img src="https://m.media-amazon.com/images/I/41oQPKFofoL._SL500_.jpg" alt="Product Image"></a><p>Bissell 203-7458 Brushroll, Bg10/86T3, Black</p><p>$21.26 ($21.26 / Count)</p><a href="https://www.amazon.com/dp/B005UO4OWQ?tag=eloabder-20&linkCode=osi&th=1&psc=1">View Product</a></div>





















<div class="product"><a href="https://www.amazon.com/dp/B0014J7FUY?tag=eloabder-20&linkCode=osi&th=1&psc=1"><img src="https://m.media-amazon.com/images/I/31QrM+IPxOL._SL500_.jpg" alt="Product Image"></a><p>Urnex Grindz Professional Coffee Grinder Cleaning Tablets - 430 Grams - All Natural Food Safe Gluten Free - Cleans Burr and Casing - Help Extend Life of Your Grinder</p><p>$25.99 ($1.71 / Ounce)</p><a href="https://www.amazon.com/dp/B0014J7FUY?tag=eloabder-20&linkCode=osi&th=1&psc=1">View Product</a></div>



<div class="product"><a href="https://www.amazon.com/dp/B0CHW317SG?tag=eloabder-20&linkCode=osi&th=1&psc=1"><img src="https://m.media-amazon.com/images/I/41Qd5Iu3qBL._SL500_.jpg" alt="Product Image"></a><p>EUHOMY 55 Can Beverage Refrigerator cooler-Mini Fridge Glass Door for Beer Drinks Wines, Freestanding Beverage Fridge with Adjustable Shelves Blue LED for Home/Office/Dorm/Bar (1.3cu.ft)</p><p>$128.99</p><a href="https://www.amazon.com/dp/B0CHW317SG?tag=eloabder-20&linkCode=osi&th=1&psc=1">View Product</a></div>

<div class="product"><a href="https://www.amazon.com/dp/B099CN2MRK?tag=eloabder-20&linkCode=osi&th=1&psc=1"><img src="https://m.media-amazon.com/images/I/31CvUCIUX5L._SL500_.jpg" alt="Product Image"></a><p>Genuine PuroAir 240 Replacement Filter - Replacement HEPA Filter for PuroAir 240 Purifier - Captures up to 99% of Pollen, Smoke, Pollen, Dust and Common Household Pollutants</p><p>$48.00</p><a href="https://www.amazon.com/dp/B099CN2MRK?tag=eloabder-20&linkCode=osi&th=1&psc=1">View Product</a></div><div class="product"><a href="https://www.amazon.com/dp/B0055521W0?tag=eloabder-20&linkCode=osi&th=1&psc=1"><img src="https://m.media-amazon.com/images/I/41Hs7ixdyXL._SL500_.jpg" alt="Product Image"></a><p>GermGuardian Filter B HEPA Pure Genuine Air Purifier Replacement Filter, Removes 99.97% of Pollutants for AC4825, AC4300, AC4900, AC4825DLX, AC4850, CDAP4500, AP2200, Black/Yellow, FLT4825</p><p>$17.90 ($17.90 / Count)</p><a href="https://www.amazon.com/dp/B0055521W0?tag=eloabder-20&linkCode=osi&th=1&psc=1">View Product</a></div><div class="product"><a href="https://www.amazon.com/dp/B0BNMYKZPV?tag=eloabder-20&linkCode=osi&th=1&psc=1"><img src="https://m.media-amazon.com/images/I/41-K3mB6KkL._SL500_.jpg" alt="Product Image"></a><p>2 Pack True HEPA KILO Filter Compatible with Afloia KILO, KILOPLUS, KILOPRO, MIRO,MIRO PRO and MORENTO MR-Kilo, Kalo Air Purifier, 360Â° 3-Stage Filtration</p><p>$34.99 ($17.50 / Count)</p><a href="https://www.amazon.com/dp/B0BNMYKZPV?tag=eloabder-20&linkCode=osi&th=1&psc=1">View Product</a></div><div class="product"><a href="https://www.amazon.com/dp/B0D3M4Y9W7?tag=eloabder-20&linkCode=osi&th=1&psc=1"><img src="https://m.media-amazon.com/images/I/41tzW+mkZuL._SL500_.jpg" alt="Product Image"></a><p>Breshair 14 True HEPA Filter Replacement Compatible with PuroAir 240 Air Purifier, 3-in-1 Filtration System with Activated Carbon Filter, 2-Pack</p><p>$31.56 ($15.78 / Count)</p><a href="https://www.amazon.com/dp/B0D3M4Y9W7?tag=eloabder-20&linkCode=osi&th=1&psc=1">View Product</a></div><div class="product"><a href="https://www.amazon.com/dp/B0CB18MVX6?tag=eloabder-20&linkCode=osi&th=1&psc=1"><img src="https://m.media-amazon.com/images/I/519ZmmLOrzL._SL500_.jpg" alt="Product Image"></a><p>2 Pack 3-in-1 H13 True HEPA Replacement Filter Compatible with Pure Enrichment PureZone Air Purifier Part# PEAIRPLG</p><p>$23.99 ($12.00 / Count)</p><a href="https://www.amazon.com/dp/B0CB18MVX6?tag=eloabder-20&linkCode=osi&th=1&psc=1">View Product</a></div><div class="product"><a href="https://www.amazon.com/dp/B08JTZMRML?tag=eloabder-20&linkCode=osi&th=1&psc=1"><img src="https://m.media-amazon.com/images/I/51yx60sCjHL._SL500_.jpg" alt="Product Image"></a><p>6 Pack HPA300 HEPA Filter Replacement for Honeywell HPA300 Series Air Purifiers HPA300, HPA300VP, HPA304, HPA3300, Replace HRF-R3 (6 Ture HEPA R Replacement Filter + 8 Activated Carbon Pre-Filter)</p><p>$47.99 ($3.43 / Count)</p><a href="https://www.amazon.com/dp/B08JTZMRML?tag=eloabder-20&linkCode=osi&th=1&psc=1">View Product</a></div><div class="product"><a href="https://www.amazon.com/dp/B0CF1GLSYS?tag=eloabder-20&linkCode=osi&th=1&psc=1"><img src="https://m.media-amazon.com/images/I/41709EXRzXL._SL500_.jpg" alt="Product Image"></a><p>CHIVALZ 4 Pack HY4866 True HEPA Replacement Filters Compatible with MORENTO HY4866 Air Purifier, WESTHEY HY4866 Air Purifier and YIOU M1 Air Cleaner Purifier, Original Version</p><p>$39.99 ($10.00 / Count)</p><a href="https://www.amazon.com/dp/B0CF1GLSYS?tag=eloabder-20&linkCode=osi&th=1&psc=1">View Product</a></div>







<div class="product"><a href="https://www.amazon.com/dp/B0CYKMFKR9?tag=eloabder-20&linkCode=osi&th=1&psc=1"><img src="https://m.media-amazon.com/images/I/316zU-ozoxL._SL500_.jpg" alt="Product Image"></a><p>Air Purifier Replacement Filter for Space Heater Bladeless Fan</p><p>$29.99</p><a href="https://www.amazon.com/dp/B0CYKMFKR9?tag=eloabder-20&linkCode=osi&th=1&psc=1">View Product</a></div>
<div class="product"><a href="https://www.amazon.com/dp/B07MRH6VY7?tag=eloabder-20&linkCode=osi&th=1&psc=1"><img src="https://m.media-amazon.com/images/I/51g-nuN4A5L._SL500_.jpg" alt="Product Image"></a><p>Colorfullife Replacement Air Purifier Filter for Dyson Tower Purifier Pure Cool Link TP01, TP02, TP03, BP01, Compare to Part 968126-03ï¼Œ2 Pack</p><p>$26.99</p><a href="https://www.amazon.com/dp/B07MRH6VY7?tag=eloabder-20&linkCode=osi&th=1&psc=1">View Product</a></div><div class="product"><a href="https://www.amazon.com/dp/B07TX5SW7J?tag=eloabder-20&linkCode=osi&th=1&psc=1"><img src="https://m.media-amazon.com/images/I/512Kn+cPglL._SL500_.jpg" alt="Product Image"></a><p>TP01 HEPA Filter Replacement Compatible with Dyson Tower Purifier Pure Cool Link TP01, TP02, TP03, AM11, BP01 Models, Compare to Part # 968126-03 (Pack of 2)</p><p>$27.95 ($13.98 / Count)</p><a href="https://www.amazon.com/dp/B07TX5SW7J?tag=eloabder-20&linkCode=osi&th=1&psc=1">View Product</a></div><div class="product"><a href="https://www.amazon.com/dp/B0CC24GZGB?tag=eloabder-20&linkCode=osi&th=1&psc=1"><img src="https://m.media-amazon.com/images/I/41woNpZ9VgL._SL500_.jpg" alt="Product Image"></a><p>TP01 TP02 Filter Compatible with Dyson Pure Cool Link Purifying Tower Fan TP00 TP03 AM11 and Cool Me BP01 Personal Series, 360Â° Air Purifier Filter Replacement 968126-03, 1-Pack</p><p>$25.99</p><a href="https://www.amazon.com/dp/B0CC24GZGB?tag=eloabder-20&linkCode=osi&th=1&psc=1">View Product</a></div><div class="product"><a href="https://www.amazon.com/dp/B0CX23N2JJ?tag=eloabder-20&linkCode=osi&th=1&psc=1"><img src="https://m.media-amazon.com/images/I/3145hmd5j7L._SL500_.jpg" alt="Product Image"></a><p>Dreo Air Purifiers Replacement Filter, HEPA Filter for Dreo Purifier Tower Fan MC710S, with 2 Stage Filtration, Black, Standard(DR-HPA019)</p><p>$39.99</p><a href="https://www.amazon.com/dp/B0CX23N2JJ?tag=eloabder-20&linkCode=osi&th=1&psc=1">View Product</a></div>










<div class="product"><a href="https://www.amazon.com/dp/B001U0OJ7O?tag=eloabder-20&linkCode=osi&th=1&psc=1"><img src="https://m.media-amazon.com/images/I/41XEg3QV-wL._SL500_.jpg" alt="Product Image"></a><p>Whirlpool W10165294RB 15-Inch Plastic Trash Compactor ct, 60 Bags, Count</p><p>$48.34</p><a href="https://www.amazon.com/dp/B001U0OJ7O?tag=eloabder-20&linkCode=osi&th=1&psc=1">View Product</a></div><div class="product"><a href="https://www.amazon.com/dp/B0CC3V4ZZ4?tag=eloabder-20&linkCode=osi&th=1&psc=1"><img src="https://m.media-amazon.com/images/I/31bbvodHnjL._SL500_.jpg" alt="Product Image"></a><p>Waste Smasher- Hand-Held Manual Trash Compactor Dishwasher Safe Black</p><p>$24.95</p><a href="https://www.amazon.com/dp/B0CC3V4ZZ4?tag=eloabder-20&linkCode=osi&th=1&psc=1">View Product</a></div><div class="product"><a href="https://www.amazon.com/dp/B00IYO5914?tag=eloabder-20&linkCode=osi&th=1&psc=1"><img src="https://m.media-amazon.com/images/I/51SLpTXIYNL._SL500_.jpg" alt="Product Image"></a><p>Kitchen Master Super Strong Compactor Bags Pre Cuffed (12 Pack)</p><p>$34.95</p><a href="https://www.amazon.com/dp/B00IYO5914?tag=eloabder-20&linkCode=osi&th=1&psc=1">View Product</a></div><div class="product"><a href="https://www.amazon.com/dp/B075DJ4ZVQ?tag=eloabder-20&linkCode=osi&th=1&psc=1"><img src="https://m.media-amazon.com/images/I/51Vaek4I89L._SL500_.jpg" alt="Product Image"></a><p>Dano Pre-Cuffed Compactor Bags</p><p>$32.95 ($2.75 / Count)</p><a href="https://www.amazon.com/dp/B075DJ4ZVQ?tag=eloabder-20&linkCode=osi&th=1&psc=1">View Product</a></div><div class="product"><a href="https://www.amazon.com/dp/B0C2DCVCBJ?tag=eloabder-20&linkCode=osi&th=1&psc=1"><img src="https://m.media-amazon.com/images/I/51072CtaKuL._SL500_.jpg" alt="Product Image"></a><p>60-pack W10165294RB Trash Compactor Bags - leak-proof trash compactor bags for kitchen 60-ct 15 inches - Fits 15-inch Rectangular Drawer Compactors</p><p>$45.99 ($0.77 / Count)</p><a href="https://www.amazon.com/dp/B0C2DCVCBJ?tag=eloabder-20&linkCode=osi&th=1&psc=1">View Product</a></div><div class="product"><a href="https://www.amazon.com/dp/B001U0OJ7E?tag=eloabder-20&linkCode=osi&th=1&psc=1"><img src="https://m.media-amazon.com/images/I/41c0z26RyvL._SL500_.jpg" alt="Product Image"></a><p>Whirlpool W10165293RB Genuine OEM 60 Pack-Plastic Compactor Bags-18" Models â€“ 1394369, 4178058, 4318932, 4318933, 4318935, 4318937, 4318939, AH1964576, EA1964576, PS1964576</p><p>$48.64 ($0.81 / Count)</p><a href="https://www.amazon.com/dp/B001U0OJ7E?tag=eloabder-20&linkCode=osi&th=1&psc=1">View Product</a></div><div class="product"><a href="https://www.amazon.com/dp/B00W27J16S?tag=eloabder-20&linkCode=osi&th=1&psc=1"><img src="https://m.media-amazon.com/images/I/41RaOjAGlrL._SL500_.jpg" alt="Product Image"></a><p>Compactor Bags Pre Cuffed (50 Pack)</p><p>$84.95 ($1.70 / count)</p><a href="https://www.amazon.com/dp/B00W27J16S?tag=eloabder-20&linkCode=osi&th=1&psc=1">View Product</a></div><div class="product"><a href="https://www.amazon.com/dp/B00MOCYY2W?tag=eloabder-20&linkCode=osi&th=1&psc=1"><img src="https://m.media-amazon.com/images/I/41SH8mDsAnL._SL500_.jpg" alt="Product Image"></a><p>GE WX60X1 Genuine OEM Universal Trash Compactor Bags for GE Trash Compactors</p><p>$19.00</p><a href="https://www.amazon.com/dp/B00MOCYY2W?tag=eloabder-20&linkCode=osi&th=1&psc=1">View Product</a></div><div class="product"><a href="https://www.amazon.com/dp/B0D7SFSTNG?tag=eloabder-20&linkCode=osi&th=1&psc=1"><img src="https://m.media-amazon.com/images/I/41szt9tZJPL._SL500_.jpg" alt="Product Image"></a><p>4PCS Trash Compactor Charcoal Air Filter Fit for Whirlpool/KitchenAid/Maytag/Jenn-Air/Amana/Inglis/Magic Chef Trash Compactor, Replaces 4151750 554358 WP4151750 AP6009134 PS11742279</p><p>$23.59 ($5.90 / Count)</p><a href="https://www.amazon.com/dp/B0D7SFSTNG?tag=eloabder-20&linkCode=osi&th=1&psc=1">View Product</a></div>
<div class="product"><a href="https://www.amazon.com/dp/B0CGLX5ZB9?tag=eloabder-20&linkCode=osi&th=1&psc=1"><img src="https://m.media-amazon.com/images/I/51qeRZQS98L._SL500_.jpg" alt="Product Image"></a><p>Spare Replacement Parts Compatible with MAMNV BR150 BR151, ZCWA BR150 BR151, MANVINS G20 Robot Vacuum and Mop Combo Accessories Include: 3 Hepa Filters 3 Mop Pads 6 Side Spin Brushes</p><p>$9.98</p><a href="https://www.amazon.com/dp/B0CGLX5ZB9?tag=eloabder-20&linkCode=osi&th=1&psc=1">View Product</a></div><div class="product"><a href="https://www.amazon.com/dp/B0B28DGZBG?tag=eloabder-20&linkCode=osi&th=1&psc=1"><img src="https://m.media-amazon.com/images/I/51ooMN4RqML._SL500_.jpg" alt="Product Image"></a><p>Replacement Parts for Shark AI AV2511AE AV2501S AV2610WA AV2501AE RV2502AE RV2610WA RV2520 AV2510 2-In-1 AI Ultra Robot Vacuum Cleaner Accessories Kits. Main Brush, HEPA Filter, Foam Filter,Side Brush</p><p>$19.99 ($1.05 / Count)</p><a href="https://www.amazon.com/dp/B0B28DGZBG?tag=eloabder-20&linkCode=osi&th=1&psc=1">View Product</a></div><div class="product"><a href="https://www.amazon.com/dp/B0782T7L6P?tag=eloabder-20&linkCode=osi&th=1&psc=1"><img src="https://m.media-amazon.com/images/I/41hTVkuzMJL._SL500_.jpg" alt="Product Image"></a><p>10pcs HEPA Filters Replacement for ILIFE V3s V3s pro V5 V5s V5s Pro V5s Pro 2 V5s Plus Noisz S5 Robotic Vacuum Cleaner ILIFE V3s pro Filters ILIFE Robot Vacuum Filter</p><p>$9.80 ($0.98 / Count)</p><a href="https://www.amazon.com/dp/B0782T7L6P?tag=eloabder-20&linkCode=osi&th=1&psc=1">View Product</a></div><div class="product"><a href="https://www.amazon.com/dp/B0CXLVHTTC?tag=eloabder-20&linkCode=osi&th=1&psc=1"><img src="https://m.media-amazon.com/images/I/51BT3phYzKL._SL500_.jpg" alt="Product Image"></a><p>HUIZHEN Spare Accessories for MAMNV BR150/BR151, for ZCWA BR150/BR151, for MANVINS G20,for GTTVO BR150/BR151,for ONSON BR150/BR151 Robot Vacuum Replacement Parts,6 Side Brush,4 HEPA Filters,4 Mop Pads</p><p>$9.99</p><a href="https://www.amazon.com/dp/B0CXLVHTTC?tag=eloabder-20&linkCode=osi&th=1&psc=1">View Product</a></div><div class="product"><a href="https://www.amazon.com/dp/B08RYDDQL8?tag=eloabder-20&linkCode=osi&th=1&psc=1"><img src="https://m.media-amazon.com/images/I/314Xd7+oBXL._SL500_.jpg" alt="Product Image"></a><p>AirClean 4 Pack 3.7" High Replacement Base Pre-Motor Foam Filters Compatible with Shark IQ Robot Vacuum R101AE RV1001AE UR1005AE Self-Empty Base</p><p>$12.99 ($3.25 / Count)</p><a href="https://www.amazon.com/dp/B08RYDDQL8?tag=eloabder-20&linkCode=osi&th=1&psc=1">View Product</a></div><div class="product"><a href="https://www.amazon.com/dp/B0CJLHJ557?tag=eloabder-20&linkCode=osi&th=1&psc=1"><img src="https://m.media-amazon.com/images/I/41iQm8hUjiL._SL500_.jpg" alt="Product Image"></a><p>Replacement Parts Compatible with WYZE Robot Vacuum Cleaner WVCR200S Accessories, 2 Main Brushes, 6 Hepa Filters, 8 Side Brushes Attachment Spare Pack</p><p>$14.99 ($0.94 / Count)</p><a href="https://www.amazon.com/dp/B0CJLHJ557?tag=eloabder-20&linkCode=osi&th=1&psc=1">View Product</a></div>
<div class="product"><a href="https://www.amazon.com/dp/B0C4595Q8P?tag=eloabder-20&linkCode=osi&th=1&psc=1"><img src="https://m.media-amazon.com/images/I/51k23SAtRxL._SL500_.jpg" alt="Product Image"></a><p>4 Pack FSV001 HEPA Filter Compatiable with Fabuletta FSV101, FSV001, Girnoor G160&G165, Afoddon A300, Lubluelu 202, Oraimo Cordless Vacuum Cleaner, Besswin W26 Cordless Stick Vacuum Cleaners</p><p>$15.99 ($4.00 / Count)</p><a href="https://www.amazon.com/dp/B0C4595Q8P?tag=eloabder-20&linkCode=osi&th=1&psc=1">View Product</a></div>
<div class="product"><a href="https://www.amazon.com/dp/B0BNKJX96X?tag=eloabder-20&linkCode=osi&th=1&psc=1"><img src="https://m.media-amazon.com/images/I/41OPeLFppoL._SL500_.jpg" alt="Product Image"></a><p>6 PACK 2033 Replacement Filter Compatible with Bissell Featherweight Stick Lightweight Bagless Vacuum Cleaner 20331, 20333, 20334, 20336, 20339, 2033M,6 Mesh Filter 6 Foam Filters, Replace # 1611508</p><p>$14.99 ($2.50 / Count)</p><a href="https://www.amazon.com/dp/B0BNKJX96X?tag=eloabder-20&linkCode=osi&th=1&psc=1">View Product</a></div><div class="product"><a href="https://www.amazon.com/dp/B0CMBWLTSM?tag=eloabder-20&linkCode=osi&th=1&psc=1"><img src="https://m.media-amazon.com/images/I/41PHqKaLTDL._SL500_.jpg" alt="Product Image"></a><p>18V ONE + Cordless Pet Stick Vacuum Filter for Ryobi, PCL720, PBLSV716, PBLSV717 Stick Vacuum, Reusable Washable Filters, Compare to Part A32SV720N, 6 Pack</p><p>$15.99 ($2.66 / Count)</p><a href="https://www.amazon.com/dp/B0CMBWLTSM?tag=eloabder-20&linkCode=osi&th=1&psc=1">View Product</a></div><div class="product"><a href="https://www.amazon.com/dp/B0CXDYWWT9?tag=eloabder-20&linkCode=osi&th=1&psc=1"><img src="https://m.media-amazon.com/images/I/41F1csTT8jL._SL500_.jpg" alt="Product Image"></a><p>2 Replacement Filters for Craftsman V20 Cordless Stick Vacuum CMCVS001D1, for Black Decker BSVF1 BSV2020 BSV2020G BSV2020P Cordless Stick Vacuum Cleaner with 1 Cleaning Brush</p><p>$14.99</p><a href="https://www.amazon.com/dp/B0CXDYWWT9?tag=eloabder-20&linkCode=osi&th=1&psc=1">View Product</a></div><div class="product"><a href="https://www.amazon.com/dp/B0CCJ5N5DH?tag=eloabder-20&linkCode=osi&th=1&psc=1"><img src="https://m.media-amazon.com/images/I/41xmhDPqk8L._SL500_.jpg" alt="Product Image"></a><p>Aolleteau 1 Pack Brush Roller Compatible with Black + Decker BSV2020, BSV2020P, BSV2020G Powerseries Extreme Cordless Stick Vacuum and Compatible with Craftsman V20 Cordless Stick Vacuum CMCVS001D1</p><p>$17.99</p><a href="https://www.amazon.com/dp/B0CCJ5N5DH?tag=eloabder-20&linkCode=osi&th=1&psc=1">View Product</a></div><div class="product"><a href="https://www.amazon.com/dp/B0CQY61LFD?tag=eloabder-20&linkCode=osi&th=1&psc=1"><img src="https://m.media-amazon.com/images/I/31swBBC444L._SL500_.jpg" alt="Product Image"></a><p>Tablenco for Shark HZ602 Filter Replacement Ultralight Pet Pro Corded Stick Vacuum and HZ2002 Vertex DuoClean PowerFins fit HZ2000 HZ251 HZ250 HH200 HH202,4 Foam Felt 4 Motor Kit (No cleaning brush)</p><p>$9.98</p><a href="https://www.amazon.com/dp/B0CQY61LFD?tag=eloabder-20&linkCode=osi&th=1&psc=1">View Product</a></div><div class="product"><a href="https://www.amazon.com/dp/B09Q55KW8W?tag=eloabder-20&linkCode=osi&th=1&psc=1"><img src="https://m.media-amazon.com/images/I/51MKsJy6nSL._SL500_.jpg" alt="Product Image"></a><p>Anicell 2033 Featherweight Filter for Bissell Featherweight Stick Lightweight Bagless Vacuum 20331 20333 20334 20336 20339 2033M, 4 Mesh Filters 6 Foam Filters Replacement, Replace part# 1611508</p><p>$11.99</p><a href="https://www.amazon.com/dp/B09Q55KW8W?tag=eloabder-20&linkCode=osi&th=1&psc=1">View Product</a></div><div class="product"><a href="https://www.amazon.com/dp/B0CDVG7LHD?tag=eloabder-20&linkCode=osi&th=1&psc=1"><img src="https://m.media-amazon.com/images/I/41hjN1Te6sL._SL500_.jpg" alt="Product Image"></a><p>Moreffi 3 Pack Filter Replacement For HART Cordless Stick Vacuum HPSV01 and HPSV50, Compare to Part Number HASV01</p><p>$19.99 ($6.66 / Count)</p><a href="https://www.amazon.com/dp/B0CDVG7LHD?tag=eloabder-20&linkCode=osi&th=1&psc=1">View Product</a></div>
<div class="product"><a href="https://www.amazon.com/dp/B07DQ9TZC8?tag=eloabder-20&linkCode=osi&th=1&psc=1"><img src="https://m.media-amazon.com/images/I/41PHyZ20FuL._SL500_.jpg" alt="Product Image"></a><p>Kenmore 53294 Style O HEPA Cloth Vacuum Bags for Kenmore Upright Vacuum Cleaners 6 Pack,White</p><p>$20.99 ($3.50 / Count)</p><a href="https://www.amazon.com/dp/B07DQ9TZC8?tag=eloabder-20&linkCode=osi&th=1&psc=1">View Product</a></div><div class="product"><a href="https://www.amazon.com/dp/B08MXVTTT2?tag=eloabder-20&linkCode=osi&th=1&psc=1"><img src="https://m.media-amazon.com/images/I/41T6wRpIMzL._SL500_.jpg" alt="Product Image"></a><p>Kenmore IB600 HEPA Replacement Intuition Upright Vacuum Cleaner Bags for BU4022, BU4020, BU4018, BU4050, BU3040,White</p><p>$18.75</p><a href="https://www.amazon.com/dp/B08MXVTTT2?tag=eloabder-20&linkCode=osi&th=1&psc=1">View Product</a></div><div class="product"><a href="https://www.amazon.com/dp/B01010JVYO?tag=eloabder-20&linkCode=osi&th=1&psc=1"><img src="https://m.media-amazon.com/images/I/51Anluh47GL._SL500_.jpg" alt="Product Image"></a><p>EnviroCare Replacement Micro Filtration Vacuum Cleaner Dust Bags Designed to fit Hoover Windtunnel Upright Type Y 9 pack</p><p>$9.89 ($1.10 / Count)</p><a href="https://www.amazon.com/dp/B01010JVYO?tag=eloabder-20&linkCode=osi&th=1&psc=1">View Product</a></div><div class="product"><a href="https://www.amazon.com/dp/B0D5CP3WBY?tag=eloabder-20&linkCode=osi&th=1&psc=1"><img src="https://m.media-amazon.com/images/I/31MaGmsVOwL._SL500_.jpg" alt="Product Image"></a><p>Bagless Upright Kenmore Vacuum HEPA Filters, Compatible with Foam Filters, Felt Filters and Upright vacuum cleaner for Models K4010,DU2015,DU2012(includes 1 Hepa Filters,2 Foam and 2 Felt Filters)</p><p>$12.99</p><a href="https://www.amazon.com/dp/B0D5CP3WBY?tag=eloabder-20&linkCode=osi&th=1&psc=1">View Product</a></div><div class="product"><a href="https://www.amazon.com/dp/B0CBFV28WX?tag=eloabder-20&linkCode=osi&th=1&psc=1"><img src="https://m.media-amazon.com/images/I/51LIYI0wXSL._SL500_.jpg" alt="Product Image"></a><p>16 Packs Vacuum Bags for Oreck Type CC, Compatible with All Oreck XL Upright Vacuum Cleaner - Replaces Part # CCPK8DW</p><p>$21.99 ($1.37 / Count)</p><a href="https://www.amazon.com/dp/B0CBFV28WX?tag=eloabder-20&linkCode=osi&th=1&psc=1">View Product</a></div><div class="product"><a href="https://www.amazon.com/dp/B00F9GQMHA?tag=eloabder-20&linkCode=osi&th=1&psc=1"><img src="https://m.media-amazon.com/images/I/51lhelurelL._SL500_.jpg" alt="Product Image"></a><p>EnviroCare Replacement Premium Vacuum Cleaner Dust Bags made to fit Eureka F&G Uprights 9 bags</p><p>$11.09</p><a href="https://www.amazon.com/dp/B00F9GQMHA?tag=eloabder-20&linkCode=osi&th=1&psc=1">View Product</a></div><div class="product"><a href="https://www.amazon.com/dp/B002CI8G1I?tag=eloabder-20&linkCode=osi&th=1&psc=1"><img src="https://m.media-amazon.com/images/I/51PYQrQpbSL._SL500_.jpg" alt="Product Image"></a><p>EnviroCare Replacement Micro Filtration Vacuum Cleaner Dust Bags made to fit Kenmore Upright Type U/L/O 50688 and 50690, Panasonic Type U-2, Miele Type Z. 9 pack</p><p>$9.99</p><a href="https://www.amazon.com/dp/B002CI8G1I?tag=eloabder-20&linkCode=osi&th=1&psc=1">View Product</a></div>
<div class="product"><a href="https://www.amazon.com/dp/B07GNQJ67P?tag=eloabder-20&linkCode=osi&th=1&psc=1"><img src="https://m.media-amazon.com/images/I/41XHnKbgjAL._SL500_.jpg" alt="Product Image"></a><p>Kenmore 53292 Type Q HEPA Replacement Dust Bags for Canister Vacuum 81214, 81414, 81714, 21814, BC2005, BC3005, 81615, BC7005, 6 Count (Pack of 1)</p><p>$13.24 ($2.21 / Count)</p><a href="https://www.amazon.com/dp/B07GNQJ67P?tag=eloabder-20&linkCode=osi&th=1&psc=1">View Product</a></div><div class="product"><a href="https://www.amazon.com/dp/B01L0C0FVK?tag=eloabder-20&linkCode=osi&th=1&psc=1"><img src="https://m.media-amazon.com/images/I/51ZIjbo9NVL._SL500_.jpg" alt="Product Image"></a><p>Envirocare Replacement Vacuum Bags Compatible with Kenmore Canister Type C/Q. 5055, 50557 and 50558 Panasonic Type C-5 Vacuums,15 pack</p><p>$16.16</p><a href="https://www.amazon.com/dp/B01L0C0FVK?tag=eloabder-20&linkCode=osi&th=1&psc=1">View Product</a></div><div class="product"><a href="https://www.amazon.com/dp/B0BTRTP2PM?tag=eloabder-20&linkCode=osi&th=1&psc=1"><img src="https://m.media-amazon.com/images/I/41K295aRv9L._SL500_.jpg" alt="Product Image"></a><p>Vacuum Cleaner Bags Fit for Kenmore Canister Type C/Q 50555 50557 50558 and Type C-5, 10PCs</p><p>$15.99</p><a href="https://www.amazon.com/dp/B0BTRTP2PM?tag=eloabder-20&linkCode=osi&th=1&psc=1">View Product</a></div><div class="product"><a href="https://www.amazon.com/dp/B0CRQYGLZX?tag=eloabder-20&linkCode=osi&th=1&psc=1"><img src="https://m.media-amazon.com/images/I/413iXp+j3ML._SL500_.jpg" alt="Product Image"></a><p>15 Pack Canister Vacuum Cleaner Bags Compatible with Kenmore Canister Type C/Q 5055, 50555, 50557, 50558 and Type C-5, C-18, 53292, 200 Series, 400 Series, 600 Series, 700 Series, 800 Series Vacuum</p><p>$11.69</p><a href="https://www.amazon.com/dp/B0CRQYGLZX?tag=eloabder-20&linkCode=osi&th=1&psc=1">View Product</a></div><div class="product"><a href="https://www.amazon.com/dp/B00QGD3SBI?tag=eloabder-20&linkCode=osi&th=1&psc=1"><img src="https://m.media-amazon.com/images/I/51xw0asyqTL._SL500_.jpg" alt="Product Image"></a><p>EnviroCare Replacement Vacuum Bags made to fit Kenmore Canister Type C or Q 50555, 50558, 50557 and Panasonic Type C-5 Vacuums, 9 pack</p><p>$9.79</p><a href="https://www.amazon.com/dp/B00QGD3SBI?tag=eloabder-20&linkCode=osi&th=1&psc=1">View Product</a></div><div class="product"><a href="https://www.amazon.com/dp/B0CQP9NP5N?tag=eloabder-20&linkCode=osi&th=1&psc=1"><img src="https://m.media-amazon.com/images/I/41WnNkTz8zL._SL500_.jpg" alt="Product Image"></a><p>8 Pack Replacement Vacuum Bags Compatible with Kenmore Canister Type C/Q. 5055, 50104, 50557 and 50558 Panasonic Type C-5 Vacuums</p><p>$9.99 ($1.25 / Count)</p><a href="https://www.amazon.com/dp/B0CQP9NP5N?tag=eloabder-20&linkCode=osi&th=1&psc=1">View Product</a></div>
<div class="product"><a href="https://www.amazon.com/dp/B09M3Y2BHR?tag=eloabder-20&linkCode=osi&th=1&psc=1"><img src="https://m.media-amazon.com/images/I/31tevngai1L._SL500_.jpg" alt="Product Image"></a><p>Ymimi Vacuum Filter Compatible with Eureka WhirlWind Bagless Canister Vacuum Cleaner,Fits NEN110A,NEN110B,NEN110Dï¼ˆ2-Packï¼‰</p><p>$11.99 ($6.00 / Count)</p><a href="https://www.amazon.com/dp/B09M3Y2BHR?tag=eloabder-20&linkCode=osi&th=1&psc=1">View Product</a></div><div class="product"><a href="https://www.amazon.com/dp/B07J1WWBHN?tag=eloabder-20&linkCode=osi&th=1&psc=1"><img src="https://m.media-amazon.com/images/I/51gmkDrnR2L._SL500_.jpg" alt="Product Image"></a><p>Bissell Powerforce Helix Bagless Washable Premotor Filter #1608225, Black</p><p>$7.78</p><a href="https://www.amazon.com/dp/B07J1WWBHN?tag=eloabder-20&linkCode=osi&th=1&psc=1">View Product</a></div><div class="product"><a href="https://www.amazon.com/dp/B0BK64TMMK?tag=eloabder-20&linkCode=osi&th=1&psc=1"><img src="https://m.media-amazon.com/images/I/41OBMvET7eL._SL500_.jpg" alt="Product Image"></a><p>Vacuum Belt Replacement for Bissell Cleanview Swivel Pet Upright Bagless/Powerlifter Vacuum Cleaner, fits model: 2252, 2254, 22543, 2258,2259, 2260,2316, 2739, 1793, Parts # 3031120, 32074</p><p>$6.99</p><a href="https://www.amazon.com/dp/B0BK64TMMK?tag=eloabder-20&linkCode=osi&th=1&psc=1">View Product</a></div><div class="product"><a href="https://www.amazon.com/dp/B0BKKL3WRB?tag=eloabder-20&linkCode=osi&th=1&psc=1"><img src="https://m.media-amazon.com/images/I/410jMe-FjIL._SL500_.jpg" alt="Product Image"></a><p>Aolleteau F1 HEPA Filter Compatible with Dirt Devil Bagless Upright Cleaner Models Extra Lite, Breeze, Featherlite Bagless, Jaguar Bagless,Platinum Force Vision, Scorpion and Vision Bagless (2 Pack)</p><p>$13.99 ($7.00 / Count)</p><a href="https://www.amazon.com/dp/B0BKKL3WRB?tag=eloabder-20&linkCode=osi&th=1&psc=1">View Product</a></div><div class="product"><a href="https://www.amazon.com/dp/B09SG1P4WN?tag=eloabder-20&linkCode=osi&th=1&psc=1"><img src="https://m.media-amazon.com/images/I/51+Mr+Wq5ML._SL500_.jpg" alt="Product Image"></a><p>NEN110A Vacuum Filter, Inlet Frame and Sponge Filter Compatible with Eureka Whirlwind Bagless Canister Vacuum Cleaner, Fits NEN110A, NEN110B, NEN110D(4-Pack)</p><p>$15.99 ($4.00 / Count)</p><a href="https://www.amazon.com/dp/B09SG1P4WN?tag=eloabder-20&linkCode=osi&th=1&psc=1">View Product</a></div>
<div class="product"><a href="https://www.amazon.com/dp/B07GT9VB9X?tag=eloabder-20&linkCode=osi&th=1&psc=1"><img src="https://m.media-amazon.com/images/I/41IokheYtNL._SL500_.jpg" alt="Product Image"></a><p>6 Pack 1940 Bissell Steam Mop Pads for Bissell PowerFresh Steam Mop 1806 1544 1440 2075A 2685A 1940W 19404 Series, Model 19402 19408 1940a 1940f 1940q 1940t B0006 B0017, Part #5938#203-2633</p><p>$16.99 ($2.83 / Count)</p><a href="https://www.amazon.com/dp/B07GT9VB9X?tag=eloabder-20&linkCode=osi&th=1&psc=1">View Product</a></div><div class="product"><a href="https://www.amazon.com/dp/B07H3MYZLD?tag=eloabder-20&linkCode=osi&th=1&psc=1"><img src="https://m.media-amazon.com/images/I/511p6MPxQ0L._SL500_.jpg" alt="Product Image"></a><p>Flammi Steam Pocket Mop Replacement Pads for Shark S3500 Series S3501 S3601 S3550 S3901 SE450 S3801CO S3601D S2901 S2902 Steam Pocket Mop, 4 Pack</p><p>$16.97 ($4.24 / Count)</p><a href="https://www.amazon.com/dp/B07H3MYZLD?tag=eloabder-20&linkCode=osi&th=1&psc=1">View Product</a></div><div class="product"><a href="https://www.amazon.com/dp/B0C8SH97HN?tag=eloabder-20&linkCode=osi&th=1&psc=1"><img src="https://m.media-amazon.com/images/I/31Mex4y7odL._SL500_.jpg" alt="Product Image"></a><p>HOMEXCEL Steam Mop Replacement Pads Compatible with Bissell Powerfresh Steam Mop 1940 1806 1440 1544 Series, Model 19402 19404 19408 2685A 2075A 1940A 1940Q 1940T 1940W, Steam Mop Pads Refills,4 Pack</p><p>$9.99 ($2.50 / Count)</p><a href="https://www.amazon.com/dp/B0C8SH97HN?tag=eloabder-20&linkCode=osi&th=1&psc=1">View Product</a></div><div class="product"><a href="https://www.amazon.com/dp/B0BFWTXS33?tag=eloabder-20&linkCode=osi&th=1&psc=1"><img src="https://m.media-amazon.com/images/I/51pa2h7o0EL._SL500_.jpg" alt="Product Image"></a><p>12 Pack 1940 Steam Mop Replacement Pads for Bissell Powerfresh Steam Mop 1940 1440 1806 1544 2075 2685A 2814 Series, Model 19402 19404 19408 19409 1940A 1940F 1940Q 1940T 1940W B0006 B0017 2075A 15441</p><p>$24.99</p><a href="https://www.amazon.com/dp/B0BFWTXS33?tag=eloabder-20&linkCode=osi&th=1&psc=1">View Product</a></div><div class="product"><a href="https://www.amazon.com/dp/B0CLP5QGTY?tag=eloabder-20&linkCode=osi&th=1&psc=1"><img src="https://m.media-amazon.com/images/I/414HqpKde9L._SL500_.jpg" alt="Product Image"></a><p>10 Pack 1940 1806 2685A Steam Mop Pads For Bissell Powerfresh Steam Mop Deluxe Pet Lift-Off Plus Slim Scrubbing Steam Mop Replacement Pad 1940A 2814 1544A 2075A Power Fresh Steamer Pad Refill Washable</p><p>$22.99 ($2.30 / Count)</p><a href="https://www.amazon.com/dp/B0CLP5QGTY?tag=eloabder-20&linkCode=osi&th=1&psc=1">View Product</a></div><div class="product"><a href="https://www.amazon.com/dp/B078BBKBPV?tag=eloabder-20&linkCode=osi&th=1&psc=1"><img src="https://m.media-amazon.com/images/I/51WcJqtOUIL._SL500_.jpg" alt="Product Image"></a><p>Tidy Monster Steam Mop Replacement Pads Compatible with Bissell Powerfresh Steam Mop 1940 1806 1544 1440 2075A 2685A Series, Part # 5938 & 203-2633, 1606668 & 1606669 (4 Pack Scrub Plush)</p><p>$9.99</p><a href="https://www.amazon.com/dp/B078BBKBPV?tag=eloabder-20&linkCode=osi&th=1&psc=1">View Product</a></div><div class="product"><a href="https://www.amazon.com/dp/B00A6G37SU?tag=eloabder-20&linkCode=osi&th=1&psc=1"><img src="https://m.media-amazon.com/images/I/51xo0LB-SpL._SL500_.jpg" alt="Product Image"></a><p>BISSELL PowerFresh Steam Mop Pads (Pack of 2) with Fragrance discs (4 ct), 5938</p><p>$21.26 ($10.63 / Count)</p><a href="https://www.amazon.com/dp/B00A6G37SU?tag=eloabder-20&linkCode=osi&th=1&psc=1">View Product</a></div>
<div class="product"><a href="https://www.amazon.com/dp/B0D2QFVY7H?tag=eloabder-20&linkCode=osi&th=1&psc=1"><img src="https://m.media-amazon.com/images/I/417B7H+vvML._SL500_.jpg" alt="Product Image"></a><p>Kenmore KS1010 Deep Clean & Revitalize Pet Carpet Cleaner Formula, 64 oz, White, 64 Fl Oz</p><p>$22.73 ($0.36 / Fl Oz)</p><a href="https://www.amazon.com/dp/B0D2QFVY7H?tag=eloabder-20&linkCode=osi&th=1&psc=1">View Product</a></div><div class="product"><a href="https://www.amazon.com/dp/B0BNK8ZJJ1?tag=eloabder-20&linkCode=osi&th=1&psc=1"><img src="https://m.media-amazon.com/images/I/51z0Pc4xcNL._SL500_.jpg" alt="Product Image"></a><p>Bissell Spotlifter Pet Carpet and Upholstery Cleaner with Brush Head - 4 Pack, 93523</p><p>$23.88 ($0.50 / Fl Oz)</p><a href="https://www.amazon.com/dp/B0BNK8ZJJ1?tag=eloabder-20&linkCode=osi&th=1&psc=1">View Product</a></div><div class="product"><a href="https://www.amazon.com/dp/B0CX245D26?tag=eloabder-20&linkCode=osi&th=1&psc=1"><img src="https://m.media-amazon.com/images/I/411CSXvvO1L._SL500_.jpg" alt="Product Image"></a><p>BISSELLÂ® Spot & Stain with Febreze + Gain Original Scent Formula for Little Green Devices, Portable Carpet Cleaners (3968)</p><p>$12.99 ($0.41 / Fl Oz)</p><a href="https://www.amazon.com/dp/B0CX245D26?tag=eloabder-20&linkCode=osi&th=1&psc=1">View Product</a></div><div class="product"><a href="https://www.amazon.com/dp/B083VZW4R5?tag=eloabder-20&linkCode=osi&th=1&psc=1"><img src="https://m.media-amazon.com/images/I/413BULPLmBL._SL500_.jpg" alt="Product Image"></a><p>BISSELL Multi-Surface Pet Formula with Febreze Freshness for Crosswave (80 oz), 2295L</p><p>$22.99 ($0.29 / Fl Oz)</p><a href="https://www.amazon.com/dp/B083VZW4R5?tag=eloabder-20&linkCode=osi&th=1&psc=1">View Product</a></div><div class="product"><a href="https://www.amazon.com/dp/B0D2RGW219?tag=eloabder-20&linkCode=osi&th=1&psc=1"><img src="https://m.media-amazon.com/images/I/41gD+82tnAL._SL500_.jpg" alt="Product Image"></a><p>Vacmaster Clean & Restore Carpet Cleaner Formula â€“ CCS03</p><p>$19.99 ($0.31 / Fl Oz)</p><a href="https://www.amazon.com/dp/B0D2RGW219?tag=eloabder-20&linkCode=osi&th=1&psc=1">View Product</a></div>






<div class="product"><a href="https://www.amazon.com/dp/B0BY64HQTP?tag=eloabder-20&linkCode=osi&th=1&psc=1"><img src="https://m.media-amazon.com/images/I/41hUxHuASYL._SL500_.jpg" alt="Product Image"></a><p>Air Conditioning Motor WZDK13-38G-1(RD-310-13-8) DC Brushless Fan Motor, 13W Inverter air Conditioner Motor DC Motor for Central air Conditioner</p><p>$39.95</p><a href="https://www.amazon.com/dp/B0BY64HQTP?tag=eloabder-20&linkCode=osi&th=1&psc=1">View Product</a></div><div class="product"><a href="https://www.amazon.com/dp/B0CM5YB884?tag=eloabder-20&linkCode=osi&th=1&psc=1"><img src="https://m.media-amazon.com/images/I/310lQ2tAvLL._SL500_.jpg" alt="Product Image"></a><p>Sparkfix OEM WZDK20-38G (ZKFP-20-8-6) Air Conditioner Replacement Motors DC280V 20W Air Conditioning Fan Motor Inverter Air Conditioner Brushless DC Motor 1300RPM CCW</p><p>$42.79</p><a href="https://www.amazon.com/dp/B0CM5YB884?tag=eloabder-20&linkCode=osi&th=1&psc=1">View Product</a></div>













<div class="product"><a href="https://www.amazon.com/dp/B009PCI2JU?tag=eloabder-20&linkCode=osi&th=1&psc=1"><img src="https://m.media-amazon.com/images/I/310ZJurANUL._SL500_.jpg" alt="Product Image"></a><p>GE RPWFE Refrigerator Water Filter | Certified to Reduce Lead, Sulfur, and 50+ Other Impurities | Replace Every 6 Months for Best Results | Pack of 1</p><p>$49.98</p><a href="https://www.amazon.com/dp/B009PCI2JU?tag=eloabder-20&linkCode=osi&th=1&psc=1">View Product</a></div><div class="product"><a href="https://www.amazon.com/dp/B0882ZJ48W?tag=eloabder-20&linkCode=osi&th=1&psc=1"><img src="https://m.media-amazon.com/images/I/41110o9sUoL._SL500_.jpg" alt="Product Image"></a><p>GE XWFE Refrigerator Water Filter | Certified to Reduce Lead, Sulfur, and 50+ Other Impurities | Replace Every 6 Months for Best Results | Pack of 1, White</p><p>$49.00</p><a href="https://www.amazon.com/dp/B0882ZJ48W?tag=eloabder-20&linkCode=osi&th=1&psc=1">View Product</a></div><div class="product"><a href="https://www.amazon.com/dp/B074HLRXMP?tag=eloabder-20&linkCode=osi&th=1&psc=1"><img src="https://m.media-amazon.com/images/I/21oDpGCQXiL._SL500_.jpg" alt="Product Image"></a><p>LG LT1000P - 6 Month / 200 Gallon Capacity Replacement Refrigerator Water Filter (NSF42, NSF53, and NSF401) ADQ74793501, ADQ75795105, or AGF80300704 , White</p><p>$47.00</p><a href="https://www.amazon.com/dp/B074HLRXMP?tag=eloabder-20&linkCode=osi&th=1&psc=1">View Product</a></div><div class="product"><a href="https://www.amazon.com/dp/B01BKWSHHE?tag=eloabder-20&linkCode=osi&th=1&psc=1"><img src="https://m.media-amazon.com/images/I/31E2+zlkvjL._SL500_.jpg" alt="Product Image"></a><p>Frigidaire EPTWFU01 Water Filtration Filter, 1 Count, White</p><p>$42.99</p><a href="https://www.amazon.com/dp/B01BKWSHHE?tag=eloabder-20&linkCode=osi&th=1&psc=1">View Product</a></div><div class="product"><a href="https://www.amazon.com/dp/B08V6JB9R7?tag=eloabder-20&linkCode=osi&th=1&psc=1"><img src="https://m.media-amazon.com/images/I/31PRPEffCZL._SL500_.jpg" alt="Product Image"></a><p>Frigidaire FPPWFU01 PurePour PWF-1 Water Filter 1 Count (Pack of 1)</p><p>$45.81</p><a href="https://www.amazon.com/dp/B08V6JB9R7?tag=eloabder-20&linkCode=osi&th=1&psc=1">View Product</a></div><div class="product"><a href="https://www.amazon.com/dp/B000AST3AK?tag=eloabder-20&linkCode=osi&th=1&psc=1"><img src="https://m.media-amazon.com/images/I/41DUoSxpwTS._SL500_.jpg" alt="Product Image"></a><p>GE MWF Refrigerator Water Filter | Certified to Reduce Lead, Sulfur, and 50+ Other Impurities | Replace Every 6 Months for Best Results | Pack of 1</p><p>$39.98</p><a href="https://www.amazon.com/dp/B000AST3AK?tag=eloabder-20&linkCode=osi&th=1&psc=1">View Product</a></div><div class="product"><a href="https://www.amazon.com/dp/B0CFZR7K8D?tag=eloabder-20&linkCode=osi&th=1&psc=1"><img src="https://m.media-amazon.com/images/I/31WM5sdhKLL._SL500_.jpg" alt="Product Image"></a><p>HMASAV W10295370A water filter replacement, Compatible with EDR1RXD1,EDR1RXD1B,W10295370,Filter 1,WHR1RXD1,KAD1RXD1,P4RFWB,P8RFWB2L,46-9930,46-9081 2PACK</p><p>$29.99 ($15.00 / Count)</p><a href="https://www.amazon.com/dp/B0CFZR7K8D?tag=eloabder-20&linkCode=osi&th=1&psc=1">View Product</a></div><div class="product"><a href="https://www.amazon.com/dp/B07JM9TTTT?tag=eloabder-20&linkCode=osi&th=1&psc=1"><img src="https://m.media-amazon.com/images/I/41CfAtJ8TPL._SL500_.jpg" alt="Product Image"></a><p>GLACIER FRESH LT1000PC Replacement Water Filter, Compatible with LT1000PC/PCS, LT1000PC, LT-1000PC, MDJ64844601, ADQ747935 ADQ74793504 Filter and LT120F ADQ73334008 Fresh Air (3+3)</p><p>$39.99 ($13.33 / Count)</p><a href="https://www.amazon.com/dp/B07JM9TTTT?tag=eloabder-20&linkCode=osi&th=1&psc=1">View Product</a></div><div class="product"><a href="https://www.amazon.com/dp/B003N1ZSYG?tag=eloabder-20&linkCode=osi&th=1&psc=1"><img src="https://m.media-amazon.com/images/I/31Mbrkrxu1L._SL500_.jpg" alt="Product Image"></a><p>SAMSUNG Genuine Filter for Refrigerator Water and Ice, Carbon Block Filtration for Clean, Clear Drinking Water, 6-Month Life, HAF-CIN/EXP, 1 Pack</p><p>$39.99</p><a href="https://www.amazon.com/dp/B003N1ZSYG?tag=eloabder-20&linkCode=osi&th=1&psc=1">View Product</a></div>









<div class="product"><a href="https://www.amazon.com/dp/B0B2NZ47HN?tag=eloabder-20&linkCode=osi&th=1&psc=1"><img src="https://m.media-amazon.com/images/I/41nC6c2XxJL._SL500_.jpg" alt="Product Image"></a><p>OTE Portable Sparkling Water Maker Soda Maker Machine for home with 20PCS Cylinders 450ml Personal seltzer Carbonators Electroless Double Layer PET Bottle BPA Free Double Pressure Relief Valves -Pink</p><p>$49.99</p><a href="https://www.amazon.com/dp/B0B2NZ47HN?tag=eloabder-20&linkCode=osi&th=1&psc=1">View Product</a></div><div class="product"><a href="https://www.amazon.com/dp/B09DY54L7M?tag=eloabder-20&linkCode=osi&th=1&psc=1"><img src="https://m.media-amazon.com/images/I/31LSpnm3G8L._SL500_.jpg" alt="Product Image"></a><p>MOSOLAN Bottle Cleaning Brush, 17 Inches Extra Long Handle Water Bottle Brush, Flexible Bendable Cleaner for Washing Narrow Neck Bottles, Wine Decanter, Kombucha, Pipes, Beer Brewing Supplies, 2 Pack</p><p>$11.95 ($5.98 / Count)</p><a href="https://www.amazon.com/dp/B09DY54L7M?tag=eloabder-20&linkCode=osi&th=1&psc=1">View Product</a></div><div class="product"><a href="https://www.amazon.com/dp/B0736CBNDN?tag=eloabder-20&linkCode=osi&th=1&psc=1"><img src="https://m.media-amazon.com/images/I/41tWXmwP5KL._SL500_.jpg" alt="Product Image"></a><p>#2 Filter Pads (10 Pack Bulk) Compatible with Mini Jet Machine | #2 1.8-2.5 micron | 2 Micron Filtering pads. Filter Wine Beer, Kombucha, Mead Mash. Polishing filtration| Not a Buon Vino product.</p><p>$18.99</p><a href="https://www.amazon.com/dp/B0736CBNDN?tag=eloabder-20&linkCode=osi&th=1&psc=1">View Product</a></div>









<div class="product"><a href="https://www.amazon.com/dp/B07YGN577Y?tag=eloabder-20&linkCode=osi&th=1&psc=1"><img src="https://m.media-amazon.com/images/I/31kfZiyDMUL._SL500_.jpg" alt="Product Image"></a><p>9870163 Trash Power Nut WP9870163 L8</p><p>$50.36</p><a href="https://www.amazon.com/dp/B07YGN577Y?tag=eloabder-20&linkCode=osi&th=1&psc=1">View Product</a></div>

<div class="product"><a href="https://www.amazon.com/dp/B0CWQLM4C7?tag=eloabder-20&linkCode=osi&th=1&psc=1"><img src="https://m.media-amazon.com/images/I/41gTEIOjtlL._SL500_.jpg" alt="Product Image"></a><p>7" Seven Seconds Lazy Kitchen Food Making Tools - Multifunctional Fruit Vegetable Chopper Quick Garlic Peeling Machine Convenient Food Chopper for Slicing,Juice,Grinding</p><p>$32.99</p><a href="https://www.amazon.com/dp/B0CWQLM4C7?tag=eloabder-20&linkCode=osi&th=1&psc=1">View Product</a></div>














<div class="product"><a href="https://www.amazon.com/dp/B00UTFZAII?tag=eloabder-20&linkCode=osi&th=1&psc=1"><img src="https://m.media-amazon.com/images/I/31z7hZ6KbXL._SL500_.jpg" alt="Product Image"></a><p>Miele 10123210 AirClean 3D Efficiency Dust Bag, Type GN, 4 Bags & 2 Filters, White</p><p>$21.86 ($21.86 / Count)</p><a href="https://www.amazon.com/dp/B00UTFZAII?tag=eloabder-20&linkCode=osi&th=1&psc=1">View Product</a></div><div class="product"><a href="https://www.amazon.com/dp/B07WHG6J5S?tag=eloabder-20&linkCode=osi&th=1&psc=1"><img src="https://m.media-amazon.com/images/I/41hnaEOxB9L._SL500_.jpg" alt="Product Image"></a><p>KEEPOW Vacuum Filters for Eureka, Power Speed Vacuum Filters Replacement for Eureka NEU182A, NEU182B, NEU280, NEU180, NEU181, NEU188, NEU202 Bagless Upright Vacuum Cleaner, Part E0202 (4 Pack)</p><p>$9.99 ($2.50 / Count)</p><a href="https://www.amazon.com/dp/B07WHG6J5S?tag=eloabder-20&linkCode=osi&th=1&psc=1">View Product</a></div><div class="product"><a href="https://www.amazon.com/dp/B00UTFZB82?tag=eloabder-20&linkCode=osi&th=1&psc=1"><img src="https://m.media-amazon.com/images/I/41WdlL5T0dL._SL500_.jpg" alt="Product Image"></a><p>Miele AirClean 3D Efficiency Dust Bag, Type FJM, 4 Bags & 2 Filters, White</p><p>$18.99</p><a href="https://www.amazon.com/dp/B00UTFZB82?tag=eloabder-20&linkCode=osi&th=1&psc=1">View Product</a></div><div class="product"><a href="https://www.amazon.com/dp/B09NKP346M?tag=eloabder-20&linkCode=osi&th=1&psc=1"><img src="https://m.media-amazon.com/images/I/41o25nqkODL._SL500_.jpg" alt="Product Image"></a><p>Anewise 6 Pack Filter Replacement for Bissell Powerforce Compact Lightweight Upright 2112 1520 for Bissel Turbo Bagless 2690 Cleanview 3437 3508 Vacuum Cleaner, Compare to Parts #1604896/160-4896</p><p>$12.99</p><a href="https://www.amazon.com/dp/B09NKP346M?tag=eloabder-20&linkCode=osi&th=1&psc=1">View Product</a></div><div class="product"><a href="https://www.amazon.com/dp/B01MQ5NITB?tag=eloabder-20&linkCode=osi&th=1&psc=1"><img src="https://m.media-amazon.com/images/I/41J6lG4H1bL._SL500_.jpg" alt="Product Image"></a><p>Bissell Style 7 3 Pack Vacuum Cleaner Bags, White, 3 Count</p><p>$8.69 ($2.90 / Count)</p><a href="https://www.amazon.com/dp/B01MQ5NITB?tag=eloabder-20&linkCode=osi&th=1&psc=1">View Product</a></div><div class="product"><a href="https://www.amazon.com/dp/B0CDH1JY5D?tag=eloabder-20&linkCode=osi&th=1&psc=1"><img src="https://m.media-amazon.com/images/I/516DPXu4siL._SL500_.jpg" alt="Product Image"></a><p>4 Pack Replacement Filters Compatiable with Wyze Cordless Vacuum Cleaner, Removable and Washable HEPA Filter Accessories Part Set with 1 Cleaning Brush for Wyze Handheld Cordless Vacuum Cleaner</p><p>$15.99 ($4.00 / Count)</p><a href="https://www.amazon.com/dp/B0CDH1JY5D?tag=eloabder-20&linkCode=osi&th=1&psc=1">View Product</a></div><div class="product"><a href="https://www.amazon.com/dp/B07P3WB37F?tag=eloabder-20&linkCode=osi&th=1&psc=1"><img src="https://m.media-amazon.com/images/I/51WaYrkiVXL._SL500_.jpg" alt="Product Image"></a><p>Miele AirClean 3D Efficiency Dust Bag, Type GN, XL Value Pack, 8 Bags and 4 Filters</p><p>$36.99</p><a href="https://www.amazon.com/dp/B07P3WB37F?tag=eloabder-20&linkCode=osi&th=1&psc=1">View Product</a></div><div class="product"><a href="https://www.amazon.com/dp/B09DSY4Z2T?tag=eloabder-20&linkCode=osi&th=1&psc=1"><img src="https://m.media-amazon.com/images/I/51+ref3EeAL._SL500_.jpg" alt="Product Image"></a><p>Filter Replacement for Tineco A10 A11 Hero A10/A11 Master PURE ONE S11 Series, S12, X Cordless Vacuum Cleaner (3 PACK) â€¦</p><p>$12.99 ($4.33 / Count)</p><a href="https://www.amazon.com/dp/B09DSY4Z2T?tag=eloabder-20&linkCode=osi&th=1&psc=1">View Product</a></div>


<div class="product"><a href="https://www.amazon.com/dp/B0BXRR5QFV?tag=eloabder-20&linkCode=osi&th=1&psc=1"><img src="https://m.media-amazon.com/images/I/41sjdBkCp8L._SL500_.jpg" alt="Product Image"></a><p>AC Infinity CLOUDFORGE T7, Plant Humidifier 15L with VPD Humidity Controls, 10-Level Precision Vaporizer, Extendable Hose, Targeting Pipe, and No-Leak Seal for Grow Tents</p><p>$159.00</p><a href="https://www.amazon.com/dp/B0BXRR5QFV?tag=eloabder-20&linkCode=osi&th=1&psc=1">View Product</a></div><div class="product"><a href="https://www.amazon.com/dp/B01N6MV8SA?tag=eloabder-20&linkCode=osi&th=1&psc=1"><img src="https://m.media-amazon.com/images/I/41hX08+W1xL._SL500_.jpg" alt="Product Image"></a><p>Protec Humidifier Tank Cleaner, 1 Count - Colors May Vary</p><p>$5.98</p><a href="https://www.amazon.com/dp/B01N6MV8SA?tag=eloabder-20&linkCode=osi&th=1&psc=1">View Product</a></div><div class="product"><a href="https://www.amazon.com/dp/B07GXBTH82?tag=eloabder-20&linkCode=osi&th=1&psc=1"><img src="https://m.media-amazon.com/images/I/41ibxK12JPL._SL500_.jpg" alt="Product Image"></a><p>Essick Air 1970-2 Humidifier, 2-Quart Bacteriostatic Treatment, 2 Pack, Clear, 2</p><p>$22.99</p><a href="https://www.amazon.com/dp/B07GXBTH82?tag=eloabder-20&linkCode=osi&th=1&psc=1">View Product</a></div><div class="product"><a href="https://www.amazon.com/dp/B08TTT3K9B?tag=eloabder-20&linkCode=osi&th=1&psc=1"><img src="https://m.media-amazon.com/images/I/41U6j9SexmL._SL500_.jpg" alt="Product Image"></a><p>Leemone Humidifier Cleaner 12 Pack, Demineralization Cleaning Ball, Works in All humidifiers and Fish Tanks, Purifies Water, Prevents Hard Water Build-Up, Eliminates White Dust and Odor</p><p>$14.44</p><a href="https://www.amazon.com/dp/B08TTT3K9B?tag=eloabder-20&linkCode=osi&th=1&psc=1">View Product</a></div>
<div class="product"><a href="https://www.amazon.com/dp/B07YD4XCT3?tag=eloabder-20&linkCode=osi&th=1&psc=1"><img src="https://m.media-amazon.com/images/I/41hR81iKyJL._SL500_.jpg" alt="Product Image"></a><p>Vacplus Moisture Absorber Packets, Fragrance Free(10 Pack), Humidity Packs, Hanging Closet Dehumidifier Bags, Desiccant 9.8OZ</p><p>$21.99</p><a href="https://www.amazon.com/dp/B07YD4XCT3?tag=eloabder-20&linkCode=osi&th=1&psc=1">View Product</a></div><div class="product"><a href="https://www.amazon.com/dp/B09LQF5V5K?tag=eloabder-20&linkCode=osi&th=1&psc=1"><img src="https://m.media-amazon.com/images/I/51Cx5ECAotL._SL500_.jpg" alt="Product Image"></a><p>CLEVAST Moisture Absorbers Packets 10 Pack, Dehumidifier Bags for Closet, Unscented Hanging Humidity Absorber in Wardrobes, Bedrooms, Bathrooms(230g/pack)</p><p>$16.98</p><a href="https://www.amazon.com/dp/B09LQF5V5K?tag=eloabder-20&linkCode=osi&th=1&psc=1">View Product</a></div><div class="product"><a href="https://www.amazon.com/dp/B0B8L9QRW8?tag=eloabder-20&linkCode=osi&th=1&psc=1"><img src="https://m.media-amazon.com/images/I/518LgtpPi8L._SL500_.jpg" alt="Product Image"></a><p>Arm & Hammer Essentials Disposable Moisture Absorber and Odor Eliminator Tub, Fragrance Free, 1 lb, 3-Pack, Attracts and Traps Excess Moisture, Ideal Closet Dehumidifier, White</p><p>$24.94 ($0.52 / Ounce)</p><a href="https://www.amazon.com/dp/B0B8L9QRW8?tag=eloabder-20&linkCode=osi&th=1&psc=1">View Product</a></div><div class="product"><a href="https://www.amazon.com/dp/B09W9TPJGZ?tag=eloabder-20&linkCode=osi&th=1&psc=1"><img src="https://m.media-amazon.com/images/I/51pVTVMwHbL._SL500_.jpg" alt="Product Image"></a><p>THECOSKY Dehumidifier and Air Purifier Combo,HEPA H13 Filter and Negative Air Ion Function,54oz(1.6L) Water Tank with Drain Hose,24hrs Auto-Off Timer,Idea for Bedroom,Bathroom,Closet,RV</p><p>$109.99</p><a href="https://www.amazon.com/dp/B09W9TPJGZ?tag=eloabder-20&linkCode=osi&th=1&psc=1">View Product</a></div><div class="product"><a href="https://www.amazon.com/dp/B0CXDG65LZ?tag=eloabder-20&linkCode=osi&th=1&psc=1"><img src="https://m.media-amazon.com/images/I/41HNflmbKHL._SL500_.jpg" alt="Product Image"></a><p>14 x 17.5 x1.75 MERV 13 Replacement Dehumidifier Filter Compatible with Santa Fe Advance90, Advance100, Advance120, Honeywell DR90 & DR120 dehumidifier models, 2 Pack</p><p>$42.99</p><a href="https://www.amazon.com/dp/B0CXDG65LZ?tag=eloabder-20&linkCode=osi&th=1&psc=1">View Product</a></div>
<div class="product"><a href="https://www.amazon.com/dp/B088B921NQ?tag=eloabder-20&linkCode=osi&th=1&psc=1"><img src="https://m.media-amazon.com/images/I/612e4cT3RYL._SL500_.jpg" alt="Product Image"></a><p>ULTTY H13 HEPA Replacement Filter with Medical Coating, True HEPA Filter For R021/ R020 Purifying Fan, Medium</p><p>$29.99</p><a href="https://www.amazon.com/dp/B088B921NQ?tag=eloabder-20&linkCode=osi&th=1&psc=1">View Product</a></div><div class="product"><a href="https://www.amazon.com/dp/B0D2MZ4Y7Z?tag=eloabder-20&linkCode=osi&th=1&psc=1"><img src="https://m.media-amazon.com/images/I/51KgTHizWyL._SL500_.jpg" alt="Product Image"></a><p>Butto 5-Pack Ceiling Fan Filters for Blades - Strong Adhesive Ceiling Fan Filters for Common Household Contaminants - Unscented Coconut Carbon Fan Air Purifier Pads to Make Air Fresh and Natural</p><p>$9.98</p><a href="https://www.amazon.com/dp/B0D2MZ4Y7Z?tag=eloabder-20&linkCode=osi&th=1&psc=1">View Product</a></div><div class="product"><a href="https://www.amazon.com/dp/B0C42HCM21?tag=eloabder-20&linkCode=osi&th=1&psc=1"><img src="https://m.media-amazon.com/images/I/31jk3lpoygL._SL500_.jpg" alt="Product Image"></a><p>Barnakl Ceiling Fan Filters | Activated Coconut Shell Carbon Filter | Easy-Stick Universal Ceiling Fan Air Filters | Unscented Ceiling Fan Blade Filters for Common Household Contaminants, (3-Count)</p><p>$19.99 ($6.66 / Count)</p><a href="https://www.amazon.com/dp/B0C42HCM21?tag=eloabder-20&linkCode=osi&th=1&psc=1">View Product</a></div>
<div class="product"><a href="https://www.amazon.com/dp/B08LZWP29P?tag=eloabder-20&linkCode=osi&th=1&psc=1"><img src="https://m.media-amazon.com/images/I/41NLuzzFW9L._SL500_.jpg" alt="Product Image"></a><p>Chromex Tankless Water Heater Descaling Solution | Highly Effective Descaler Restores Heating Efficiency, Quart, 32 fl oz (1)</p><p>$26.99</p><a href="https://www.amazon.com/dp/B08LZWP29P?tag=eloabder-20&linkCode=osi&th=1&psc=1">View Product</a></div>

<div class="product"><a href="https://www.amazon.com/dp/B005UO4OWQ?tag=eloabder-20&linkCode=osi&th=1&psc=1"><img src="https://m.media-amazon.com/images/I/41oQPKFofoL._SL500_.jpg" alt="Product Image"></a><p>Bissell 203-7458 Brushroll, Bg10/86T3, Black</p><p>$21.26 ($21.26 / Count)</p><a href="https://www.amazon.com/dp/B005UO4OWQ?tag=eloabder-20&linkCode=osi&th=1&psc=1">View Product</a></div>





















<div class="product"><a href="https://www.amazon.com/dp/B0014J7FUY?tag=eloabder-20&linkCode=osi&th=1&psc=1"><img src="https://m.media-amazon.com/images/I/31QrM+IPxOL._SL500_.jpg" alt="Product Image"></a><p>Urnex Grindz Professional Coffee Grinder Cleaning Tablets - 430 Grams - All Natural Food Safe Gluten Free - Cleans Burr and Casing - Help Extend Life of Your Grinder</p><p>$25.99 ($1.71 / Ounce)</p><a href="https://www.amazon.com/dp/B0014J7FUY?tag=eloabder-20&linkCode=osi&th=1&psc=1">View Product</a></div>



<div class="product"><a href="https://www.amazon.com/dp/B0CHW317SG?tag=eloabder-20&linkCode=osi&th=1&psc=1"><img src="https://m.media-amazon.com/images/I/41Qd5Iu3qBL._SL500_.jpg" alt="Product Image"></a><p>EUHOMY 55 Can Beverage Refrigerator cooler-Mini Fridge Glass Door for Beer Drinks Wines, Freestanding Beverage Fridge with Adjustable Shelves Blue LED for Home/Office/Dorm/Bar (1.3cu.ft)</p><p>$128.99</p><a href="https://www.amazon.com/dp/B0CHW317SG?tag=eloabder-20&linkCode=osi&th=1&psc=1">View Product</a></div>

<div class="product"><a href="https://www.amazon.com/dp/B099CN2MRK?tag=eloabder-20&linkCode=osi&th=1&psc=1"><img src="https://m.media-amazon.com/images/I/31CvUCIUX5L._SL500_.jpg" alt="Product Image"></a><p>Genuine PuroAir 240 Replacement Filter - Replacement HEPA Filter for PuroAir 240 Purifier - Captures up to 99% of Pollen, Smoke, Pollen, Dust and Common Household Pollutants</p><p>$48.00</p><a href="https://www.amazon.com/dp/B099CN2MRK?tag=eloabder-20&linkCode=osi&th=1&psc=1">View Product</a></div><div class="product"><a href="https://www.amazon.com/dp/B0055521W0?tag=eloabder-20&linkCode=osi&th=1&psc=1"><img src="https://m.media-amazon.com/images/I/41Hs7ixdyXL._SL500_.jpg" alt="Product Image"></a><p>GermGuardian Filter B HEPA Pure Genuine Air Purifier Replacement Filter, Removes 99.97% of Pollutants for AC4825, AC4300, AC4900, AC4825DLX, AC4850, CDAP4500, AP2200, Black/Yellow, FLT4825</p><p>$17.90 ($17.90 / Count)</p><a href="https://www.amazon.com/dp/B0055521W0?tag=eloabder-20&linkCode=osi&th=1&psc=1">View Product</a></div><div class="product"><a href="https://www.amazon.com/dp/B0BNMYKZPV?tag=eloabder-20&linkCode=osi&th=1&psc=1"><img src="https://m.media-amazon.com/images/I/41-K3mB6KkL._SL500_.jpg" alt="Product Image"></a><p>2 Pack True HEPA KILO Filter Compatible with Afloia KILO, KILOPLUS, KILOPRO, MIRO,MIRO PRO and MORENTO MR-Kilo, Kalo Air Purifier, 360Â° 3-Stage Filtration</p><p>$34.99 ($17.50 / Count)</p><a href="https://www.amazon.com/dp/B0BNMYKZPV?tag=eloabder-20&linkCode=osi&th=1&psc=1">View Product</a></div><div class="product"><a href="https://www.amazon.com/dp/B0D3M4Y9W7?tag=eloabder-20&linkCode=osi&th=1&psc=1"><img src="https://m.media-amazon.com/images/I/41tzW+mkZuL._SL500_.jpg" alt="Product Image"></a><p>Breshair 14 True HEPA Filter Replacement Compatible with PuroAir 240 Air Purifier, 3-in-1 Filtration System with Activated Carbon Filter, 2-Pack</p><p>$31.56 ($15.78 / Count)</p><a href="https://www.amazon.com/dp/B0D3M4Y9W7?tag=eloabder-20&linkCode=osi&th=1&psc=1">View Product</a></div><div class="product"><a href="https://www.amazon.com/dp/B0CB18MVX6?tag=eloabder-20&linkCode=osi&th=1&psc=1"><img src="https://m.media-amazon.com/images/I/519ZmmLOrzL._SL500_.jpg" alt="Product Image"></a><p>2 Pack 3-in-1 H13 True HEPA Replacement Filter Compatible with Pure Enrichment PureZone Air Purifier Part# PEAIRPLG</p><p>$23.99 ($12.00 / Count)</p><a href="https://www.amazon.com/dp/B0CB18MVX6?tag=eloabder-20&linkCode=osi&th=1&psc=1">View Product</a></div><div class="product"><a href="https://www.amazon.com/dp/B08JTZMRML?tag=eloabder-20&linkCode=osi&th=1&psc=1"><img src="https://m.media-amazon.com/images/I/51yx60sCjHL._SL500_.jpg" alt="Product Image"></a><p>6 Pack HPA300 HEPA Filter Replacement for Honeywell HPA300 Series Air Purifiers HPA300, HPA300VP, HPA304, HPA3300, Replace HRF-R3 (6 Ture HEPA R Replacement Filter + 8 Activated Carbon Pre-Filter)</p><p>$47.99 ($3.43 / Count)</p><a href="https://www.amazon.com/dp/B08JTZMRML?tag=eloabder-20&linkCode=osi&th=1&psc=1">View Product</a></div><div class="product"><a href="https://www.amazon.com/dp/B0CF1GLSYS?tag=eloabder-20&linkCode=osi&th=1&psc=1"><img src="https://m.media-amazon.com/images/I/41709EXRzXL._SL500_.jpg" alt="Product Image"></a><p>CHIVALZ 4 Pack HY4866 True HEPA Replacement Filters Compatible with MORENTO HY4866 Air Purifier, WESTHEY HY4866 Air Purifier and YIOU M1 Air Cleaner Purifier, Original Version</p><p>$39.99 ($10.00 / Count)</p><a href="https://www.amazon.com/dp/B0CF1GLSYS?tag=eloabder-20&linkCode=osi&th=1&psc=1">View Product</a></div>







<div class="product"><a href="https://www.amazon.com/dp/B0CYKMFKR9?tag=eloabder-20&linkCode=osi&th=1&psc=1"><img src="https://m.media-amazon.com/images/I/316zU-ozoxL._SL500_.jpg" alt="Product Image"></a><p>Air Purifier Replacement Filter for Space Heater Bladeless Fan</p><p>$29.99</p><a href="https://www.amazon.com/dp/B0CYKMFKR9?tag=eloabder-20&linkCode=osi&th=1&psc=1">View Product</a></div>
<div class="product"><a href="https://www.amazon.com/dp/B07MRH6VY7?tag=eloabder-20&linkCode=osi&th=1&psc=1"><img src="https://m.media-amazon.com/images/I/51g-nuN4A5L._SL500_.jpg" alt="Product Image"></a><p>Colorfullife Replacement Air Purifier Filter for Dyson Tower Purifier Pure Cool Link TP01, TP02, TP03, BP01, Compare to Part 968126-03ï¼Œ2 Pack</p><p>$26.99</p><a href="https://www.amazon.com/dp/B07MRH6VY7?tag=eloabder-20&linkCode=osi&th=1&psc=1">View Product</a></div><div class="product"><a href="https://www.amazon.com/dp/B07TX5SW7J?tag=eloabder-20&linkCode=osi&th=1&psc=1"><img src="https://m.media-amazon.com/images/I/512Kn+cPglL._SL500_.jpg" alt="Product Image"></a><p>TP01 HEPA Filter Replacement Compatible with Dyson Tower Purifier Pure Cool Link TP01, TP02, TP03, AM11, BP01 Models, Compare to Part # 968126-03 (Pack of 2)</p><p>$27.95 ($13.98 / Count)</p><a href="https://www.amazon.com/dp/B07TX5SW7J?tag=eloabder-20&linkCode=osi&th=1&psc=1">View Product</a></div><div class="product"><a href="https://www.amazon.com/dp/B0CC24GZGB?tag=eloabder-20&linkCode=osi&th=1&psc=1"><img src="https://m.media-amazon.com/images/I/41woNpZ9VgL._SL500_.jpg" alt="Product Image"></a><p>TP01 TP02 Filter Compatible with Dyson Pure Cool Link Purifying Tower Fan TP00 TP03 AM11 and Cool Me BP01 Personal Series, 360Â° Air Purifier Filter Replacement 968126-03, 1-Pack</p><p>$25.99</p><a href="https://www.amazon.com/dp/B0CC24GZGB?tag=eloabder-20&linkCode=osi&th=1&psc=1">View Product</a></div><div class="product"><a href="https://www.amazon.com/dp/B0CX23N2JJ?tag=eloabder-20&linkCode=osi&th=1&psc=1"><img src="https://m.media-amazon.com/images/I/3145hmd5j7L._SL500_.jpg" alt="Product Image"></a><p>Dreo Air Purifiers Replacement Filter, HEPA Filter for Dreo Purifier Tower Fan MC710S, with 2 Stage Filtration, Black, Standard(DR-HPA019)</p><p>$39.99</p><a href="https://www.amazon.com/dp/B0CX23N2JJ?tag=eloabder-20&linkCode=osi&th=1&psc=1">View Product</a></div>










<div class="product"><a href="https://www.amazon.com/dp/B001U0OJ7O?tag=eloabder-20&linkCode=osi&th=1&psc=1"><img src="https://m.media-amazon.com/images/I/41XEg3QV-wL._SL500_.jpg" alt="Product Image"></a><p>Whirlpool W10165294RB 15-Inch Plastic Trash Compactor ct, 60 Bags, Count</p><p>$48.34</p><a href="https://www.amazon.com/dp/B001U0OJ7O?tag=eloabder-20&linkCode=osi&th=1&psc=1">View Product</a></div><div class="product"><a href="https://www.amazon.com/dp/B0CC3V4ZZ4?tag=eloabder-20&linkCode=osi&th=1&psc=1"><img src="https://m.media-amazon.com/images/I/31bbvodHnjL._SL500_.jpg" alt="Product Image"></a><p>Waste Smasher- Hand-Held Manual Trash Compactor Dishwasher Safe Black</p><p>$24.95</p><a href="https://www.amazon.com/dp/B0CC3V4ZZ4?tag=eloabder-20&linkCode=osi&th=1&psc=1">View Product</a></div><div class="product"><a href="https://www.amazon.com/dp/B00IYO5914?tag=eloabder-20&linkCode=osi&th=1&psc=1"><img src="https://m.media-amazon.com/images/I/51SLpTXIYNL._SL500_.jpg" alt="Product Image"></a><p>Kitchen Master Super Strong Compactor Bags Pre Cuffed (12 Pack)</p><p>$34.95</p><a href="https://www.amazon.com/dp/B00IYO5914?tag=eloabder-20&linkCode=osi&th=1&psc=1">View Product</a></div><div class="product"><a href="https://www.amazon.com/dp/B075DJ4ZVQ?tag=eloabder-20&linkCode=osi&th=1&psc=1"><img src="https://m.media-amazon.com/images/I/51Vaek4I89L._SL500_.jpg" alt="Product Image"></a><p>Dano Pre-Cuffed Compactor Bags</p><p>$32.95 ($2.75 / Count)</p><a href="https://www.amazon.com/dp/B075DJ4ZVQ?tag=eloabder-20&linkCode=osi&th=1&psc=1">View Product</a></div><div class="product"><a href="https://www.amazon.com/dp/B0C2DCVCBJ?tag=eloabder-20&linkCode=osi&th=1&psc=1"><img src="https://m.media-amazon.com/images/I/51072CtaKuL._SL500_.jpg" alt="Product Image"></a><p>60-pack W10165294RB Trash Compactor Bags - leak-proof trash compactor bags for kitchen 60-ct 15 inches - Fits 15-inch Rectangular Drawer Compactors</p><p>$45.99 ($0.77 / Count)</p><a href="https://www.amazon.com/dp/B0C2DCVCBJ?tag=eloabder-20&linkCode=osi&th=1&psc=1">View Product</a></div><div class="product"><a href="https://www.amazon.com/dp/B001U0OJ7E?tag=eloabder-20&linkCode=osi&th=1&psc=1"><img src="https://m.media-amazon.com/images/I/41c0z26RyvL._SL500_.jpg" alt="Product Image"></a><p>Whirlpool W10165293RB Genuine OEM 60 Pack-Plastic Compactor Bags-18" Models â€“ 1394369, 4178058, 4318932, 4318933, 4318935, 4318937, 4318939, AH1964576, EA1964576, PS1964576</p><p>$48.64 ($0.81 / Count)</p><a href="https://www.amazon.com/dp/B001U0OJ7E?tag=eloabder-20&linkCode=osi&th=1&psc=1">View Product</a></div><div class="product"><a href="https://www.amazon.com/dp/B00W27J16S?tag=eloabder-20&linkCode=osi&th=1&psc=1"><img src="https://m.media-amazon.com/images/I/41RaOjAGlrL._SL500_.jpg" alt="Product Image"></a><p>Compactor Bags Pre Cuffed (50 Pack)</p><p>$84.95 ($1.70 / count)</p><a href="https://www.amazon.com/dp/B00W27J16S?tag=eloabder-20&linkCode=osi&th=1&psc=1">View Product</a></div><div class="product"><a href="https://www.amazon.com/dp/B00MOCYY2W?tag=eloabder-20&linkCode=osi&th=1&psc=1"><img src="https://m.media-amazon.com/images/I/41SH8mDsAnL._SL500_.jpg" alt="Product Image"></a><p>GE WX60X1 Genuine OEM Universal Trash Compactor Bags for GE Trash Compactors</p><p>$19.00</p><a href="https://www.amazon.com/dp/B00MOCYY2W?tag=eloabder-20&linkCode=osi&th=1&psc=1">View Product</a></div><div class="product"><a href="https://www.amazon.com/dp/B0D7SFSTNG?tag=eloabder-20&linkCode=osi&th=1&psc=1"><img src="https://m.media-amazon.com/images/I/41szt9tZJPL._SL500_.jpg" alt="Product Image"></a><p>4PCS Trash Compactor Charcoal Air Filter Fit for Whirlpool/KitchenAid/Maytag/Jenn-Air/Amana/Inglis/Magic Chef Trash Compactor, Replaces 4151750 554358 WP4151750 AP6009134 PS11742279</p><p>$23.59 ($5.90 / Count)</p><a href="https://www.amazon.com/dp/B0D7SFSTNG?tag=eloabder-20&linkCode=osi&th=1&psc=1">View Product</a></div>
<div class="product"><a href="https://www.amazon.com/dp/B0CGLX5ZB9?tag=eloabder-20&linkCode=osi&th=1&psc=1"><img src="https://m.media-amazon.com/images/I/51qeRZQS98L._SL500_.jpg" alt="Product Image"></a><p>Spare Replacement Parts Compatible with MAMNV BR150 BR151, ZCWA BR150 BR151, MANVINS G20 Robot Vacuum and Mop Combo Accessories Include: 3 Hepa Filters 3 Mop Pads 6 Side Spin Brushes</p><p>$9.98</p><a href="https://www.amazon.com/dp/B0CGLX5ZB9?tag=eloabder-20&linkCode=osi&th=1&psc=1">View Product</a></div><div class="product"><a href="https://www.amazon.com/dp/B0B28DGZBG?tag=eloabder-20&linkCode=osi&th=1&psc=1"><img src="https://m.media-amazon.com/images/I/51ooMN4RqML._SL500_.jpg" alt="Product Image"></a><p>Replacement Parts for Shark AI AV2511AE AV2501S AV2610WA AV2501AE RV2502AE RV2610WA RV2520 AV2510 2-In-1 AI Ultra Robot Vacuum Cleaner Accessories Kits. Main Brush, HEPA Filter, Foam Filter,Side Brush</p><p>$19.99 ($1.05 / Count)</p><a href="https://www.amazon.com/dp/B0B28DGZBG?tag=eloabder-20&linkCode=osi&th=1&psc=1">View Product</a></div><div class="product"><a href="https://www.amazon.com/dp/B0782T7L6P?tag=eloabder-20&linkCode=osi&th=1&psc=1"><img src="https://m.media-amazon.com/images/I/41hTVkuzMJL._SL500_.jpg" alt="Product Image"></a><p>10pcs HEPA Filters Replacement for ILIFE V3s V3s pro V5 V5s V5s Pro V5s Pro 2 V5s Plus Noisz S5 Robotic Vacuum Cleaner ILIFE V3s pro Filters ILIFE Robot Vacuum Filter</p><p>$9.80 ($0.98 / Count)</p><a href="https://www.amazon.com/dp/B0782T7L6P?tag=eloabder-20&linkCode=osi&th=1&psc=1">View Product</a></div><div class="product"><a href="https://www.amazon.com/dp/B0CXLVHTTC?tag=eloabder-20&linkCode=osi&th=1&psc=1"><img src="https://m.media-amazon.com/images/I/51BT3phYzKL._SL500_.jpg" alt="Product Image"></a><p>HUIZHEN Spare Accessories for MAMNV BR150/BR151, for ZCWA BR150/BR151, for MANVINS G20,for GTTVO BR150/BR151,for ONSON BR150/BR151 Robot Vacuum Replacement Parts,6 Side Brush,4 HEPA Filters,4 Mop Pads</p><p>$9.99</p><a href="https://www.amazon.com/dp/B0CXLVHTTC?tag=eloabder-20&linkCode=osi&th=1&psc=1">View Product</a></div><div class="product"><a href="https://www.amazon.com/dp/B08RYDDQL8?tag=eloabder-20&linkCode=osi&th=1&psc=1"><img src="https://m.media-amazon.com/images/I/314Xd7+oBXL._SL500_.jpg" alt="Product Image"></a><p>AirClean 4 Pack 3.7" High Replacement Base Pre-Motor Foam Filters Compatible with Shark IQ Robot Vacuum R101AE RV1001AE UR1005AE Self-Empty Base</p><p>$12.99 ($3.25 / Count)</p><a href="https://www.amazon.com/dp/B08RYDDQL8?tag=eloabder-20&linkCode=osi&th=1&psc=1">View Product</a></div><div class="product"><a href="https://www.amazon.com/dp/B0CJLHJ557?tag=eloabder-20&linkCode=osi&th=1&psc=1"><img src="https://m.media-amazon.com/images/I/41iQm8hUjiL._SL500_.jpg" alt="Product Image"></a><p>Replacement Parts Compatible with WYZE Robot Vacuum Cleaner WVCR200S Accessories, 2 Main Brushes, 6 Hepa Filters, 8 Side Brushes Attachment Spare Pack</p><p>$14.99 ($0.94 / Count)</p><a href="https://www.amazon.com/dp/B0CJLHJ557?tag=eloabder-20&linkCode=osi&th=1&psc=1">View Product</a></div>
<div class="product"><a href="https://www.amazon.com/dp/B0C4595Q8P?tag=eloabder-20&linkCode=osi&th=1&psc=1"><img src="https://m.media-amazon.com/images/I/51k23SAtRxL._SL500_.jpg" alt="Product Image"></a><p>4 Pack FSV001 HEPA Filter Compatiable with Fabuletta FSV101, FSV001, Girnoor G160&G165, Afoddon A300, Lubluelu 202, Oraimo Cordless Vacuum Cleaner, Besswin W26 Cordless Stick Vacuum Cleaners</p><p>$15.99 ($4.00 / Count)</p><a href="https://www.amazon.com/dp/B0C4595Q8P?tag=eloabder-20&linkCode=osi&th=1&psc=1">View Product</a></div>
<div class="product"><a href="https://www.amazon.com/dp/B0BNKJX96X?tag=eloabder-20&linkCode=osi&th=1&psc=1"><img src="https://m.media-amazon.com/images/I/41OPeLFppoL._SL500_.jpg" alt="Product Image"></a><p>6 PACK 2033 Replacement Filter Compatible with Bissell Featherweight Stick Lightweight Bagless Vacuum Cleaner 20331, 20333, 20334, 20336, 20339, 2033M,6 Mesh Filter 6 Foam Filters, Replace # 1611508</p><p>$14.99 ($2.50 / Count)</p><a href="https://www.amazon.com/dp/B0BNKJX96X?tag=eloabder-20&linkCode=osi&th=1&psc=1">View Product</a></div><div class="product"><a href="https://www.amazon.com/dp/B0CMBWLTSM?tag=eloabder-20&linkCode=osi&th=1&psc=1"><img src="https://m.media-amazon.com/images/I/41PHqKaLTDL._SL500_.jpg" alt="Product Image"></a><p>18V ONE + Cordless Pet Stick Vacuum Filter for Ryobi, PCL720, PBLSV716, PBLSV717 Stick Vacuum, Reusable Washable Filters, Compare to Part A32SV720N, 6 Pack</p><p>$15.99 ($2.66 / Count)</p><a href="https://www.amazon.com/dp/B0CMBWLTSM?tag=eloabder-20&linkCode=osi&th=1&psc=1">View Product</a></div><div class="product"><a href="https://www.amazon.com/dp/B0CXDYWWT9?tag=eloabder-20&linkCode=osi&th=1&psc=1"><img src="https://m.media-amazon.com/images/I/41F1csTT8jL._SL500_.jpg" alt="Product Image"></a><p>2 Replacement Filters for Craftsman V20 Cordless Stick Vacuum CMCVS001D1, for Black Decker BSVF1 BSV2020 BSV2020G BSV2020P Cordless Stick Vacuum Cleaner with 1 Cleaning Brush</p><p>$14.99</p><a href="https://www.amazon.com/dp/B0CXDYWWT9?tag=eloabder-20&linkCode=osi&th=1&psc=1">View Product</a></div><div class="product"><a href="https://www.amazon.com/dp/B0CCJ5N5DH?tag=eloabder-20&linkCode=osi&th=1&psc=1"><img src="https://m.media-amazon.com/images/I/41xmhDPqk8L._SL500_.jpg" alt="Product Image"></a><p>Aolleteau 1 Pack Brush Roller Compatible with Black + Decker BSV2020, BSV2020P, BSV2020G Powerseries Extreme Cordless Stick Vacuum and Compatible with Craftsman V20 Cordless Stick Vacuum CMCVS001D1</p><p>$17.99</p><a href="https://www.amazon.com/dp/B0CCJ5N5DH?tag=eloabder-20&linkCode=osi&th=1&psc=1">View Product</a></div><div class="product"><a href="https://www.amazon.com/dp/B0CQY61LFD?tag=eloabder-20&linkCode=osi&th=1&psc=1"><img src="https://m.media-amazon.com/images/I/31swBBC444L._SL500_.jpg" alt="Product Image"></a><p>Tablenco for Shark HZ602 Filter Replacement Ultralight Pet Pro Corded Stick Vacuum and HZ2002 Vertex DuoClean PowerFins fit HZ2000 HZ251 HZ250 HH200 HH202,4 Foam Felt 4 Motor Kit (No cleaning brush)</p><p>$9.98</p><a href="https://www.amazon.com/dp/B0CQY61LFD?tag=eloabder-20&linkCode=osi&th=1&psc=1">View Product</a></div><div class="product"><a href="https://www.amazon.com/dp/B09Q55KW8W?tag=eloabder-20&linkCode=osi&th=1&psc=1"><img src="https://m.media-amazon.com/images/I/51MKsJy6nSL._SL500_.jpg" alt="Product Image"></a><p>Anicell 2033 Featherweight Filter for Bissell Featherweight Stick Lightweight Bagless Vacuum 20331 20333 20334 20336 20339 2033M, 4 Mesh Filters 6 Foam Filters Replacement, Replace part# 1611508</p><p>$11.99</p><a href="https://www.amazon.com/dp/B09Q55KW8W?tag=eloabder-20&linkCode=osi&th=1&psc=1">View Product</a></div><div class="product"><a href="https://www.amazon.com/dp/B0CDVG7LHD?tag=eloabder-20&linkCode=osi&th=1&psc=1"><img src="https://m.media-amazon.com/images/I/41hjN1Te6sL._SL500_.jpg" alt="Product Image"></a><p>Moreffi 3 Pack Filter Replacement For HART Cordless Stick Vacuum HPSV01 and HPSV50, Compare to Part Number HASV01</p><p>$19.99 ($6.66 / Count)</p><a href="https://www.amazon.com/dp/B0CDVG7LHD?tag=eloabder-20&linkCode=osi&th=1&psc=1">View Product</a></div>
<div class="product"><a href="https://www.amazon.com/dp/B07DQ9TZC8?tag=eloabder-20&linkCode=osi&th=1&psc=1"><img src="https://m.media-amazon.com/images/I/41PHyZ20FuL._SL500_.jpg" alt="Product Image"></a><p>Kenmore 53294 Style O HEPA Cloth Vacuum Bags for Kenmore Upright Vacuum Cleaners 6 Pack,White</p><p>$20.99 ($3.50 / Count)</p><a href="https://www.amazon.com/dp/B07DQ9TZC8?tag=eloabder-20&linkCode=osi&th=1&psc=1">View Product</a></div><div class="product"><a href="https://www.amazon.com/dp/B08MXVTTT2?tag=eloabder-20&linkCode=osi&th=1&psc=1"><img src="https://m.media-amazon.com/images/I/41T6wRpIMzL._SL500_.jpg" alt="Product Image"></a><p>Kenmore IB600 HEPA Replacement Intuition Upright Vacuum Cleaner Bags for BU4022, BU4020, BU4018, BU4050, BU3040,White</p><p>$18.75</p><a href="https://www.amazon.com/dp/B08MXVTTT2?tag=eloabder-20&linkCode=osi&th=1&psc=1">View Product</a></div><div class="product"><a href="https://www.amazon.com/dp/B01010JVYO?tag=eloabder-20&linkCode=osi&th=1&psc=1"><img src="https://m.media-amazon.com/images/I/51Anluh47GL._SL500_.jpg" alt="Product Image"></a><p>EnviroCare Replacement Micro Filtration Vacuum Cleaner Dust Bags Designed to fit Hoover Windtunnel Upright Type Y 9 pack</p><p>$9.89 ($1.10 / Count)</p><a href="https://www.amazon.com/dp/B01010JVYO?tag=eloabder-20&linkCode=osi&th=1&psc=1">View Product</a></div><div class="product"><a href="https://www.amazon.com/dp/B0D5CP3WBY?tag=eloabder-20&linkCode=osi&th=1&psc=1"><img src="https://m.media-amazon.com/images/I/31MaGmsVOwL._SL500_.jpg" alt="Product Image"></a><p>Bagless Upright Kenmore Vacuum HEPA Filters, Compatible with Foam Filters, Felt Filters and Upright vacuum cleaner for Models K4010,DU2015,DU2012(includes 1 Hepa Filters,2 Foam and 2 Felt Filters)</p><p>$12.99</p><a href="https://www.amazon.com/dp/B0D5CP3WBY?tag=eloabder-20&linkCode=osi&th=1&psc=1">View Product</a></div><div class="product"><a href="https://www.amazon.com/dp/B0CBFV28WX?tag=eloabder-20&linkCode=osi&th=1&psc=1"><img src="https://m.media-amazon.com/images/I/51LIYI0wXSL._SL500_.jpg" alt="Product Image"></a><p>16 Packs Vacuum Bags for Oreck Type CC, Compatible with All Oreck XL Upright Vacuum Cleaner - Replaces Part # CCPK8DW</p><p>$21.99 ($1.37 / Count)</p><a href="https://www.amazon.com/dp/B0CBFV28WX?tag=eloabder-20&linkCode=osi&th=1&psc=1">View Product</a></div><div class="product"><a href="https://www.amazon.com/dp/B00F9GQMHA?tag=eloabder-20&linkCode=osi&th=1&psc=1"><img src="https://m.media-amazon.com/images/I/51lhelurelL._SL500_.jpg" alt="Product Image"></a><p>EnviroCare Replacement Premium Vacuum Cleaner Dust Bags made to fit Eureka F&G Uprights 9 bags</p><p>$11.09</p><a href="https://www.amazon.com/dp/B00F9GQMHA?tag=eloabder-20&linkCode=osi&th=1&psc=1">View Product</a></div><div class="product"><a href="https://www.amazon.com/dp/B002CI8G1I?tag=eloabder-20&linkCode=osi&th=1&psc=1"><img src="https://m.media-amazon.com/images/I/51PYQrQpbSL._SL500_.jpg" alt="Product Image"></a><p>EnviroCare Replacement Micro Filtration Vacuum Cleaner Dust Bags made to fit Kenmore Upright Type U/L/O 50688 and 50690, Panasonic Type U-2, Miele Type Z. 9 pack</p><p>$9.99</p><a href="https://www.amazon.com/dp/B002CI8G1I?tag=eloabder-20&linkCode=osi&th=1&psc=1">View Product</a></div>
<div class="product"><a href="https://www.amazon.com/dp/B07GNQJ67P?tag=eloabder-20&linkCode=osi&th=1&psc=1"><img src="https://m.media-amazon.com/images/I/41XHnKbgjAL._SL500_.jpg" alt="Product Image"></a><p>Kenmore 53292 Type Q HEPA Replacement Dust Bags for Canister Vacuum 81214, 81414, 81714, 21814, BC2005, BC3005, 81615, BC7005, 6 Count (Pack of 1)</p><p>$13.24 ($2.21 / Count)</p><a href="https://www.amazon.com/dp/B07GNQJ67P?tag=eloabder-20&linkCode=osi&th=1&psc=1">View Product</a></div><div class="product"><a href="https://www.amazon.com/dp/B01L0C0FVK?tag=eloabder-20&linkCode=osi&th=1&psc=1"><img src="https://m.media-amazon.com/images/I/51ZIjbo9NVL._SL500_.jpg" alt="Product Image"></a><p>Envirocare Replacement Vacuum Bags Compatible with Kenmore Canister Type C/Q. 5055, 50557 and 50558 Panasonic Type C-5 Vacuums,15 pack</p><p>$16.16</p><a href="https://www.amazon.com/dp/B01L0C0FVK?tag=eloabder-20&linkCode=osi&th=1&psc=1">View Product</a></div><div class="product"><a href="https://www.amazon.com/dp/B0BTRTP2PM?tag=eloabder-20&linkCode=osi&th=1&psc=1"><img src="https://m.media-amazon.com/images/I/41K295aRv9L._SL500_.jpg" alt="Product Image"></a><p>Vacuum Cleaner Bags Fit for Kenmore Canister Type C/Q 50555 50557 50558 and Type C-5, 10PCs</p><p>$15.99</p><a href="https://www.amazon.com/dp/B0BTRTP2PM?tag=eloabder-20&linkCode=osi&th=1&psc=1">View Product</a></div><div class="product"><a href="https://www.amazon.com/dp/B0CRQYGLZX?tag=eloabder-20&linkCode=osi&th=1&psc=1"><img src="https://m.media-amazon.com/images/I/413iXp+j3ML._SL500_.jpg" alt="Product Image"></a><p>15 Pack Canister Vacuum Cleaner Bags Compatible with Kenmore Canister Type C/Q 5055, 50555, 50557, 50558 and Type C-5, C-18, 53292, 200 Series, 400 Series, 600 Series, 700 Series, 800 Series Vacuum</p><p>$11.69</p><a href="https://www.amazon.com/dp/B0CRQYGLZX?tag=eloabder-20&linkCode=osi&th=1&psc=1">View Product</a></div><div class="product"><a href="https://www.amazon.com/dp/B00QGD3SBI?tag=eloabder-20&linkCode=osi&th=1&psc=1"><img src="https://m.media-amazon.com/images/I/51xw0asyqTL._SL500_.jpg" alt="Product Image"></a><p>EnviroCare Replacement Vacuum Bags made to fit Kenmore Canister Type C or Q 50555, 50558, 50557 and Panasonic Type C-5 Vacuums, 9 pack</p><p>$9.79</p><a href="https://www.amazon.com/dp/B00QGD3SBI?tag=eloabder-20&linkCode=osi&th=1&psc=1">View Product</a></div><div class="product"><a href="https://www.amazon.com/dp/B0CQP9NP5N?tag=eloabder-20&linkCode=osi&th=1&psc=1"><img src="https://m.media-amazon.com/images/I/41WnNkTz8zL._SL500_.jpg" alt="Product Image"></a><p>8 Pack Replacement Vacuum Bags Compatible with Kenmore Canister Type C/Q. 5055, 50104, 50557 and 50558 Panasonic Type C-5 Vacuums</p><p>$9.99 ($1.25 / Count)</p><a href="https://www.amazon.com/dp/B0CQP9NP5N?tag=eloabder-20&linkCode=osi&th=1&psc=1">View Product</a></div>
<div class="product"><a href="https://www.amazon.com/dp/B09M3Y2BHR?tag=eloabder-20&linkCode=osi&th=1&psc=1"><img src="https://m.media-amazon.com/images/I/31tevngai1L._SL500_.jpg" alt="Product Image"></a><p>Ymimi Vacuum Filter Compatible with Eureka WhirlWind Bagless Canister Vacuum Cleaner,Fits NEN110A,NEN110B,NEN110Dï¼ˆ2-Packï¼‰</p><p>$11.99 ($6.00 / Count)</p><a href="https://www.amazon.com/dp/B09M3Y2BHR?tag=eloabder-20&linkCode=osi&th=1&psc=1">View Product</a></div><div class="product"><a href="https://www.amazon.com/dp/B07J1WWBHN?tag=eloabder-20&linkCode=osi&th=1&psc=1"><img src="https://m.media-amazon.com/images/I/51gmkDrnR2L._SL500_.jpg" alt="Product Image"></a><p>Bissell Powerforce Helix Bagless Washable Premotor Filter #1608225, Black</p><p>$7.78</p><a href="https://www.amazon.com/dp/B07J1WWBHN?tag=eloabder-20&linkCode=osi&th=1&psc=1">View Product</a></div><div class="product"><a href="https://www.amazon.com/dp/B0BK64TMMK?tag=eloabder-20&linkCode=osi&th=1&psc=1"><img src="https://m.media-amazon.com/images/I/41OBMvET7eL._SL500_.jpg" alt="Product Image"></a><p>Vacuum Belt Replacement for Bissell Cleanview Swivel Pet Upright Bagless/Powerlifter Vacuum Cleaner, fits model: 2252, 2254, 22543, 2258,2259, 2260,2316, 2739, 1793, Parts # 3031120, 32074</p><p>$6.99</p><a href="https://www.amazon.com/dp/B0BK64TMMK?tag=eloabder-20&linkCode=osi&th=1&psc=1">View Product</a></div><div class="product"><a href="https://www.amazon.com/dp/B0BKKL3WRB?tag=eloabder-20&linkCode=osi&th=1&psc=1"><img src="https://m.media-amazon.com/images/I/410jMe-FjIL._SL500_.jpg" alt="Product Image"></a><p>Aolleteau F1 HEPA Filter Compatible with Dirt Devil Bagless Upright Cleaner Models Extra Lite, Breeze, Featherlite Bagless, Jaguar Bagless,Platinum Force Vision, Scorpion and Vision Bagless (2 Pack)</p><p>$13.99 ($7.00 / Count)</p><a href="https://www.amazon.com/dp/B0BKKL3WRB?tag=eloabder-20&linkCode=osi&th=1&psc=1">View Product</a></div><div class="product"><a href="https://www.amazon.com/dp/B09SG1P4WN?tag=eloabder-20&linkCode=osi&th=1&psc=1"><img src="https://m.media-amazon.com/images/I/51+Mr+Wq5ML._SL500_.jpg" alt="Product Image"></a><p>NEN110A Vacuum Filter, Inlet Frame and Sponge Filter Compatible with Eureka Whirlwind Bagless Canister Vacuum Cleaner, Fits NEN110A, NEN110B, NEN110D(4-Pack)</p><p>$15.99 ($4.00 / Count)</p><a href="https://www.amazon.com/dp/B09SG1P4WN?tag=eloabder-20&linkCode=osi&th=1&psc=1">View Product</a></div>
<div class="product"><a href="https://www.amazon.com/dp/B07GT9VB9X?tag=eloabder-20&linkCode=osi&th=1&psc=1"><img src="https://m.media-amazon.com/images/I/41IokheYtNL._SL500_.jpg" alt="Product Image"></a><p>6 Pack 1940 Bissell Steam Mop Pads for Bissell PowerFresh Steam Mop 1806 1544 1440 2075A 2685A 1940W 19404 Series, Model 19402 19408 1940a 1940f 1940q 1940t B0006 B0017, Part #5938#203-2633</p><p>$16.99 ($2.83 / Count)</p><a href="https://www.amazon.com/dp/B07GT9VB9X?tag=eloabder-20&linkCode=osi&th=1&psc=1">View Product</a></div><div class="product"><a href="https://www.amazon.com/dp/B07H3MYZLD?tag=eloabder-20&linkCode=osi&th=1&psc=1"><img src="https://m.media-amazon.com/images/I/511p6MPxQ0L._SL500_.jpg" alt="Product Image"></a><p>Flammi Steam Pocket Mop Replacement Pads for Shark S3500 Series S3501 S3601 S3550 S3901 SE450 S3801CO S3601D S2901 S2902 Steam Pocket Mop, 4 Pack</p><p>$16.97 ($4.24 / Count)</p><a href="https://www.amazon.com/dp/B07H3MYZLD?tag=eloabder-20&linkCode=osi&th=1&psc=1">View Product</a></div><div class="product"><a href="https://www.amazon.com/dp/B0C8SH97HN?tag=eloabder-20&linkCode=osi&th=1&psc=1"><img src="https://m.media-amazon.com/images/I/31Mex4y7odL._SL500_.jpg" alt="Product Image"></a><p>HOMEXCEL Steam Mop Replacement Pads Compatible with Bissell Powerfresh Steam Mop 1940 1806 1440 1544 Series, Model 19402 19404 19408 2685A 2075A 1940A 1940Q 1940T 1940W, Steam Mop Pads Refills,4 Pack</p><p>$9.99 ($2.50 / Count)</p><a href="https://www.amazon.com/dp/B0C8SH97HN?tag=eloabder-20&linkCode=osi&th=1&psc=1">View Product</a></div><div class="product"><a href="https://www.amazon.com/dp/B0BFWTXS33?tag=eloabder-20&linkCode=osi&th=1&psc=1"><img src="https://m.media-amazon.com/images/I/51pa2h7o0EL._SL500_.jpg" alt="Product Image"></a><p>12 Pack 1940 Steam Mop Replacement Pads for Bissell Powerfresh Steam Mop 1940 1440 1806 1544 2075 2685A 2814 Series, Model 19402 19404 19408 19409 1940A 1940F 1940Q 1940T 1940W B0006 B0017 2075A 15441</p><p>$24.99</p><a href="https://www.amazon.com/dp/B0BFWTXS33?tag=eloabder-20&linkCode=osi&th=1&psc=1">View Product</a></div><div class="product"><a href="https://www.amazon.com/dp/B0CLP5QGTY?tag=eloabder-20&linkCode=osi&th=1&psc=1"><img src="https://m.media-amazon.com/images/I/414HqpKde9L._SL500_.jpg" alt="Product Image"></a><p>10 Pack 1940 1806 2685A Steam Mop Pads For Bissell Powerfresh Steam Mop Deluxe Pet Lift-Off Plus Slim Scrubbing Steam Mop Replacement Pad 1940A 2814 1544A 2075A Power Fresh Steamer Pad Refill Washable</p><p>$22.99 ($2.30 / Count)</p><a href="https://www.amazon.com/dp/B0CLP5QGTY?tag=eloabder-20&linkCode=osi&th=1&psc=1">View Product</a></div><div class="product"><a href="https://www.amazon.com/dp/B078BBKBPV?tag=eloabder-20&linkCode=osi&th=1&psc=1"><img src="https://m.media-amazon.com/images/I/51WcJqtOUIL._SL500_.jpg" alt="Product Image"></a><p>Tidy Monster Steam Mop Replacement Pads Compatible with Bissell Powerfresh Steam Mop 1940 1806 1544 1440 2075A 2685A Series, Part # 5938 & 203-2633, 1606668 & 1606669 (4 Pack Scrub Plush)</p><p>$9.99</p><a href="https://www.amazon.com/dp/B078BBKBPV?tag=eloabder-20&linkCode=osi&th=1&psc=1">View Product</a></div><div class="product"><a href="https://www.amazon.com/dp/B00A6G37SU?tag=eloabder-20&linkCode=osi&th=1&psc=1"><img src="https://m.media-amazon.com/images/I/51xo0LB-SpL._SL500_.jpg" alt="Product Image"></a><p>BISSELL PowerFresh Steam Mop Pads (Pack of 2) with Fragrance discs (4 ct), 5938</p><p>$21.26 ($10.63 / Count)</p><a href="https://www.amazon.com/dp/B00A6G37SU?tag=eloabder-20&linkCode=osi&th=1&psc=1">View Product</a></div>
<div class="product"><a href="https://www.amazon.com/dp/B0D2QFVY7H?tag=eloabder-20&linkCode=osi&th=1&psc=1"><img src="https://m.media-amazon.com/images/I/417B7H+vvML._SL500_.jpg" alt="Product Image"></a><p>Kenmore KS1010 Deep Clean & Revitalize Pet Carpet Cleaner Formula, 64 oz, White, 64 Fl Oz</p><p>$22.73 ($0.36 / Fl Oz)</p><a href="https://www.amazon.com/dp/B0D2QFVY7H?tag=eloabder-20&linkCode=osi&th=1&psc=1">View Product</a></div><div class="product"><a href="https://www.amazon.com/dp/B0BNK8ZJJ1?tag=eloabder-20&linkCode=osi&th=1&psc=1"><img src="https://m.media-amazon.com/images/I/51z0Pc4xcNL._SL500_.jpg" alt="Product Image"></a><p>Bissell Spotlifter Pet Carpet and Upholstery Cleaner with Brush Head - 4 Pack, 93523</p><p>$23.88 ($0.50 / Fl Oz)</p><a href="https://www.amazon.com/dp/B0BNK8ZJJ1?tag=eloabder-20&linkCode=osi&th=1&psc=1">View Product</a></div><div class="product"><a href="https://www.amazon.com/dp/B0CX245D26?tag=eloabder-20&linkCode=osi&th=1&psc=1"><img src="https://m.media-amazon.com/images/I/411CSXvvO1L._SL500_.jpg" alt="Product Image"></a><p>BISSELLÂ® Spot & Stain with Febreze + Gain Original Scent Formula for Little Green Devices, Portable Carpet Cleaners (3968)</p><p>$12.99 ($0.41 / Fl Oz)</p><a href="https://www.amazon.com/dp/B0CX245D26?tag=eloabder-20&linkCode=osi&th=1&psc=1">View Product</a></div><div class="product"><a href="https://www.amazon.com/dp/B083VZW4R5?tag=eloabder-20&linkCode=osi&th=1&psc=1"><img src="https://m.media-amazon.com/images/I/413BULPLmBL._SL500_.jpg" alt="Product Image"></a><p>BISSELL Multi-Surface Pet Formula with Febreze Freshness for Crosswave (80 oz), 2295L</p><p>$22.99 ($0.29 / Fl Oz)</p><a href="https://www.amazon.com/dp/B083VZW4R5?tag=eloabder-20&linkCode=osi&th=1&psc=1">View Product</a></div><div class="product"><a href="https://www.amazon.com/dp/B0D2RGW219?tag=eloabder-20&linkCode=osi&th=1&psc=1"><img src="https://m.media-amazon.com/images/I/41gD+82tnAL._SL500_.jpg" alt="Product Image"></a><p>Vacmaster Clean & Restore Carpet Cleaner Formula â€“ CCS03</p><p>$19.99 ($0.31 / Fl Oz)</p><a href="https://www.amazon.com/dp/B0D2RGW219?tag=eloabder-20&linkCode=osi&th=1&psc=1">View Product</a></div>






<div class="product"><a href="https://www.amazon.com/dp/B0BY64HQTP?tag=eloabder-20&linkCode=osi&th=1&psc=1"><img src="https://m.media-amazon.com/images/I/41hUxHuASYL._SL500_.jpg" alt="Product Image"></a><p>Air Conditioning Motor WZDK13-38G-1(RD-310-13-8) DC Brushless Fan Motor, 13W Inverter air Conditioner Motor DC Motor for Central air Conditioner</p><p>$39.95</p><a href="https://www.amazon.com/dp/B0BY64HQTP?tag=eloabder-20&linkCode=osi&th=1&psc=1">View Product</a></div><div class="product"><a href="https://www.amazon.com/dp/B0CM5YB884?tag=eloabder-20&linkCode=osi&th=1&psc=1"><img src="https://m.media-amazon.com/images/I/310lQ2tAvLL._SL500_.jpg" alt="Product Image"></a><p>Sparkfix OEM WZDK20-38G (ZKFP-20-8-6) Air Conditioner Replacement Motors DC280V 20W Air Conditioning Fan Motor Inverter Air Conditioner Brushless DC Motor 1300RPM CCW</p><p>$42.79</p><a href="https://www.amazon.com/dp/B0CM5YB884?tag=eloabder-20&linkCode=osi&th=1&psc=1">View Product</a></div>













<div class="product"><a href="https://www.amazon.com/dp/B009PCI2JU?tag=eloabder-20&linkCode=osi&th=1&psc=1"><img src="https://m.media-amazon.com/images/I/310ZJurANUL._SL500_.jpg" alt="Product Image"></a><p>GE RPWFE Refrigerator Water Filter | Certified to Reduce Lead, Sulfur, and 50+ Other Impurities | Replace Every 6 Months for Best Results | Pack of 1</p><p>$49.98</p><a href="https://www.amazon.com/dp/B009PCI2JU?tag=eloabder-20&linkCode=osi&th=1&psc=1">View Product</a></div><div class="product"><a href="https://www.amazon.com/dp/B0882ZJ48W?tag=eloabder-20&linkCode=osi&th=1&psc=1"><img src="https://m.media-amazon.com/images/I/41110o9sUoL._SL500_.jpg" alt="Product Image"></a><p>GE XWFE Refrigerator Water Filter | Certified to Reduce Lead, Sulfur, and 50+ Other Impurities | Replace Every 6 Months for Best Results | Pack of 1, White</p><p>$49.00</p><a href="https://www.amazon.com/dp/B0882ZJ48W?tag=eloabder-20&linkCode=osi&th=1&psc=1">View Product</a></div><div class="product"><a href="https://www.amazon.com/dp/B074HLRXMP?tag=eloabder-20&linkCode=osi&th=1&psc=1"><img src="https://m.media-amazon.com/images/I/21oDpGCQXiL._SL500_.jpg" alt="Product Image"></a><p>LG LT1000P - 6 Month / 200 Gallon Capacity Replacement Refrigerator Water Filter (NSF42, NSF53, and NSF401) ADQ74793501, ADQ75795105, or AGF80300704 , White</p><p>$47.00</p><a href="https://www.amazon.com/dp/B074HLRXMP?tag=eloabder-20&linkCode=osi&th=1&psc=1">View Product</a></div><div class="product"><a href="https://www.amazon.com/dp/B01BKWSHHE?tag=eloabder-20&linkCode=osi&th=1&psc=1"><img src="https://m.media-amazon.com/images/I/31E2+zlkvjL._SL500_.jpg" alt="Product Image"></a><p>Frigidaire EPTWFU01 Water Filtration Filter, 1 Count, White</p><p>$42.99</p><a href="https://www.amazon.com/dp/B01BKWSHHE?tag=eloabder-20&linkCode=osi&th=1&psc=1">View Product</a></div><div class="product"><a href="https://www.amazon.com/dp/B08V6JB9R7?tag=eloabder-20&linkCode=osi&th=1&psc=1"><img src="https://m.media-amazon.com/images/I/31PRPEffCZL._SL500_.jpg" alt="Product Image"></a><p>Frigidaire FPPWFU01 PurePour PWF-1 Water Filter 1 Count (Pack of 1)</p><p>$45.81</p><a href="https://www.amazon.com/dp/B08V6JB9R7?tag=eloabder-20&linkCode=osi&th=1&psc=1">View Product</a></div><div class="product"><a href="https://www.amazon.com/dp/B000AST3AK?tag=eloabder-20&linkCode=osi&th=1&psc=1"><img src="https://m.media-amazon.com/images/I/41DUoSxpwTS._SL500_.jpg" alt="Product Image"></a><p>GE MWF Refrigerator Water Filter | Certified to Reduce Lead, Sulfur, and 50+ Other Impurities | Replace Every 6 Months for Best Results | Pack of 1</p><p>$39.98</p><a href="https://www.amazon.com/dp/B000AST3AK?tag=eloabder-20&linkCode=osi&th=1&psc=1">View Product</a></div><div class="product"><a href="https://www.amazon.com/dp/B0CFZR7K8D?tag=eloabder-20&linkCode=osi&th=1&psc=1"><img src="https://m.media-amazon.com/images/I/31WM5sdhKLL._SL500_.jpg" alt="Product Image"></a><p>HMASAV W10295370A water filter replacement, Compatible with EDR1RXD1,EDR1RXD1B,W10295370,Filter 1,WHR1RXD1,KAD1RXD1,P4RFWB,P8RFWB2L,46-9930,46-9081 2PACK</p><p>$29.99 ($15.00 / Count)</p><a href="https://www.amazon.com/dp/B0CFZR7K8D?tag=eloabder-20&linkCode=osi&th=1&psc=1">View Product</a></div><div class="product"><a href="https://www.amazon.com/dp/B07JM9TTTT?tag=eloabder-20&linkCode=osi&th=1&psc=1"><img src="https://m.media-amazon.com/images/I/41CfAtJ8TPL._SL500_.jpg" alt="Product Image"></a><p>GLACIER FRESH LT1000PC Replacement Water Filter, Compatible with LT1000PC/PCS, LT1000PC, LT-1000PC, MDJ64844601, ADQ747935 ADQ74793504 Filter and LT120F ADQ73334008 Fresh Air (3+3)</p><p>$39.99 ($13.33 / Count)</p><a href="https://www.amazon.com/dp/B07JM9TTTT?tag=eloabder-20&linkCode=osi&th=1&psc=1">View Product</a></div><div class="product"><a href="https://www.amazon.com/dp/B003N1ZSYG?tag=eloabder-20&linkCode=osi&th=1&psc=1"><img src="https://m.media-amazon.com/images/I/31Mbrkrxu1L._SL500_.jpg" alt="Product Image"></a><p>SAMSUNG Genuine Filter for Refrigerator Water and Ice, Carbon Block Filtration for Clean, Clear Drinking Water, 6-Month Life, HAF-CIN/EXP, 1 Pack</p><p>$39.99</p><a href="https://www.amazon.com/dp/B003N1ZSYG?tag=eloabder-20&linkCode=osi&th=1&psc=1">View Product</a></div>









<div class="product"><a href="https://www.amazon.com/dp/B0B2NZ47HN?tag=eloabder-20&linkCode=osi&th=1&psc=1"><img src="https://m.media-amazon.com/images/I/41nC6c2XxJL._SL500_.jpg" alt="Product Image"></a><p>OTE Portable Sparkling Water Maker Soda Maker Machine for home with 20PCS Cylinders 450ml Personal seltzer Carbonators Electroless Double Layer PET Bottle BPA Free Double Pressure Relief Valves -Pink</p><p>$49.99</p><a href="https://www.amazon.com/dp/B0B2NZ47HN?tag=eloabder-20&linkCode=osi&th=1&psc=1">View Product</a></div><div class="product"><a href="https://www.amazon.com/dp/B09DY54L7M?tag=eloabder-20&linkCode=osi&th=1&psc=1"><img src="https://m.media-amazon.com/images/I/31LSpnm3G8L._SL500_.jpg" alt="Product Image"></a><p>MOSOLAN Bottle Cleaning Brush, 17 Inches Extra Long Handle Water Bottle Brush, Flexible Bendable Cleaner for Washing Narrow Neck Bottles, Wine Decanter, Kombucha, Pipes, Beer Brewing Supplies, 2 Pack</p><p>$11.95 ($5.98 / Count)</p><a href="https://www.amazon.com/dp/B09DY54L7M?tag=eloabder-20&linkCode=osi&th=1&psc=1">View Product</a></div><div class="product"><a href="https://www.amazon.com/dp/B0736CBNDN?tag=eloabder-20&linkCode=osi&th=1&psc=1"><img src="https://m.media-amazon.com/images/I/41tWXmwP5KL._SL500_.jpg" alt="Product Image"></a><p>#2 Filter Pads (10 Pack Bulk) Compatible with Mini Jet Machine | #2 1.8-2.5 micron | 2 Micron Filtering pads. Filter Wine Beer, Kombucha, Mead Mash. Polishing filtration| Not a Buon Vino product.</p><p>$18.99</p><a href="https://www.amazon.com/dp/B0736CBNDN?tag=eloabder-20&linkCode=osi&th=1&psc=1">View Product</a></div>









<div class="product"><a href="https://www.amazon.com/dp/B07YGN577Y?tag=eloabder-20&linkCode=osi&th=1&psc=1"><img src="https://m.media-amazon.com/images/I/31kfZiyDMUL._SL500_.jpg" alt="Product Image"></a><p>9870163 Trash Power Nut WP9870163 L8</p><p>$50.36</p><a href="https://www.amazon.com/dp/B07YGN577Y?tag=eloabder-20&linkCode=osi&th=1&psc=1">View Product</a></div>

<div class="product"><a href="https://www.amazon.com/dp/B0CWQLM4C7?tag=eloabder-20&linkCode=osi&th=1&psc=1"><img src="https://m.media-amazon.com/images/I/41gTEIOjtlL._SL500_.jpg" alt="Product Image"></a><p>7" Seven Seconds Lazy Kitchen Food Making Tools - Multifunctional Fruit Vegetable Chopper Quick Garlic Peeling Machine Convenient Food Chopper for Slicing,Juice,Grinding</p><p>$32.99</p><a href="https://www.amazon.com/dp/B0CWQLM4C7?tag=eloabder-20&linkCode=osi&th=1&psc=1">View Product</a></div>















<div class="product"><a href="https://www.amazon.com/dp/B00UTFZAII?tag=eloabder-20&linkCode=osi&th=1&psc=1"><img src="https://m.media-amazon.com/images/I/31z7hZ6KbXL._SL500_.jpg" alt="Product Image"></a><p>Miele 10123210 AirClean 3D Efficiency Dust Bag, Type GN, 4 Bags & 2 Filters, White</p><p>$21.86 ($21.86 / Count)</p><a href="https://www.amazon.com/dp/B00UTFZAII?tag=eloabder-20&linkCode=osi&th=1&psc=1">View Product</a></div><div class="product"><a href="https://www.amazon.com/dp/B07WHG6J5S?tag=eloabder-20&linkCode=osi&th=1&psc=1"><img src="https://m.media-amazon.com/images/I/41hnaEOxB9L._SL500_.jpg" alt="Product Image"></a><p>KEEPOW Vacuum Filters for Eureka, Power Speed Vacuum Filters Replacement for Eureka NEU182A, NEU182B, NEU280, NEU180, NEU181, NEU188, NEU202 Bagless Upright Vacuum Cleaner, Part E0202 (4 Pack)</p><p>$9.99 ($2.50 / Count)</p><a href="https://www.amazon.com/dp/B07WHG6J5S?tag=eloabder-20&linkCode=osi&th=1&psc=1">View Product</a></div><div class="product"><a href="https://www.amazon.com/dp/B00UTFZB82?tag=eloabder-20&linkCode=osi&th=1&psc=1"><img src="https://m.media-amazon.com/images/I/41WdlL5T0dL._SL500_.jpg" alt="Product Image"></a><p>Miele AirClean 3D Efficiency Dust Bag, Type FJM, 4 Bags & 2 Filters, White</p><p>$18.99</p><a href="https://www.amazon.com/dp/B00UTFZB82?tag=eloabder-20&linkCode=osi&th=1&psc=1">View Product</a></div><div class="product"><a href="https://www.amazon.com/dp/B09NKP346M?tag=eloabder-20&linkCode=osi&th=1&psc=1"><img src="https://m.media-amazon.com/images/I/41o25nqkODL._SL500_.jpg" alt="Product Image"></a><p>Anewise 6 Pack Filter Replacement for Bissell Powerforce Compact Lightweight Upright 2112 1520 for Bissel Turbo Bagless 2690 Cleanview 3437 3508 Vacuum Cleaner, Compare to Parts #1604896/160-4896</p><p>$12.99</p><a href="https://www.amazon.com/dp/B09NKP346M?tag=eloabder-20&linkCode=osi&th=1&psc=1">View Product</a></div><div class="product"><a href="https://www.amazon.com/dp/B01MQ5NITB?tag=eloabder-20&linkCode=osi&th=1&psc=1"><img src="https://m.media-amazon.com/images/I/41J6lG4H1bL._SL500_.jpg" alt="Product Image"></a><p>Bissell Style 7 3 Pack Vacuum Cleaner Bags, White, 3 Count</p><p>$8.69 ($2.90 / Count)</p><a href="https://www.amazon.com/dp/B01MQ5NITB?tag=eloabder-20&linkCode=osi&th=1&psc=1">View Product</a></div><div class="product"><a href="https://www.amazon.com/dp/B0CDH1JY5D?tag=eloabder-20&linkCode=osi&th=1&psc=1"><img src="https://m.media-amazon.com/images/I/516DPXu4siL._SL500_.jpg" alt="Product Image"></a><p>4 Pack Replacement Filters Compatiable with Wyze Cordless Vacuum Cleaner, Removable and Washable HEPA Filter Accessories Part Set with 1 Cleaning Brush for Wyze Handheld Cordless Vacuum Cleaner</p><p>$15.99 ($4.00 / Count)</p><a href="https://www.amazon.com/dp/B0CDH1JY5D?tag=eloabder-20&linkCode=osi&th=1&psc=1">View Product</a></div><div class="product"><a href="https://www.amazon.com/dp/B07P3WB37F?tag=eloabder-20&linkCode=osi&th=1&psc=1"><img src="https://m.media-amazon.com/images/I/51WaYrkiVXL._SL500_.jpg" alt="Product Image"></a><p>Miele AirClean 3D Efficiency Dust Bag, Type GN, XL Value Pack, 8 Bags and 4 Filters</p><p>$36.99</p><a href="https://www.amazon.com/dp/B07P3WB37F?tag=eloabder-20&linkCode=osi&th=1&psc=1">View Product</a></div><div class="product"><a href="https://www.amazon.com/dp/B09DSY4Z2T?tag=eloabder-20&linkCode=osi&th=1&psc=1"><img src="https://m.media-amazon.com/images/I/51+ref3EeAL._SL500_.jpg" alt="Product Image"></a><p>Filter Replacement for Tineco A10 A11 Hero A10/A11 Master PURE ONE S11 Series, S12, X Cordless Vacuum Cleaner (3 PACK) â€¦</p><p>$12.99 ($4.33 / Count)</p><a href="https://www.amazon.com/dp/B09DSY4Z2T?tag=eloabder-20&linkCode=osi&th=1&psc=1">View Product</a></div>


<div class="product"><a href="https://www.amazon.com/dp/B0BXRR5QFV?tag=eloabder-20&linkCode=osi&th=1&psc=1"><img src="https://m.media-amazon.com/images/I/41sjdBkCp8L._SL500_.jpg" alt="Product Image"></a><p>AC Infinity CLOUDFORGE T7, Plant Humidifier 15L with VPD Humidity Controls, 10-Level Precision Vaporizer, Extendable Hose, Targeting Pipe, and No-Leak Seal for Grow Tents</p><p>$159.00</p><a href="https://www.amazon.com/dp/B0BXRR5QFV?tag=eloabder-20&linkCode=osi&th=1&psc=1">View Product</a></div><div class="product"><a href="https://www.amazon.com/dp/B01N6MV8SA?tag=eloabder-20&linkCode=osi&th=1&psc=1"><img src="https://m.media-amazon.com/images/I/41hX08+W1xL._SL500_.jpg" alt="Product Image"></a><p>Protec Humidifier Tank Cleaner, 1 Count - Colors May Vary</p><p>$5.98</p><a href="https://www.amazon.com/dp/B01N6MV8SA?tag=eloabder-20&linkCode=osi&th=1&psc=1">View Product</a></div><div class="product"><a href="https://www.amazon.com/dp/B07GXBTH82?tag=eloabder-20&linkCode=osi&th=1&psc=1"><img src="https://m.media-amazon.com/images/I/41ibxK12JPL._SL500_.jpg" alt="Product Image"></a><p>Essick Air 1970-2 Humidifier, 2-Quart Bacteriostatic Treatment, 2 Pack, Clear, 2</p><p>$22.99</p><a href="https://www.amazon.com/dp/B07GXBTH82?tag=eloabder-20&linkCode=osi&th=1&psc=1">View Product</a></div><div class="product"><a href="https://www.amazon.com/dp/B08TTT3K9B?tag=eloabder-20&linkCode=osi&th=1&psc=1"><img src="https://m.media-amazon.com/images/I/41U6j9SexmL._SL500_.jpg" alt="Product Image"></a><p>Leemone Humidifier Cleaner 12 Pack, Demineralization Cleaning Ball, Works in All humidifiers and Fish Tanks, Purifies Water, Prevents Hard Water Build-Up, Eliminates White Dust and Odor</p><p>$14.44</p><a href="https://www.amazon.com/dp/B08TTT3K9B?tag=eloabder-20&linkCode=osi&th=1&psc=1">View Product</a></div>
<div class="product"><a href="https://www.amazon.com/dp/B07YD4XCT3?tag=eloabder-20&linkCode=osi&th=1&psc=1"><img src="https://m.media-amazon.com/images/I/41hR81iKyJL._SL500_.jpg" alt="Product Image"></a><p>Vacplus Moisture Absorber Packets, Fragrance Free(10 Pack), Humidity Packs, Hanging Closet Dehumidifier Bags, Desiccant 9.8OZ</p><p>$21.99</p><a href="https://www.amazon.com/dp/B07YD4XCT3?tag=eloabder-20&linkCode=osi&th=1&psc=1">View Product</a></div><div class="product"><a href="https://www.amazon.com/dp/B09LQF5V5K?tag=eloabder-20&linkCode=osi&th=1&psc=1"><img src="https://m.media-amazon.com/images/I/51Cx5ECAotL._SL500_.jpg" alt="Product Image"></a><p>CLEVAST Moisture Absorbers Packets 10 Pack, Dehumidifier Bags for Closet, Unscented Hanging Humidity Absorber in Wardrobes, Bedrooms, Bathrooms(230g/pack)</p><p>$16.98</p><a href="https://www.amazon.com/dp/B09LQF5V5K?tag=eloabder-20&linkCode=osi&th=1&psc=1">View Product</a></div><div class="product"><a href="https://www.amazon.com/dp/B0B8L9QRW8?tag=eloabder-20&linkCode=osi&th=1&psc=1"><img src="https://m.media-amazon.com/images/I/518LgtpPi8L._SL500_.jpg" alt="Product Image"></a><p>Arm & Hammer Essentials Disposable Moisture Absorber and Odor Eliminator Tub, Fragrance Free, 1 lb, 3-Pack, Attracts and Traps Excess Moisture, Ideal Closet Dehumidifier, White</p><p>$24.94 ($0.52 / Ounce)</p><a href="https://www.amazon.com/dp/B0B8L9QRW8?tag=eloabder-20&linkCode=osi&th=1&psc=1">View Product</a></div><div class="product"><a href="https://www.amazon.com/dp/B09W9TPJGZ?tag=eloabder-20&linkCode=osi&th=1&psc=1"><img src="https://m.media-amazon.com/images/I/51pVTVMwHbL._SL500_.jpg" alt="Product Image"></a><p>THECOSKY Dehumidifier and Air Purifier Combo,HEPA H13 Filter and Negative Air Ion Function,54oz(1.6L) Water Tank with Drain Hose,24hrs Auto-Off Timer,Idea for Bedroom,Bathroom,Closet,RV</p><p>$109.99</p><a href="https://www.amazon.com/dp/B09W9TPJGZ?tag=eloabder-20&linkCode=osi&th=1&psc=1">View Product</a></div><div class="product"><a href="https://www.amazon.com/dp/B0CXDG65LZ?tag=eloabder-20&linkCode=osi&th=1&psc=1"><img src="https://m.media-amazon.com/images/I/41HNflmbKHL._SL500_.jpg" alt="Product Image"></a><p>14 x 17.5 x1.75 MERV 13 Replacement Dehumidifier Filter Compatible with Santa Fe Advance90, Advance100, Advance120, Honeywell DR90 & DR120 dehumidifier models, 2 Pack</p><p>$42.99</p><a href="https://www.amazon.com/dp/B0CXDG65LZ?tag=eloabder-20&linkCode=osi&th=1&psc=1">View Product</a></div>
<div class="product"><a href="https://www.amazon.com/dp/B088B921NQ?tag=eloabder-20&linkCode=osi&th=1&psc=1"><img src="https://m.media-amazon.com/images/I/612e4cT3RYL._SL500_.jpg" alt="Product Image"></a><p>ULTTY H13 HEPA Replacement Filter with Medical Coating, True HEPA Filter For R021/ R020 Purifying Fan, Medium</p><p>$29.99</p><a href="https://www.amazon.com/dp/B088B921NQ?tag=eloabder-20&linkCode=osi&th=1&psc=1">View Product</a></div><div class="product"><a href="https://www.amazon.com/dp/B0D2MZ4Y7Z?tag=eloabder-20&linkCode=osi&th=1&psc=1"><img src="https://m.media-amazon.com/images/I/51KgTHizWyL._SL500_.jpg" alt="Product Image"></a><p>Butto 5-Pack Ceiling Fan Filters for Blades - Strong Adhesive Ceiling Fan Filters for Common Household Contaminants - Unscented Coconut Carbon Fan Air Purifier Pads to Make Air Fresh and Natural</p><p>$9.98</p><a href="https://www.amazon.com/dp/B0D2MZ4Y7Z?tag=eloabder-20&linkCode=osi&th=1&psc=1">View Product</a></div><div class="product"><a href="https://www.amazon.com/dp/B0C42HCM21?tag=eloabder-20&linkCode=osi&th=1&psc=1"><img src="https://m.media-amazon.com/images/I/31jk3lpoygL._SL500_.jpg" alt="Product Image"></a><p>Barnakl Ceiling Fan Filters | Activated Coconut Shell Carbon Filter | Easy-Stick Universal Ceiling Fan Air Filters | Unscented Ceiling Fan Blade Filters for Common Household Contaminants, (3-Count)</p><p>$19.99 ($6.66 / Count)</p><a href="https://www.amazon.com/dp/B0C42HCM21?tag=eloabder-20&linkCode=osi&th=1&psc=1">View Product</a></div>
<div class="product"><a href="https://www.amazon.com/dp/B08LZWP29P?tag=eloabder-20&linkCode=osi&th=1&psc=1"><img src="https://m.media-amazon.com/images/I/41NLuzzFW9L._SL500_.jpg" alt="Product Image"></a><p>Chromex Tankless Water Heater Descaling Solution | Highly Effective Descaler Restores Heating Efficiency, Quart, 32 fl oz (1)</p><p>$26.99</p><a href="https://www.amazon.com/dp/B08LZWP29P?tag=eloabder-20&linkCode=osi&th=1&psc=1">View Product</a></div>

<div class="product"><a href="https://www.amazon.com/dp/B005UO4OWQ?tag=eloabder-20&linkCode=osi&th=1&psc=1"><img src="https://m.media-amazon.com/images/I/41oQPKFofoL._SL500_.jpg" alt="Product Image"></a><p>Bissell 203-7458 Brushroll, Bg10/86T3, Black</p><p>$21.26 ($21.26 / Count)</p><a href="https://www.amazon.com/dp/B005UO4OWQ?tag=eloabder-20&linkCode=osi&th=1&psc=1">View Product</a></div>





















<div class="product"><a href="https://www.amazon.com/dp/B0014J7FUY?tag=eloabder-20&linkCode=osi&th=1&psc=1"><img src="https://m.media-amazon.com/images/I/31QrM+IPxOL._SL500_.jpg" alt="Product Image"></a><p>Urnex Grindz Professional Coffee Grinder Cleaning Tablets - 430 Grams - All Natural Food Safe Gluten Free - Cleans Burr and Casing - Help Extend Life of Your Grinder</p><p>$25.99 ($1.71 / Ounce)</p><a href="https://www.amazon.com/dp/B0014J7FUY?tag=eloabder-20&linkCode=osi&th=1&psc=1">View Product</a></div>



<div class="product"><a href="https://www.amazon.com/dp/B0CHW317SG?tag=eloabder-20&linkCode=osi&th=1&psc=1"><img src="https://m.media-amazon.com/images/I/41Qd5Iu3qBL._SL500_.jpg" alt="Product Image"></a><p>EUHOMY 55 Can Beverage Refrigerator cooler-Mini Fridge Glass Door for Beer Drinks Wines, Freestanding Beverage Fridge with Adjustable Shelves Blue LED for Home/Office/Dorm/Bar (1.3cu.ft)</p><p>$128.99</p><a href="https://www.amazon.com/dp/B0CHW317SG?tag=eloabder-20&linkCode=osi&th=1&psc=1">View Product</a></div>

<div class="product"><a href="https://www.amazon.com/dp/B099CN2MRK?tag=eloabder-20&linkCode=osi&th=1&psc=1"><img src="https://m.media-amazon.com/images/I/31CvUCIUX5L._SL500_.jpg" alt="Product Image"></a><p>Genuine PuroAir 240 Replacement Filter - Replacement HEPA Filter for PuroAir 240 Purifier - Captures up to 99% of Pollen, Smoke, Pollen, Dust and Common Household Pollutants</p><p>$48.00</p><a href="https://www.amazon.com/dp/B099CN2MRK?tag=eloabder-20&linkCode=osi&th=1&psc=1">View Product</a></div><div class="product"><a href="https://www.amazon.com/dp/B0055521W0?tag=eloabder-20&linkCode=osi&th=1&psc=1"><img src="https://m.media-amazon.com/images/I/41Hs7ixdyXL._SL500_.jpg" alt="Product Image"></a><p>GermGuardian Filter B HEPA Pure Genuine Air Purifier Replacement Filter, Removes 99.97% of Pollutants for AC4825, AC4300, AC4900, AC4825DLX, AC4850, CDAP4500, AP2200, Black/Yellow, FLT4825</p><p>$17.90 ($17.90 / Count)</p><a href="https://www.amazon.com/dp/B0055521W0?tag=eloabder-20&linkCode=osi&th=1&psc=1">View Product</a></div><div class="product"><a href="https://www.amazon.com/dp/B0BNMYKZPV?tag=eloabder-20&linkCode=osi&th=1&psc=1"><img src="https://m.media-amazon.com/images/I/41-K3mB6KkL._SL500_.jpg" alt="Product Image"></a><p>2 Pack True HEPA KILO Filter Compatible with Afloia KILO, KILOPLUS, KILOPRO, MIRO,MIRO PRO and MORENTO MR-Kilo, Kalo Air Purifier, 360Â° 3-Stage Filtration</p><p>$34.99 ($17.50 / Count)</p><a href="https://www.amazon.com/dp/B0BNMYKZPV?tag=eloabder-20&linkCode=osi&th=1&psc=1">View Product</a></div><div class="product"><a href="https://www.amazon.com/dp/B0D3M4Y9W7?tag=eloabder-20&linkCode=osi&th=1&psc=1"><img src="https://m.media-amazon.com/images/I/41tzW+mkZuL._SL500_.jpg" alt="Product Image"></a><p>Breshair 14 True HEPA Filter Replacement Compatible with PuroAir 240 Air Purifier, 3-in-1 Filtration System with Activated Carbon Filter, 2-Pack</p><p>$31.56 ($15.78 / Count)</p><a href="https://www.amazon.com/dp/B0D3M4Y9W7?tag=eloabder-20&linkCode=osi&th=1&psc=1">View Product</a></div><div class="product"><a href="https://www.amazon.com/dp/B0CB18MVX6?tag=eloabder-20&linkCode=osi&th=1&psc=1"><img src="https://m.media-amazon.com/images/I/519ZmmLOrzL._SL500_.jpg" alt="Product Image"></a><p>2 Pack 3-in-1 H13 True HEPA Replacement Filter Compatible with Pure Enrichment PureZone Air Purifier Part# PEAIRPLG</p><p>$23.99 ($12.00 / Count)</p><a href="https://www.amazon.com/dp/B0CB18MVX6?tag=eloabder-20&linkCode=osi&th=1&psc=1">View Product</a></div><div class="product"><a href="https://www.amazon.com/dp/B08JTZMRML?tag=eloabder-20&linkCode=osi&th=1&psc=1"><img src="https://m.media-amazon.com/images/I/51yx60sCjHL._SL500_.jpg" alt="Product Image"></a><p>6 Pack HPA300 HEPA Filter Replacement for Honeywell HPA300 Series Air Purifiers HPA300, HPA300VP, HPA304, HPA3300, Replace HRF-R3 (6 Ture HEPA R Replacement Filter + 8 Activated Carbon Pre-Filter)</p><p>$47.99 ($3.43 / Count)</p><a href="https://www.amazon.com/dp/B08JTZMRML?tag=eloabder-20&linkCode=osi&th=1&psc=1">View Product</a></div><div class="product"><a href="https://www.amazon.com/dp/B0CF1GLSYS?tag=eloabder-20&linkCode=osi&th=1&psc=1"><img src="https://m.media-amazon.com/images/I/41709EXRzXL._SL500_.jpg" alt="Product Image"></a><p>CHIVALZ 4 Pack HY4866 True HEPA Replacement Filters Compatible with MORENTO HY4866 Air Purifier, WESTHEY HY4866 Air Purifier and YIOU M1 Air Cleaner Purifier, Original Version</p><p>$39.99 ($10.00 / Count)</p><a href="https://www.amazon.com/dp/B0CF1GLSYS?tag=eloabder-20&linkCode=osi&th=1&psc=1">View Product</a></div>







<div class="product"><a href="https://www.amazon.com/dp/B0CYKMFKR9?tag=eloabder-20&linkCode=osi&th=1&psc=1"><img src="https://m.media-amazon.com/images/I/316zU-ozoxL._SL500_.jpg" alt="Product Image"></a><p>Air Purifier Replacement Filter for Space Heater Bladeless Fan</p><p>$29.99</p><a href="https://www.amazon.com/dp/B0CYKMFKR9?tag=eloabder-20&linkCode=osi&th=1&psc=1">View Product</a></div>
<div class="product"><a href="https://www.amazon.com/dp/B07MRH6VY7?tag=eloabder-20&linkCode=osi&th=1&psc=1"><img src="https://m.media-amazon.com/images/I/51g-nuN4A5L._SL500_.jpg" alt="Product Image"></a><p>Colorfullife Replacement Air Purifier Filter for Dyson Tower Purifier Pure Cool Link TP01, TP02, TP03, BP01, Compare to Part 968126-03ï¼Œ2 Pack</p><p>$26.99</p><a href="https://www.amazon.com/dp/B07MRH6VY7?tag=eloabder-20&linkCode=osi&th=1&psc=1">View Product</a></div><div class="product"><a href="https://www.amazon.com/dp/B07TX5SW7J?tag=eloabder-20&linkCode=osi&th=1&psc=1"><img src="https://m.media-amazon.com/images/I/512Kn+cPglL._SL500_.jpg" alt="Product Image"></a><p>TP01 HEPA Filter Replacement Compatible with Dyson Tower Purifier Pure Cool Link TP01, TP02, TP03, AM11, BP01 Models, Compare to Part # 968126-03 (Pack of 2)</p><p>$27.95 ($13.98 / Count)</p><a href="https://www.amazon.com/dp/B07TX5SW7J?tag=eloabder-20&linkCode=osi&th=1&psc=1">View Product</a></div><div class="product"><a href="https://www.amazon.com/dp/B0CC24GZGB?tag=eloabder-20&linkCode=osi&th=1&psc=1"><img src="https://m.media-amazon.com/images/I/41woNpZ9VgL._SL500_.jpg" alt="Product Image"></a><p>TP01 TP02 Filter Compatible with Dyson Pure Cool Link Purifying Tower Fan TP00 TP03 AM11 and Cool Me BP01 Personal Series, 360Â° Air Purifier Filter Replacement 968126-03, 1-Pack</p><p>$25.99</p><a href="https://www.amazon.com/dp/B0CC24GZGB?tag=eloabder-20&linkCode=osi&th=1&psc=1">View Product</a></div><div class="product"><a href="https://www.amazon.com/dp/B0CX23N2JJ?tag=eloabder-20&linkCode=osi&th=1&psc=1"><img src="https://m.media-amazon.com/images/I/3145hmd5j7L._SL500_.jpg" alt="Product Image"></a><p>Dreo Air Purifiers Replacement Filter, HEPA Filter for Dreo Purifier Tower Fan MC710S, with 2 Stage Filtration, Black, Standard(DR-HPA019)</p><p>$39.99</p><a href="https://www.amazon.com/dp/B0CX23N2JJ?tag=eloabder-20&linkCode=osi&th=1&psc=1">View Product</a></div>










<div class="product"><a href="https://www.amazon.com/dp/B001U0OJ7O?tag=eloabder-20&linkCode=osi&th=1&psc=1"><img src="https://m.media-amazon.com/images/I/41XEg3QV-wL._SL500_.jpg" alt="Product Image"></a><p>Whirlpool W10165294RB 15-Inch Plastic Trash Compactor ct, 60 Bags, Count</p><p>$48.34</p><a href="https://www.amazon.com/dp/B001U0OJ7O?tag=eloabder-20&linkCode=osi&th=1&psc=1">View Product</a></div><div class="product"><a href="https://www.amazon.com/dp/B0CC3V4ZZ4?tag=eloabder-20&linkCode=osi&th=1&psc=1"><img src="https://m.media-amazon.com/images/I/31bbvodHnjL._SL500_.jpg" alt="Product Image"></a><p>Waste Smasher- Hand-Held Manual Trash Compactor Dishwasher Safe Black</p><p>$24.95</p><a href="https://www.amazon.com/dp/B0CC3V4ZZ4?tag=eloabder-20&linkCode=osi&th=1&psc=1">View Product</a></div><div class="product"><a href="https://www.amazon.com/dp/B00IYO5914?tag=eloabder-20&linkCode=osi&th=1&psc=1"><img src="https://m.media-amazon.com/images/I/51SLpTXIYNL._SL500_.jpg" alt="Product Image"></a><p>Kitchen Master Super Strong Compactor Bags Pre Cuffed (12 Pack)</p><p>$34.95</p><a href="https://www.amazon.com/dp/B00IYO5914?tag=eloabder-20&linkCode=osi&th=1&psc=1">View Product</a></div><div class="product"><a href="https://www.amazon.com/dp/B075DJ4ZVQ?tag=eloabder-20&linkCode=osi&th=1&psc=1"><img src="https://m.media-amazon.com/images/I/51Vaek4I89L._SL500_.jpg" alt="Product Image"></a><p>Dano Pre-Cuffed Compactor Bags</p><p>$32.95 ($2.75 / Count)</p><a href="https://www.amazon.com/dp/B075DJ4ZVQ?tag=eloabder-20&linkCode=osi&th=1&psc=1">View Product</a></div><div class="product"><a href="https://www.amazon.com/dp/B0C2DCVCBJ?tag=eloabder-20&linkCode=osi&th=1&psc=1"><img src="https://m.media-amazon.com/images/I/51072CtaKuL._SL500_.jpg" alt="Product Image"></a><p>60-pack W10165294RB Trash Compactor Bags - leak-proof trash compactor bags for kitchen 60-ct 15 inches - Fits 15-inch Rectangular Drawer Compactors</p><p>$45.99 ($0.77 / Count)</p><a href="https://www.amazon.com/dp/B0C2DCVCBJ?tag=eloabder-20&linkCode=osi&th=1&psc=1">View Product</a></div><div class="product"><a href="https://www.amazon.com/dp/B001U0OJ7E?tag=eloabder-20&linkCode=osi&th=1&psc=1"><img src="https://m.media-amazon.com/images/I/41c0z26RyvL._SL500_.jpg" alt="Product Image"></a><p>Whirlpool W10165293RB Genuine OEM 60 Pack-Plastic Compactor Bags-18" Models â€“ 1394369, 4178058, 4318932, 4318933, 4318935, 4318937, 4318939, AH1964576, EA1964576, PS1964576</p><p>$48.64 ($0.81 / Count)</p><a href="https://www.amazon.com/dp/B001U0OJ7E?tag=eloabder-20&linkCode=osi&th=1&psc=1">View Product</a></div><div class="product"><a href="https://www.amazon.com/dp/B00W27J16S?tag=eloabder-20&linkCode=osi&th=1&psc=1"><img src="https://m.media-amazon.com/images/I/41RaOjAGlrL._SL500_.jpg" alt="Product Image"></a><p>Compactor Bags Pre Cuffed (50 Pack)</p><p>$84.95 ($1.70 / count)</p><a href="https://www.amazon.com/dp/B00W27J16S?tag=eloabder-20&linkCode=osi&th=1&psc=1">View Product</a></div><div class="product"><a href="https://www.amazon.com/dp/B00MOCYY2W?tag=eloabder-20&linkCode=osi&th=1&psc=1"><img src="https://m.media-amazon.com/images/I/41SH8mDsAnL._SL500_.jpg" alt="Product Image"></a><p>GE WX60X1 Genuine OEM Universal Trash Compactor Bags for GE Trash Compactors</p><p>$19.00</p><a href="https://www.amazon.com/dp/B00MOCYY2W?tag=eloabder-20&linkCode=osi&th=1&psc=1">View Product</a></div><div class="product"><a href="https://www.amazon.com/dp/B0D7SFSTNG?tag=eloabder-20&linkCode=osi&th=1&psc=1"><img src="https://m.media-amazon.com/images/I/41szt9tZJPL._SL500_.jpg" alt="Product Image"></a><p>4PCS Trash Compactor Charcoal Air Filter Fit for Whirlpool/KitchenAid/Maytag/Jenn-Air/Amana/Inglis/Magic Chef Trash Compactor, Replaces 4151750 554358 WP4151750 AP6009134 PS11742279</p><p>$23.59 ($5.90 / Count)</p><a href="https://www.amazon.com/dp/B0D7SFSTNG?tag=eloabder-20&linkCode=osi&th=1&psc=1">View Product</a></div>
<div class="product"><a href="https://www.amazon.com/dp/B0CGLX5ZB9?tag=eloabder-20&linkCode=osi&th=1&psc=1"><img src="https://m.media-amazon.com/images/I/51qeRZQS98L._SL500_.jpg" alt="Product Image"></a><p>Spare Replacement Parts Compatible with MAMNV BR150 BR151, ZCWA BR150 BR151, MANVINS G20 Robot Vacuum and Mop Combo Accessories Include: 3 Hepa Filters 3 Mop Pads 6 Side Spin Brushes</p><p>$9.98</p><a href="https://www.amazon.com/dp/B0CGLX5ZB9?tag=eloabder-20&linkCode=osi&th=1&psc=1">View Product</a></div><div class="product"><a href="https://www.amazon.com/dp/B0B28DGZBG?tag=eloabder-20&linkCode=osi&th=1&psc=1"><img src="https://m.media-amazon.com/images/I/51ooMN4RqML._SL500_.jpg" alt="Product Image"></a><p>Replacement Parts for Shark AI AV2511AE AV2501S AV2610WA AV2501AE RV2502AE RV2610WA RV2520 AV2510 2-In-1 AI Ultra Robot Vacuum Cleaner Accessories Kits. Main Brush, HEPA Filter, Foam Filter,Side Brush</p><p>$19.99 ($1.05 / Count)</p><a href="https://www.amazon.com/dp/B0B28DGZBG?tag=eloabder-20&linkCode=osi&th=1&psc=1">View Product</a></div><div class="product"><a href="https://www.amazon.com/dp/B0782T7L6P?tag=eloabder-20&linkCode=osi&th=1&psc=1"><img src="https://m.media-amazon.com/images/I/41hTVkuzMJL._SL500_.jpg" alt="Product Image"></a><p>10pcs HEPA Filters Replacement for ILIFE V3s V3s pro V5 V5s V5s Pro V5s Pro 2 V5s Plus Noisz S5 Robotic Vacuum Cleaner ILIFE V3s pro Filters ILIFE Robot Vacuum Filter</p><p>$9.80 ($0.98 / Count)</p><a href="https://www.amazon.com/dp/B0782T7L6P?tag=eloabder-20&linkCode=osi&th=1&psc=1">View Product</a></div><div class="product"><a href="https://www.amazon.com/dp/B0CXLVHTTC?tag=eloabder-20&linkCode=osi&th=1&psc=1"><img src="https://m.media-amazon.com/images/I/51BT3phYzKL._SL500_.jpg" alt="Product Image"></a><p>HUIZHEN Spare Accessories for MAMNV BR150/BR151, for ZCWA BR150/BR151, for MANVINS G20,for GTTVO BR150/BR151,for ONSON BR150/BR151 Robot Vacuum Replacement Parts,6 Side Brush,4 HEPA Filters,4 Mop Pads</p><p>$9.99</p><a href="https://www.amazon.com/dp/B0CXLVHTTC?tag=eloabder-20&linkCode=osi&th=1&psc=1">View Product</a></div><div class="product"><a href="https://www.amazon.com/dp/B08RYDDQL8?tag=eloabder-20&linkCode=osi&th=1&psc=1"><img src="https://m.media-amazon.com/images/I/314Xd7+oBXL._SL500_.jpg" alt="Product Image"></a><p>AirClean 4 Pack 3.7" High Replacement Base Pre-Motor Foam Filters Compatible with Shark IQ Robot Vacuum R101AE RV1001AE UR1005AE Self-Empty Base</p><p>$12.99 ($3.25 / Count)</p><a href="https://www.amazon.com/dp/B08RYDDQL8?tag=eloabder-20&linkCode=osi&th=1&psc=1">View Product</a></div><div class="product"><a href="https://www.amazon.com/dp/B0CJLHJ557?tag=eloabder-20&linkCode=osi&th=1&psc=1"><img src="https://m.media-amazon.com/images/I/41iQm8hUjiL._SL500_.jpg" alt="Product Image"></a><p>Replacement Parts Compatible with WYZE Robot Vacuum Cleaner WVCR200S Accessories, 2 Main Brushes, 6 Hepa Filters, 8 Side Brushes Attachment Spare Pack</p><p>$14.99 ($0.94 / Count)</p><a href="https://www.amazon.com/dp/B0CJLHJ557?tag=eloabder-20&linkCode=osi&th=1&psc=1">View Product</a></div>
<div class="product"><a href="https://www.amazon.com/dp/B0C4595Q8P?tag=eloabder-20&linkCode=osi&th=1&psc=1"><img src="https://m.media-amazon.com/images/I/51k23SAtRxL._SL500_.jpg" alt="Product Image"></a><p>4 Pack FSV001 HEPA Filter Compatiable with Fabuletta FSV101, FSV001, Girnoor G160&G165, Afoddon A300, Lubluelu 202, Oraimo Cordless Vacuum Cleaner, Besswin W26 Cordless Stick Vacuum Cleaners</p><p>$15.99 ($4.00 / Count)</p><a href="https://www.amazon.com/dp/B0C4595Q8P?tag=eloabder-20&linkCode=osi&th=1&psc=1">View Product</a></div>
<div class="product"><a href="https://www.amazon.com/dp/B0BNKJX96X?tag=eloabder-20&linkCode=osi&th=1&psc=1"><img src="https://m.media-amazon.com/images/I/41OPeLFppoL._SL500_.jpg" alt="Product Image"></a><p>6 PACK 2033 Replacement Filter Compatible with Bissell Featherweight Stick Lightweight Bagless Vacuum Cleaner 20331, 20333, 20334, 20336, 20339, 2033M,6 Mesh Filter 6 Foam Filters, Replace # 1611508</p><p>$14.99 ($2.50 / Count)</p><a href="https://www.amazon.com/dp/B0BNKJX96X?tag=eloabder-20&linkCode=osi&th=1&psc=1">View Product</a></div><div class="product"><a href="https://www.amazon.com/dp/B0CMBWLTSM?tag=eloabder-20&linkCode=osi&th=1&psc=1"><img src="https://m.media-amazon.com/images/I/41PHqKaLTDL._SL500_.jpg" alt="Product Image"></a><p>18V ONE + Cordless Pet Stick Vacuum Filter for Ryobi, PCL720, PBLSV716, PBLSV717 Stick Vacuum, Reusable Washable Filters, Compare to Part A32SV720N, 6 Pack</p><p>$15.99 ($2.66 / Count)</p><a href="https://www.amazon.com/dp/B0CMBWLTSM?tag=eloabder-20&linkCode=osi&th=1&psc=1">View Product</a></div><div class="product"><a href="https://www.amazon.com/dp/B0CXDYWWT9?tag=eloabder-20&linkCode=osi&th=1&psc=1"><img src="https://m.media-amazon.com/images/I/41F1csTT8jL._SL500_.jpg" alt="Product Image"></a><p>2 Replacement Filters for Craftsman V20 Cordless Stick Vacuum CMCVS001D1, for Black Decker BSVF1 BSV2020 BSV2020G BSV2020P Cordless Stick Vacuum Cleaner with 1 Cleaning Brush</p><p>$14.99</p><a href="https://www.amazon.com/dp/B0CXDYWWT9?tag=eloabder-20&linkCode=osi&th=1&psc=1">View Product</a></div><div class="product"><a href="https://www.amazon.com/dp/B0CCJ5N5DH?tag=eloabder-20&linkCode=osi&th=1&psc=1"><img src="https://m.media-amazon.com/images/I/41xmhDPqk8L._SL500_.jpg" alt="Product Image"></a><p>Aolleteau 1 Pack Brush Roller Compatible with Black + Decker BSV2020, BSV2020P, BSV2020G Powerseries Extreme Cordless Stick Vacuum and Compatible with Craftsman V20 Cordless Stick Vacuum CMCVS001D1</p><p>$17.99</p><a href="https://www.amazon.com/dp/B0CCJ5N5DH?tag=eloabder-20&linkCode=osi&th=1&psc=1">View Product</a></div><div class="product"><a href="https://www.amazon.com/dp/B0CQY61LFD?tag=eloabder-20&linkCode=osi&th=1&psc=1"><img src="https://m.media-amazon.com/images/I/31swBBC444L._SL500_.jpg" alt="Product Image"></a><p>Tablenco for Shark HZ602 Filter Replacement Ultralight Pet Pro Corded Stick Vacuum and HZ2002 Vertex DuoClean PowerFins fit HZ2000 HZ251 HZ250 HH200 HH202,4 Foam Felt 4 Motor Kit (No cleaning brush)</p><p>$9.98</p><a href="https://www.amazon.com/dp/B0CQY61LFD?tag=eloabder-20&linkCode=osi&th=1&psc=1">View Product</a></div><div class="product"><a href="https://www.amazon.com/dp/B09Q55KW8W?tag=eloabder-20&linkCode=osi&th=1&psc=1"><img src="https://m.media-amazon.com/images/I/51MKsJy6nSL._SL500_.jpg" alt="Product Image"></a><p>Anicell 2033 Featherweight Filter for Bissell Featherweight Stick Lightweight Bagless Vacuum 20331 20333 20334 20336 20339 2033M, 4 Mesh Filters 6 Foam Filters Replacement, Replace part# 1611508</p><p>$11.99</p><a href="https://www.amazon.com/dp/B09Q55KW8W?tag=eloabder-20&linkCode=osi&th=1&psc=1">View Product</a></div><div class="product"><a href="https://www.amazon.com/dp/B0CDVG7LHD?tag=eloabder-20&linkCode=osi&th=1&psc=1"><img src="https://m.media-amazon.com/images/I/41hjN1Te6sL._SL500_.jpg" alt="Product Image"></a><p>Moreffi 3 Pack Filter Replacement For HART Cordless Stick Vacuum HPSV01 and HPSV50, Compare to Part Number HASV01</p><p>$19.99 ($6.66 / Count)</p><a href="https://www.amazon.com/dp/B0CDVG7LHD?tag=eloabder-20&linkCode=osi&th=1&psc=1">View Product</a></div>
<div class="product"><a href="https://www.amazon.com/dp/B07DQ9TZC8?tag=eloabder-20&linkCode=osi&th=1&psc=1"><img src="https://m.media-amazon.com/images/I/41PHyZ20FuL._SL500_.jpg" alt="Product Image"></a><p>Kenmore 53294 Style O HEPA Cloth Vacuum Bags for Kenmore Upright Vacuum Cleaners 6 Pack,White</p><p>$20.99 ($3.50 / Count)</p><a href="https://www.amazon.com/dp/B07DQ9TZC8?tag=eloabder-20&linkCode=osi&th=1&psc=1">View Product</a></div><div class="product"><a href="https://www.amazon.com/dp/B08MXVTTT2?tag=eloabder-20&linkCode=osi&th=1&psc=1"><img src="https://m.media-amazon.com/images/I/41T6wRpIMzL._SL500_.jpg" alt="Product Image"></a><p>Kenmore IB600 HEPA Replacement Intuition Upright Vacuum Cleaner Bags for BU4022, BU4020, BU4018, BU4050, BU3040,White</p><p>$18.75</p><a href="https://www.amazon.com/dp/B08MXVTTT2?tag=eloabder-20&linkCode=osi&th=1&psc=1">View Product</a></div><div class="product"><a href="https://www.amazon.com/dp/B01010JVYO?tag=eloabder-20&linkCode=osi&th=1&psc=1"><img src="https://m.media-amazon.com/images/I/51Anluh47GL._SL500_.jpg" alt="Product Image"></a><p>EnviroCare Replacement Micro Filtration Vacuum Cleaner Dust Bags Designed to fit Hoover Windtunnel Upright Type Y 9 pack</p><p>$9.89 ($1.10 / Count)</p><a href="https://www.amazon.com/dp/B01010JVYO?tag=eloabder-20&linkCode=osi&th=1&psc=1">View Product</a></div><div class="product"><a href="https://www.amazon.com/dp/B0D5CP3WBY?tag=eloabder-20&linkCode=osi&th=1&psc=1"><img src="https://m.media-amazon.com/images/I/31MaGmsVOwL._SL500_.jpg" alt="Product Image"></a><p>Bagless Upright Kenmore Vacuum HEPA Filters, Compatible with Foam Filters, Felt Filters and Upright vacuum cleaner for Models K4010,DU2015,DU2012(includes 1 Hepa Filters,2 Foam and 2 Felt Filters)</p><p>$12.99</p><a href="https://www.amazon.com/dp/B0D5CP3WBY?tag=eloabder-20&linkCode=osi&th=1&psc=1">View Product</a></div><div class="product"><a href="https://www.amazon.com/dp/B0CBFV28WX?tag=eloabder-20&linkCode=osi&th=1&psc=1"><img src="https://m.media-amazon.com/images/I/51LIYI0wXSL._SL500_.jpg" alt="Product Image"></a><p>16 Packs Vacuum Bags for Oreck Type CC, Compatible with All Oreck XL Upright Vacuum Cleaner - Replaces Part # CCPK8DW</p><p>$21.99 ($1.37 / Count)</p><a href="https://www.amazon.com/dp/B0CBFV28WX?tag=eloabder-20&linkCode=osi&th=1&psc=1">View Product</a></div><div class="product"><a href="https://www.amazon.com/dp/B00F9GQMHA?tag=eloabder-20&linkCode=osi&th=1&psc=1"><img src="https://m.media-amazon.com/images/I/51lhelurelL._SL500_.jpg" alt="Product Image"></a><p>EnviroCare Replacement Premium Vacuum Cleaner Dust Bags made to fit Eureka F&G Uprights 9 bags</p><p>$11.09</p><a href="https://www.amazon.com/dp/B00F9GQMHA?tag=eloabder-20&linkCode=osi&th=1&psc=1">View Product</a></div><div class="product"><a href="https://www.amazon.com/dp/B002CI8G1I?tag=eloabder-20&linkCode=osi&th=1&psc=1"><img src="https://m.media-amazon.com/images/I/51PYQrQpbSL._SL500_.jpg" alt="Product Image"></a><p>EnviroCare Replacement Micro Filtration Vacuum Cleaner Dust Bags made to fit Kenmore Upright Type U/L/O 50688 and 50690, Panasonic Type U-2, Miele Type Z. 9 pack</p><p>$9.99</p><a href="https://www.amazon.com/dp/B002CI8G1I?tag=eloabder-20&linkCode=osi&th=1&psc=1">View Product</a></div>
<div class="product"><a href="https://www.amazon.com/dp/B07GNQJ67P?tag=eloabder-20&linkCode=osi&th=1&psc=1"><img src="https://m.media-amazon.com/images/I/41XHnKbgjAL._SL500_.jpg" alt="Product Image"></a><p>Kenmore 53292 Type Q HEPA Replacement Dust Bags for Canister Vacuum 81214, 81414, 81714, 21814, BC2005, BC3005, 81615, BC7005, 6 Count (Pack of 1)</p><p>$13.24 ($2.21 / Count)</p><a href="https://www.amazon.com/dp/B07GNQJ67P?tag=eloabder-20&linkCode=osi&th=1&psc=1">View Product</a></div><div class="product"><a href="https://www.amazon.com/dp/B01L0C0FVK?tag=eloabder-20&linkCode=osi&th=1&psc=1"><img src="https://m.media-amazon.com/images/I/51ZIjbo9NVL._SL500_.jpg" alt="Product Image"></a><p>Envirocare Replacement Vacuum Bags Compatible with Kenmore Canister Type C/Q. 5055, 50557 and 50558 Panasonic Type C-5 Vacuums,15 pack</p><p>$16.16</p><a href="https://www.amazon.com/dp/B01L0C0FVK?tag=eloabder-20&linkCode=osi&th=1&psc=1">View Product</a></div><div class="product"><a href="https://www.amazon.com/dp/B0BTRTP2PM?tag=eloabder-20&linkCode=osi&th=1&psc=1"><img src="https://m.media-amazon.com/images/I/41K295aRv9L._SL500_.jpg" alt="Product Image"></a><p>Vacuum Cleaner Bags Fit for Kenmore Canister Type C/Q 50555 50557 50558 and Type C-5, 10PCs</p><p>$15.99</p><a href="https://www.amazon.com/dp/B0BTRTP2PM?tag=eloabder-20&linkCode=osi&th=1&psc=1">View Product</a></div><div class="product"><a href="https://www.amazon.com/dp/B0CRQYGLZX?tag=eloabder-20&linkCode=osi&th=1&psc=1"><img src="https://m.media-amazon.com/images/I/413iXp+j3ML._SL500_.jpg" alt="Product Image"></a><p>15 Pack Canister Vacuum Cleaner Bags Compatible with Kenmore Canister Type C/Q 5055, 50555, 50557, 50558 and Type C-5, C-18, 53292, 200 Series, 400 Series, 600 Series, 700 Series, 800 Series Vacuum</p><p>$11.69</p><a href="https://www.amazon.com/dp/B0CRQYGLZX?tag=eloabder-20&linkCode=osi&th=1&psc=1">View Product</a></div><div class="product"><a href="https://www.amazon.com/dp/B00QGD3SBI?tag=eloabder-20&linkCode=osi&th=1&psc=1"><img src="https://m.media-amazon.com/images/I/51xw0asyqTL._SL500_.jpg" alt="Product Image"></a><p>EnviroCare Replacement Vacuum Bags made to fit Kenmore Canister Type C or Q 50555, 50558, 50557 and Panasonic Type C-5 Vacuums, 9 pack</p><p>$9.79</p><a href="https://www.amazon.com/dp/B00QGD3SBI?tag=eloabder-20&linkCode=osi&th=1&psc=1">View Product</a></div><div class="product"><a href="https://www.amazon.com/dp/B0CQP9NP5N?tag=eloabder-20&linkCode=osi&th=1&psc=1"><img src="https://m.media-amazon.com/images/I/41WnNkTz8zL._SL500_.jpg" alt="Product Image"></a><p>8 Pack Replacement Vacuum Bags Compatible with Kenmore Canister Type C/Q. 5055, 50104, 50557 and 50558 Panasonic Type C-5 Vacuums</p><p>$9.99 ($1.25 / Count)</p><a href="https://www.amazon.com/dp/B0CQP9NP5N?tag=eloabder-20&linkCode=osi&th=1&psc=1">View Product</a></div>
<div class="product"><a href="https://www.amazon.com/dp/B09M3Y2BHR?tag=eloabder-20&linkCode=osi&th=1&psc=1"><img src="https://m.media-amazon.com/images/I/31tevngai1L._SL500_.jpg" alt="Product Image"></a><p>Ymimi Vacuum Filter Compatible with Eureka WhirlWind Bagless Canister Vacuum Cleaner,Fits NEN110A,NEN110B,NEN110Dï¼ˆ2-Packï¼‰</p><p>$11.99 ($6.00 / Count)</p><a href="https://www.amazon.com/dp/B09M3Y2BHR?tag=eloabder-20&linkCode=osi&th=1&psc=1">View Product</a></div><div class="product"><a href="https://www.amazon.com/dp/B07J1WWBHN?tag=eloabder-20&linkCode=osi&th=1&psc=1"><img src="https://m.media-amazon.com/images/I/51gmkDrnR2L._SL500_.jpg" alt="Product Image"></a><p>Bissell Powerforce Helix Bagless Washable Premotor Filter #1608225, Black</p><p>$7.78</p><a href="https://www.amazon.com/dp/B07J1WWBHN?tag=eloabder-20&linkCode=osi&th=1&psc=1">View Product</a></div><div class="product"><a href="https://www.amazon.com/dp/B0BK64TMMK?tag=eloabder-20&linkCode=osi&th=1&psc=1"><img src="https://m.media-amazon.com/images/I/41OBMvET7eL._SL500_.jpg" alt="Product Image"></a><p>Vacuum Belt Replacement for Bissell Cleanview Swivel Pet Upright Bagless/Powerlifter Vacuum Cleaner, fits model: 2252, 2254, 22543, 2258,2259, 2260,2316, 2739, 1793, Parts # 3031120, 32074</p><p>$6.99</p><a href="https://www.amazon.com/dp/B0BK64TMMK?tag=eloabder-20&linkCode=osi&th=1&psc=1">View Product</a></div><div class="product"><a href="https://www.amazon.com/dp/B0BKKL3WRB?tag=eloabder-20&linkCode=osi&th=1&psc=1"><img src="https://m.media-amazon.com/images/I/410jMe-FjIL._SL500_.jpg" alt="Product Image"></a><p>Aolleteau F1 HEPA Filter Compatible with Dirt Devil Bagless Upright Cleaner Models Extra Lite, Breeze, Featherlite Bagless, Jaguar Bagless,Platinum Force Vision, Scorpion and Vision Bagless (2 Pack)</p><p>$13.99 ($7.00 / Count)</p><a href="https://www.amazon.com/dp/B0BKKL3WRB?tag=eloabder-20&linkCode=osi&th=1&psc=1">View Product</a></div><div class="product"><a href="https://www.amazon.com/dp/B09SG1P4WN?tag=eloabder-20&linkCode=osi&th=1&psc=1"><img src="https://m.media-amazon.com/images/I/51+Mr+Wq5ML._SL500_.jpg" alt="Product Image"></a><p>NEN110A Vacuum Filter, Inlet Frame and Sponge Filter Compatible with Eureka Whirlwind Bagless Canister Vacuum Cleaner, Fits NEN110A, NEN110B, NEN110D(4-Pack)</p><p>$15.99 ($4.00 / Count)</p><a href="https://www.amazon.com/dp/B09SG1P4WN?tag=eloabder-20&linkCode=osi&th=1&psc=1">View Product</a></div>
<div class="product"><a href="https://www.amazon.com/dp/B07GT9VB9X?tag=eloabder-20&linkCode=osi&th=1&psc=1"><img src="https://m.media-amazon.com/images/I/41IokheYtNL._SL500_.jpg" alt="Product Image"></a><p>6 Pack 1940 Bissell Steam Mop Pads for Bissell PowerFresh Steam Mop 1806 1544 1440 2075A 2685A 1940W 19404 Series, Model 19402 19408 1940a 1940f 1940q 1940t B0006 B0017, Part #5938#203-2633</p><p>$16.99 ($2.83 / Count)</p><a href="https://www.amazon.com/dp/B07GT9VB9X?tag=eloabder-20&linkCode=osi&th=1&psc=1">View Product</a></div><div class="product"><a href="https://www.amazon.com/dp/B07H3MYZLD?tag=eloabder-20&linkCode=osi&th=1&psc=1"><img src="https://m.media-amazon.com/images/I/511p6MPxQ0L._SL500_.jpg" alt="Product Image"></a><p>Flammi Steam Pocket Mop Replacement Pads for Shark S3500 Series S3501 S3601 S3550 S3901 SE450 S3801CO S3601D S2901 S2902 Steam Pocket Mop, 4 Pack</p><p>$16.97 ($4.24 / Count)</p><a href="https://www.amazon.com/dp/B07H3MYZLD?tag=eloabder-20&linkCode=osi&th=1&psc=1">View Product</a></div><div class="product"><a href="https://www.amazon.com/dp/B0C8SH97HN?tag=eloabder-20&linkCode=osi&th=1&psc=1"><img src="https://m.media-amazon.com/images/I/31Mex4y7odL._SL500_.jpg" alt="Product Image"></a><p>HOMEXCEL Steam Mop Replacement Pads Compatible with Bissell Powerfresh Steam Mop 1940 1806 1440 1544 Series, Model 19402 19404 19408 2685A 2075A 1940A 1940Q 1940T 1940W, Steam Mop Pads Refills,4 Pack</p><p>$9.99 ($2.50 / Count)</p><a href="https://www.amazon.com/dp/B0C8SH97HN?tag=eloabder-20&linkCode=osi&th=1&psc=1">View Product</a></div><div class="product"><a href="https://www.amazon.com/dp/B0BFWTXS33?tag=eloabder-20&linkCode=osi&th=1&psc=1"><img src="https://m.media-amazon.com/images/I/51pa2h7o0EL._SL500_.jpg" alt="Product Image"></a><p>12 Pack 1940 Steam Mop Replacement Pads for Bissell Powerfresh Steam Mop 1940 1440 1806 1544 2075 2685A 2814 Series, Model 19402 19404 19408 19409 1940A 1940F 1940Q 1940T 1940W B0006 B0017 2075A 15441</p><p>$24.99</p><a href="https://www.amazon.com/dp/B0BFWTXS33?tag=eloabder-20&linkCode=osi&th=1&psc=1">View Product</a></div><div class="product"><a href="https://www.amazon.com/dp/B0CLP5QGTY?tag=eloabder-20&linkCode=osi&th=1&psc=1"><img src="https://m.media-amazon.com/images/I/414HqpKde9L._SL500_.jpg" alt="Product Image"></a><p>10 Pack 1940 1806 2685A Steam Mop Pads For Bissell Powerfresh Steam Mop Deluxe Pet Lift-Off Plus Slim Scrubbing Steam Mop Replacement Pad 1940A 2814 1544A 2075A Power Fresh Steamer Pad Refill Washable</p><p>$22.99 ($2.30 / Count)</p><a href="https://www.amazon.com/dp/B0CLP5QGTY?tag=eloabder-20&linkCode=osi&th=1&psc=1">View Product</a></div><div class="product"><a href="https://www.amazon.com/dp/B078BBKBPV?tag=eloabder-20&linkCode=osi&th=1&psc=1"><img src="https://m.media-amazon.com/images/I/51WcJqtOUIL._SL500_.jpg" alt="Product Image"></a><p>Tidy Monster Steam Mop Replacement Pads Compatible with Bissell Powerfresh Steam Mop 1940 1806 1544 1440 2075A 2685A Series, Part # 5938 & 203-2633, 1606668 & 1606669 (4 Pack Scrub Plush)</p><p>$9.99</p><a href="https://www.amazon.com/dp/B078BBKBPV?tag=eloabder-20&linkCode=osi&th=1&psc=1">View Product</a></div><div class="product"><a href="https://www.amazon.com/dp/B00A6G37SU?tag=eloabder-20&linkCode=osi&th=1&psc=1"><img src="https://m.media-amazon.com/images/I/51xo0LB-SpL._SL500_.jpg" alt="Product Image"></a><p>BISSELL PowerFresh Steam Mop Pads (Pack of 2) with Fragrance discs (4 ct), 5938</p><p>$21.26 ($10.63 / Count)</p><a href="https://www.amazon.com/dp/B00A6G37SU?tag=eloabder-20&linkCode=osi&th=1&psc=1">View Product</a></div>
<div class="product"><a href="https://www.amazon.com/dp/B0D2QFVY7H?tag=eloabder-20&linkCode=osi&th=1&psc=1"><img src="https://m.media-amazon.com/images/I/417B7H+vvML._SL500_.jpg" alt="Product Image"></a><p>Kenmore KS1010 Deep Clean & Revitalize Pet Carpet Cleaner Formula, 64 oz, White, 64 Fl Oz</p><p>$22.73 ($0.36 / Fl Oz)</p><a href="https://www.amazon.com/dp/B0D2QFVY7H?tag=eloabder-20&linkCode=osi&th=1&psc=1">View Product</a></div><div class="product"><a href="https://www.amazon.com/dp/B0BNK8ZJJ1?tag=eloabder-20&linkCode=osi&th=1&psc=1"><img src="https://m.media-amazon.com/images/I/51z0Pc4xcNL._SL500_.jpg" alt="Product Image"></a><p>Bissell Spotlifter Pet Carpet and Upholstery Cleaner with Brush Head - 4 Pack, 93523</p><p>$23.88 ($0.50 / Fl Oz)</p><a href="https://www.amazon.com/dp/B0BNK8ZJJ1?tag=eloabder-20&linkCode=osi&th=1&psc=1">View Product</a></div><div class="product"><a href="https://www.amazon.com/dp/B0CX245D26?tag=eloabder-20&linkCode=osi&th=1&psc=1"><img src="https://m.media-amazon.com/images/I/411CSXvvO1L._SL500_.jpg" alt="Product Image"></a><p>BISSELLÂ® Spot & Stain with Febreze + Gain Original Scent Formula for Little Green Devices, Portable Carpet Cleaners (3968)</p><p>$12.99 ($0.41 / Fl Oz)</p><a href="https://www.amazon.com/dp/B0CX245D26?tag=eloabder-20&linkCode=osi&th=1&psc=1">View Product</a></div><div class="product"><a href="https://www.amazon.com/dp/B083VZW4R5?tag=eloabder-20&linkCode=osi&th=1&psc=1"><img src="https://m.media-amazon.com/images/I/413BULPLmBL._SL500_.jpg" alt="Product Image"></a><p>BISSELL Multi-Surface Pet Formula with Febreze Freshness for Crosswave (80 oz), 2295L</p><p>$22.99 ($0.29 / Fl Oz)</p><a href="https://www.amazon.com/dp/B083VZW4R5?tag=eloabder-20&linkCode=osi&th=1&psc=1">View Product</a></div><div class="product"><a href="https://www.amazon.com/dp/B0D2RGW219?tag=eloabder-20&linkCode=osi&th=1&psc=1"><img src="https://m.media-amazon.com/images/I/41gD+82tnAL._SL500_.jpg" alt="Product Image"></a><p>Vacmaster Clean & Restore Carpet Cleaner Formula â€“ CCS03</p><p>$19.99 ($0.31 / Fl Oz)</p><a href="https://www.amazon.com/dp/B0D2RGW219?tag=eloabder-20&linkCode=osi&th=1&psc=1">View Product</a></div>






<div class="product"><a href="https://www.amazon.com/dp/B0BY64HQTP?tag=eloabder-20&linkCode=osi&th=1&psc=1"><img src="https://m.media-amazon.com/images/I/41hUxHuASYL._SL500_.jpg" alt="Product Image"></a><p>Air Conditioning Motor WZDK13-38G-1(RD-310-13-8) DC Brushless Fan Motor, 13W Inverter air Conditioner Motor DC Motor for Central air Conditioner</p><p>$39.95</p><a href="https://www.amazon.com/dp/B0BY64HQTP?tag=eloabder-20&linkCode=osi&th=1&psc=1">View Product</a></div><div class="product"><a href="https://www.amazon.com/dp/B0CM5YB884?tag=eloabder-20&linkCode=osi&th=1&psc=1"><img src="https://m.media-amazon.com/images/I/310lQ2tAvLL._SL500_.jpg" alt="Product Image"></a><p>Sparkfix OEM WZDK20-38G (ZKFP-20-8-6) Air Conditioner Replacement Motors DC280V 20W Air Conditioning Fan Motor Inverter Air Conditioner Brushless DC Motor 1300RPM CCW</p><p>$42.79</p><a href="https://www.amazon.com/dp/B0CM5YB884?tag=eloabder-20&linkCode=osi&th=1&psc=1">View Product</a></div>













<div class="product"><a href="https://www.amazon.com/dp/B009PCI2JU?tag=eloabder-20&linkCode=osi&th=1&psc=1"><img src="https://m.media-amazon.com/images/I/310ZJurANUL._SL500_.jpg" alt="Product Image"></a><p>GE RPWFE Refrigerator Water Filter | Certified to Reduce Lead, Sulfur, and 50+ Other Impurities | Replace Every 6 Months for Best Results | Pack of 1</p><p>$49.98</p><a href="https://www.amazon.com/dp/B009PCI2JU?tag=eloabder-20&linkCode=osi&th=1&psc=1">View Product</a></div><div class="product"><a href="https://www.amazon.com/dp/B0882ZJ48W?tag=eloabder-20&linkCode=osi&th=1&psc=1"><img src="https://m.media-amazon.com/images/I/41110o9sUoL._SL500_.jpg" alt="Product Image"></a><p>GE XWFE Refrigerator Water Filter | Certified to Reduce Lead, Sulfur, and 50+ Other Impurities | Replace Every 6 Months for Best Results | Pack of 1, White</p><p>$49.00</p><a href="https://www.amazon.com/dp/B0882ZJ48W?tag=eloabder-20&linkCode=osi&th=1&psc=1">View Product</a></div><div class="product"><a href="https://www.amazon.com/dp/B074HLRXMP?tag=eloabder-20&linkCode=osi&th=1&psc=1"><img src="https://m.media-amazon.com/images/I/21oDpGCQXiL._SL500_.jpg" alt="Product Image"></a><p>LG LT1000P - 6 Month / 200 Gallon Capacity Replacement Refrigerator Water Filter (NSF42, NSF53, and NSF401) ADQ74793501, ADQ75795105, or AGF80300704 , White</p><p>$47.00</p><a href="https://www.amazon.com/dp/B074HLRXMP?tag=eloabder-20&linkCode=osi&th=1&psc=1">View Product</a></div><div class="product"><a href="https://www.amazon.com/dp/B01BKWSHHE?tag=eloabder-20&linkCode=osi&th=1&psc=1"><img src="https://m.media-amazon.com/images/I/31E2+zlkvjL._SL500_.jpg" alt="Product Image"></a><p>Frigidaire EPTWFU01 Water Filtration Filter, 1 Count, White</p><p>$42.99</p><a href="https://www.amazon.com/dp/B01BKWSHHE?tag=eloabder-20&linkCode=osi&th=1&psc=1">View Product</a></div><div class="product"><a href="https://www.amazon.com/dp/B08V6JB9R7?tag=eloabder-20&linkCode=osi&th=1&psc=1"><img src="https://m.media-amazon.com/images/I/31PRPEffCZL._SL500_.jpg" alt="Product Image"></a><p>Frigidaire FPPWFU01 PurePour PWF-1 Water Filter 1 Count (Pack of 1)</p><p>$45.81</p><a href="https://www.amazon.com/dp/B08V6JB9R7?tag=eloabder-20&linkCode=osi&th=1&psc=1">View Product</a></div><div class="product"><a href="https://www.amazon.com/dp/B000AST3AK?tag=eloabder-20&linkCode=osi&th=1&psc=1"><img src="https://m.media-amazon.com/images/I/41DUoSxpwTS._SL500_.jpg" alt="Product Image"></a><p>GE MWF Refrigerator Water Filter | Certified to Reduce Lead, Sulfur, and 50+ Other Impurities | Replace Every 6 Months for Best Results | Pack of 1</p><p>$39.98</p><a href="https://www.amazon.com/dp/B000AST3AK?tag=eloabder-20&linkCode=osi&th=1&psc=1">View Product</a></div><div class="product"><a href="https://www.amazon.com/dp/B0CFZR7K8D?tag=eloabder-20&linkCode=osi&th=1&psc=1"><img src="https://m.media-amazon.com/images/I/31WM5sdhKLL._SL500_.jpg" alt="Product Image"></a><p>HMASAV W10295370A water filter replacement, Compatible with EDR1RXD1,EDR1RXD1B,W10295370,Filter 1,WHR1RXD1,KAD1RXD1,P4RFWB,P8RFWB2L,46-9930,46-9081 2PACK</p><p>$29.99 ($15.00 / Count)</p><a href="https://www.amazon.com/dp/B0CFZR7K8D?tag=eloabder-20&linkCode=osi&th=1&psc=1">View Product</a></div><div class="product"><a href="https://www.amazon.com/dp/B07JM9TTTT?tag=eloabder-20&linkCode=osi&th=1&psc=1"><img src="https://m.media-amazon.com/images/I/41CfAtJ8TPL._SL500_.jpg" alt="Product Image"></a><p>GLACIER FRESH LT1000PC Replacement Water Filter, Compatible with LT1000PC/PCS, LT1000PC, LT-1000PC, MDJ64844601, ADQ747935 ADQ74793504 Filter and LT120F ADQ73334008 Fresh Air (3+3)</p><p>$39.99 ($13.33 / Count)</p><a href="https://www.amazon.com/dp/B07JM9TTTT?tag=eloabder-20&linkCode=osi&th=1&psc=1">View Product</a></div><div class="product"><a href="https://www.amazon.com/dp/B003N1ZSYG?tag=eloabder-20&linkCode=osi&th=1&psc=1"><img src="https://m.media-amazon.com/images/I/31Mbrkrxu1L._SL500_.jpg" alt="Product Image"></a><p>SAMSUNG Genuine Filter for Refrigerator Water and Ice, Carbon Block Filtration for Clean, Clear Drinking Water, 6-Month Life, HAF-CIN/EXP, 1 Pack</p><p>$39.99</p><a href="https://www.amazon.com/dp/B003N1ZSYG?tag=eloabder-20&linkCode=osi&th=1&psc=1">View Product</a></div>









<div class="product"><a href="https://www.amazon.com/dp/B0B2NZ47HN?tag=eloabder-20&linkCode=osi&th=1&psc=1"><img src="https://m.media-amazon.com/images/I/41nC6c2XxJL._SL500_.jpg" alt="Product Image"></a><p>OTE Portable Sparkling Water Maker Soda Maker Machine for home with 20PCS Cylinders 450ml Personal seltzer Carbonators Electroless Double Layer PET Bottle BPA Free Double Pressure Relief Valves -Pink</p><p>$49.99</p><a href="https://www.amazon.com/dp/B0B2NZ47HN?tag=eloabder-20&linkCode=osi&th=1&psc=1">View Product</a></div><div class="product"><a href="https://www.amazon.com/dp/B09DY54L7M?tag=eloabder-20&linkCode=osi&th=1&psc=1"><img src="https://m.media-amazon.com/images/I/31LSpnm3G8L._SL500_.jpg" alt="Product Image"></a><p>MOSOLAN Bottle Cleaning Brush, 17 Inches Extra Long Handle Water Bottle Brush, Flexible Bendable Cleaner for Washing Narrow Neck Bottles, Wine Decanter, Kombucha, Pipes, Beer Brewing Supplies, 2 Pack</p><p>$11.95 ($5.98 / Count)</p><a href="https://www.amazon.com/dp/B09DY54L7M?tag=eloabder-20&linkCode=osi&th=1&psc=1">View Product</a></div><div class="product"><a href="https://www.amazon.com/dp/B0736CBNDN?tag=eloabder-20&linkCode=osi&th=1&psc=1"><img src="https://m.media-amazon.com/images/I/41tWXmwP5KL._SL500_.jpg" alt="Product Image"></a><p>#2 Filter Pads (10 Pack Bulk) Compatible with Mini Jet Machine | #2 1.8-2.5 micron | 2 Micron Filtering pads. Filter Wine Beer, Kombucha, Mead Mash. Polishing filtration| Not a Buon Vino product.</p><p>$18.99</p><a href="https://www.amazon.com/dp/B0736CBNDN?tag=eloabder-20&linkCode=osi&th=1&psc=1">View Product</a></div>









<div class="product"><a href="https://www.amazon.com/dp/B07YGN577Y?tag=eloabder-20&linkCode=osi&th=1&psc=1"><img src="https://m.media-amazon.com/images/I/31kfZiyDMUL._SL500_.jpg" alt="Product Image"></a><p>9870163 Trash Power Nut WP9870163 L8</p><p>$50.36</p><a href="https://www.amazon.com/dp/B07YGN577Y?tag=eloabder-20&linkCode=osi&th=1&psc=1">View Product</a></div>

<div class="product"><a href="https://www.amazon.com/dp/B0CWQLM4C7?tag=eloabder-20&linkCode=osi&th=1&psc=1"><img src="https://m.media-amazon.com/images/I/41gTEIOjtlL._SL500_.jpg" alt="Product Image"></a><p>7" Seven Seconds Lazy Kitchen Food Making Tools - Multifunctional Fruit Vegetable Chopper Quick Garlic Peeling Machine Convenient Food Chopper for Slicing,Juice,Grinding</p><p>$32.99</p><a href="https://www.amazon.com/dp/B0CWQLM4C7?tag=eloabder-20&linkCode=osi&th=1&psc=1">View Product</a></div>
















<div class="product"><a href="https://www.amazon.com/dp/B00UTFZAII?tag=eloabder-20&linkCode=osi&th=1&psc=1"><img src="https://m.media-amazon.com/images/I/31z7hZ6KbXL._SL500_.jpg" alt="Product Image"></a><p>Miele 10123210 AirClean 3D Efficiency Dust Bag, Type GN, 4 Bags & 2 Filters, White</p><p>$21.86 ($21.86 / Count)</p><a href="https://www.amazon.com/dp/B00UTFZAII?tag=eloabder-20&linkCode=osi&th=1&psc=1">View Product</a></div><div class="product"><a href="https://www.amazon.com/dp/B07WHG6J5S?tag=eloabder-20&linkCode=osi&th=1&psc=1"><img src="https://m.media-amazon.com/images/I/41hnaEOxB9L._SL500_.jpg" alt="Product Image"></a><p>KEEPOW Vacuum Filters for Eureka, Power Speed Vacuum Filters Replacement for Eureka NEU182A, NEU182B, NEU280, NEU180, NEU181, NEU188, NEU202 Bagless Upright Vacuum Cleaner, Part E0202 (4 Pack)</p><p>$9.99 ($2.50 / Count)</p><a href="https://www.amazon.com/dp/B07WHG6J5S?tag=eloabder-20&linkCode=osi&th=1&psc=1">View Product</a></div><div class="product"><a href="https://www.amazon.com/dp/B00UTFZB82?tag=eloabder-20&linkCode=osi&th=1&psc=1"><img src="https://m.media-amazon.com/images/I/41WdlL5T0dL._SL500_.jpg" alt="Product Image"></a><p>Miele AirClean 3D Efficiency Dust Bag, Type FJM, 4 Bags & 2 Filters, White</p><p>$18.99</p><a href="https://www.amazon.com/dp/B00UTFZB82?tag=eloabder-20&linkCode=osi&th=1&psc=1">View Product</a></div><div class="product"><a href="https://www.amazon.com/dp/B09NKP346M?tag=eloabder-20&linkCode=osi&th=1&psc=1"><img src="https://m.media-amazon.com/images/I/41o25nqkODL._SL500_.jpg" alt="Product Image"></a><p>Anewise 6 Pack Filter Replacement for Bissell Powerforce Compact Lightweight Upright 2112 1520 for Bissel Turbo Bagless 2690 Cleanview 3437 3508 Vacuum Cleaner, Compare to Parts #1604896/160-4896</p><p>$12.99</p><a href="https://www.amazon.com/dp/B09NKP346M?tag=eloabder-20&linkCode=osi&th=1&psc=1">View Product</a></div><div class="product"><a href="https://www.amazon.com/dp/B01MQ5NITB?tag=eloabder-20&linkCode=osi&th=1&psc=1"><img src="https://m.media-amazon.com/images/I/41J6lG4H1bL._SL500_.jpg" alt="Product Image"></a><p>Bissell Style 7 3 Pack Vacuum Cleaner Bags, White, 3 Count</p><p>$8.69 ($2.90 / Count)</p><a href="https://www.amazon.com/dp/B01MQ5NITB?tag=eloabder-20&linkCode=osi&th=1&psc=1">View Product</a></div><div class="product"><a href="https://www.amazon.com/dp/B0CDH1JY5D?tag=eloabder-20&linkCode=osi&th=1&psc=1"><img src="https://m.media-amazon.com/images/I/516DPXu4siL._SL500_.jpg" alt="Product Image"></a><p>4 Pack Replacement Filters Compatiable with Wyze Cordless Vacuum Cleaner, Removable and Washable HEPA Filter Accessories Part Set with 1 Cleaning Brush for Wyze Handheld Cordless Vacuum Cleaner</p><p>$15.99 ($4.00 / Count)</p><a href="https://www.amazon.com/dp/B0CDH1JY5D?tag=eloabder-20&linkCode=osi&th=1&psc=1">View Product</a></div><div class="product"><a href="https://www.amazon.com/dp/B07P3WB37F?tag=eloabder-20&linkCode=osi&th=1&psc=1"><img src="https://m.media-amazon.com/images/I/51WaYrkiVXL._SL500_.jpg" alt="Product Image"></a><p>Miele AirClean 3D Efficiency Dust Bag, Type GN, XL Value Pack, 8 Bags and 4 Filters</p><p>$36.99</p><a href="https://www.amazon.com/dp/B07P3WB37F?tag=eloabder-20&linkCode=osi&th=1&psc=1">View Product</a></div><div class="product"><a href="https://www.amazon.com/dp/B09DSY4Z2T?tag=eloabder-20&linkCode=osi&th=1&psc=1"><img src="https://m.media-amazon.com/images/I/51+ref3EeAL._SL500_.jpg" alt="Product Image"></a><p>Filter Replacement for Tineco A10 A11 Hero A10/A11 Master PURE ONE S11 Series, S12, X Cordless Vacuum Cleaner (3 PACK) â€¦</p><p>$12.99 ($4.33 / Count)</p><a href="https://www.amazon.com/dp/B09DSY4Z2T?tag=eloabder-20&linkCode=osi&th=1&psc=1">View Product</a></div>


<div class="product"><a href="https://www.amazon.com/dp/B0BXRR5QFV?tag=eloabder-20&linkCode=osi&th=1&psc=1"><img src="https://m.media-amazon.com/images/I/41sjdBkCp8L._SL500_.jpg" alt="Product Image"></a><p>AC Infinity CLOUDFORGE T7, Plant Humidifier 15L with VPD Humidity Controls, 10-Level Precision Vaporizer, Extendable Hose, Targeting Pipe, and No-Leak Seal for Grow Tents</p><p>$159.00</p><a href="https://www.amazon.com/dp/B0BXRR5QFV?tag=eloabder-20&linkCode=osi&th=1&psc=1">View Product</a></div><div class="product"><a href="https://www.amazon.com/dp/B01N6MV8SA?tag=eloabder-20&linkCode=osi&th=1&psc=1"><img src="https://m.media-amazon.com/images/I/41hX08+W1xL._SL500_.jpg" alt="Product Image"></a><p>Protec Humidifier Tank Cleaner, 1 Count - Colors May Vary</p><p>$5.98</p><a href="https://www.amazon.com/dp/B01N6MV8SA?tag=eloabder-20&linkCode=osi&th=1&psc=1">View Product</a></div><div class="product"><a href="https://www.amazon.com/dp/B07GXBTH82?tag=eloabder-20&linkCode=osi&th=1&psc=1"><img src="https://m.media-amazon.com/images/I/41ibxK12JPL._SL500_.jpg" alt="Product Image"></a><p>Essick Air 1970-2 Humidifier, 2-Quart Bacteriostatic Treatment, 2 Pack, Clear, 2</p><p>$22.99</p><a href="https://www.amazon.com/dp/B07GXBTH82?tag=eloabder-20&linkCode=osi&th=1&psc=1">View Product</a></div><div class="product"><a href="https://www.amazon.com/dp/B08TTT3K9B?tag=eloabder-20&linkCode=osi&th=1&psc=1"><img src="https://m.media-amazon.com/images/I/41U6j9SexmL._SL500_.jpg" alt="Product Image"></a><p>Leemone Humidifier Cleaner 12 Pack, Demineralization Cleaning Ball, Works in All humidifiers and Fish Tanks, Purifies Water, Prevents Hard Water Build-Up, Eliminates White Dust and Odor</p><p>$14.44</p><a href="https://www.amazon.com/dp/B08TTT3K9B?tag=eloabder-20&linkCode=osi&th=1&psc=1">View Product</a></div>
<div class="product"><a href="https://www.amazon.com/dp/B07YD4XCT3?tag=eloabder-20&linkCode=osi&th=1&psc=1"><img src="https://m.media-amazon.com/images/I/41hR81iKyJL._SL500_.jpg" alt="Product Image"></a><p>Vacplus Moisture Absorber Packets, Fragrance Free(10 Pack), Humidity Packs, Hanging Closet Dehumidifier Bags, Desiccant 9.8OZ</p><p>$21.99</p><a href="https://www.amazon.com/dp/B07YD4XCT3?tag=eloabder-20&linkCode=osi&th=1&psc=1">View Product</a></div><div class="product"><a href="https://www.amazon.com/dp/B09LQF5V5K?tag=eloabder-20&linkCode=osi&th=1&psc=1"><img src="https://m.media-amazon.com/images/I/51Cx5ECAotL._SL500_.jpg" alt="Product Image"></a><p>CLEVAST Moisture Absorbers Packets 10 Pack, Dehumidifier Bags for Closet, Unscented Hanging Humidity Absorber in Wardrobes, Bedrooms, Bathrooms(230g/pack)</p><p>$16.98</p><a href="https://www.amazon.com/dp/B09LQF5V5K?tag=eloabder-20&linkCode=osi&th=1&psc=1">View Product</a></div><div class="product"><a href="https://www.amazon.com/dp/B0B8L9QRW8?tag=eloabder-20&linkCode=osi&th=1&psc=1"><img src="https://m.media-amazon.com/images/I/518LgtpPi8L._SL500_.jpg" alt="Product Image"></a><p>Arm & Hammer Essentials Disposable Moisture Absorber and Odor Eliminator Tub, Fragrance Free, 1 lb, 3-Pack, Attracts and Traps Excess Moisture, Ideal Closet Dehumidifier, White</p><p>$24.94 ($0.52 / Ounce)</p><a href="https://www.amazon.com/dp/B0B8L9QRW8?tag=eloabder-20&linkCode=osi&th=1&psc=1">View Product</a></div><div class="product"><a href="https://www.amazon.com/dp/B09W9TPJGZ?tag=eloabder-20&linkCode=osi&th=1&psc=1"><img src="https://m.media-amazon.com/images/I/51pVTVMwHbL._SL500_.jpg" alt="Product Image"></a><p>THECOSKY Dehumidifier and Air Purifier Combo,HEPA H13 Filter and Negative Air Ion Function,54oz(1.6L) Water Tank with Drain Hose,24hrs Auto-Off Timer,Idea for Bedroom,Bathroom,Closet,RV</p><p>$109.99</p><a href="https://www.amazon.com/dp/B09W9TPJGZ?tag=eloabder-20&linkCode=osi&th=1&psc=1">View Product</a></div><div class="product"><a href="https://www.amazon.com/dp/B0CXDG65LZ?tag=eloabder-20&linkCode=osi&th=1&psc=1"><img src="https://m.media-amazon.com/images/I/41HNflmbKHL._SL500_.jpg" alt="Product Image"></a><p>14 x 17.5 x1.75 MERV 13 Replacement Dehumidifier Filter Compatible with Santa Fe Advance90, Advance100, Advance120, Honeywell DR90 & DR120 dehumidifier models, 2 Pack</p><p>$42.99</p><a href="https://www.amazon.com/dp/B0CXDG65LZ?tag=eloabder-20&linkCode=osi&th=1&psc=1">View Product</a></div>
<div class="product"><a href="https://www.amazon.com/dp/B088B921NQ?tag=eloabder-20&linkCode=osi&th=1&psc=1"><img src="https://m.media-amazon.com/images/I/612e4cT3RYL._SL500_.jpg" alt="Product Image"></a><p>ULTTY H13 HEPA Replacement Filter with Medical Coating, True HEPA Filter For R021/ R020 Purifying Fan, Medium</p><p>$29.99</p><a href="https://www.amazon.com/dp/B088B921NQ?tag=eloabder-20&linkCode=osi&th=1&psc=1">View Product</a></div><div class="product"><a href="https://www.amazon.com/dp/B0D2MZ4Y7Z?tag=eloabder-20&linkCode=osi&th=1&psc=1"><img src="https://m.media-amazon.com/images/I/51KgTHizWyL._SL500_.jpg" alt="Product Image"></a><p>Butto 5-Pack Ceiling Fan Filters for Blades - Strong Adhesive Ceiling Fan Filters for Common Household Contaminants - Unscented Coconut Carbon Fan Air Purifier Pads to Make Air Fresh and Natural</p><p>$9.98</p><a href="https://www.amazon.com/dp/B0D2MZ4Y7Z?tag=eloabder-20&linkCode=osi&th=1&psc=1">View Product</a></div><div class="product"><a href="https://www.amazon.com/dp/B0C42HCM21?tag=eloabder-20&linkCode=osi&th=1&psc=1"><img src="https://m.media-amazon.com/images/I/31jk3lpoygL._SL500_.jpg" alt="Product Image"></a><p>Barnakl Ceiling Fan Filters | Activated Coconut Shell Carbon Filter | Easy-Stick Universal Ceiling Fan Air Filters | Unscented Ceiling Fan Blade Filters for Common Household Contaminants, (3-Count)</p><p>$19.99 ($6.66 / Count)</p><a href="https://www.amazon.com/dp/B0C42HCM21?tag=eloabder-20&linkCode=osi&th=1&psc=1">View Product</a></div>
<div class="product"><a href="https://www.amazon.com/dp/B08LZWP29P?tag=eloabder-20&linkCode=osi&th=1&psc=1"><img src="https://m.media-amazon.com/images/I/41NLuzzFW9L._SL500_.jpg" alt="Product Image"></a><p>Chromex Tankless Water Heater Descaling Solution | Highly Effective Descaler Restores Heating Efficiency, Quart, 32 fl oz (1)</p><p>$26.99</p><a href="https://www.amazon.com/dp/B08LZWP29P?tag=eloabder-20&linkCode=osi&th=1&psc=1">View Product</a></div>

<div class="product"><a href="https://www.amazon.com/dp/B005UO4OWQ?tag=eloabder-20&linkCode=osi&th=1&psc=1"><img src="https://m.media-amazon.com/images/I/41oQPKFofoL._SL500_.jpg" alt="Product Image"></a><p>Bissell 203-7458 Brushroll, Bg10/86T3, Black</p><p>$21.26 ($21.26 / Count)</p><a href="https://www.amazon.com/dp/B005UO4OWQ?tag=eloabder-20&linkCode=osi&th=1&psc=1">View Product</a></div>





















<div class="product"><a href="https://www.amazon.com/dp/B0014J7FUY?tag=eloabder-20&linkCode=osi&th=1&psc=1"><img src="https://m.media-amazon.com/images/I/31QrM+IPxOL._SL500_.jpg" alt="Product Image"></a><p>Urnex Grindz Professional Coffee Grinder Cleaning Tablets - 430 Grams - All Natural Food Safe Gluten Free - Cleans Burr and Casing - Help Extend Life of Your Grinder</p><p>$25.99 ($1.71 / Ounce)</p><a href="https://www.amazon.com/dp/B0014J7FUY?tag=eloabder-20&linkCode=osi&th=1&psc=1">View Product</a></div>



<div class="product"><a href="https://www.amazon.com/dp/B0CHW317SG?tag=eloabder-20&linkCode=osi&th=1&psc=1"><img src="https://m.media-amazon.com/images/I/41Qd5Iu3qBL._SL500_.jpg" alt="Product Image"></a><p>EUHOMY 55 Can Beverage Refrigerator cooler-Mini Fridge Glass Door for Beer Drinks Wines, Freestanding Beverage Fridge with Adjustable Shelves Blue LED for Home/Office/Dorm/Bar (1.3cu.ft)</p><p>$128.99</p><a href="https://www.amazon.com/dp/B0CHW317SG?tag=eloabder-20&linkCode=osi&th=1&psc=1">View Product</a></div>

<div class="product"><a href="https://www.amazon.com/dp/B099CN2MRK?tag=eloabder-20&linkCode=osi&th=1&psc=1"><img src="https://m.media-amazon.com/images/I/31CvUCIUX5L._SL500_.jpg" alt="Product Image"></a><p>Genuine PuroAir 240 Replacement Filter - Replacement HEPA Filter for PuroAir 240 Purifier - Captures up to 99% of Pollen, Smoke, Pollen, Dust and Common Household Pollutants</p><p>$48.00</p><a href="https://www.amazon.com/dp/B099CN2MRK?tag=eloabder-20&linkCode=osi&th=1&psc=1">View Product</a></div><div class="product"><a href="https://www.amazon.com/dp/B0055521W0?tag=eloabder-20&linkCode=osi&th=1&psc=1"><img src="https://m.media-amazon.com/images/I/41Hs7ixdyXL._SL500_.jpg" alt="Product Image"></a><p>GermGuardian Filter B HEPA Pure Genuine Air Purifier Replacement Filter, Removes 99.97% of Pollutants for AC4825, AC4300, AC4900, AC4825DLX, AC4850, CDAP4500, AP2200, Black/Yellow, FLT4825</p><p>$17.90 ($17.90 / Count)</p><a href="https://www.amazon.com/dp/B0055521W0?tag=eloabder-20&linkCode=osi&th=1&psc=1">View Product</a></div><div class="product"><a href="https://www.amazon.com/dp/B0BNMYKZPV?tag=eloabder-20&linkCode=osi&th=1&psc=1"><img src="https://m.media-amazon.com/images/I/41-K3mB6KkL._SL500_.jpg" alt="Product Image"></a><p>2 Pack True HEPA KILO Filter Compatible with Afloia KILO, KILOPLUS, KILOPRO, MIRO,MIRO PRO and MORENTO MR-Kilo, Kalo Air Purifier, 360Â° 3-Stage Filtration</p><p>$34.99 ($17.50 / Count)</p><a href="https://www.amazon.com/dp/B0BNMYKZPV?tag=eloabder-20&linkCode=osi&th=1&psc=1">View Product</a></div><div class="product"><a href="https://www.amazon.com/dp/B0D3M4Y9W7?tag=eloabder-20&linkCode=osi&th=1&psc=1"><img src="https://m.media-amazon.com/images/I/41tzW+mkZuL._SL500_.jpg" alt="Product Image"></a><p>Breshair 14 True HEPA Filter Replacement Compatible with PuroAir 240 Air Purifier, 3-in-1 Filtration System with Activated Carbon Filter, 2-Pack</p><p>$31.56 ($15.78 / Count)</p><a href="https://www.amazon.com/dp/B0D3M4Y9W7?tag=eloabder-20&linkCode=osi&th=1&psc=1">View Product</a></div><div class="product"><a href="https://www.amazon.com/dp/B0CB18MVX6?tag=eloabder-20&linkCode=osi&th=1&psc=1"><img src="https://m.media-amazon.com/images/I/519ZmmLOrzL._SL500_.jpg" alt="Product Image"></a><p>2 Pack 3-in-1 H13 True HEPA Replacement Filter Compatible with Pure Enrichment PureZone Air Purifier Part# PEAIRPLG</p><p>$23.99 ($12.00 / Count)</p><a href="https://www.amazon.com/dp/B0CB18MVX6?tag=eloabder-20&linkCode=osi&th=1&psc=1">View Product</a></div><div class="product"><a href="https://www.amazon.com/dp/B08JTZMRML?tag=eloabder-20&linkCode=osi&th=1&psc=1"><img src="https://m.media-amazon.com/images/I/51yx60sCjHL._SL500_.jpg" alt="Product Image"></a><p>6 Pack HPA300 HEPA Filter Replacement for Honeywell HPA300 Series Air Purifiers HPA300, HPA300VP, HPA304, HPA3300, Replace HRF-R3 (6 Ture HEPA R Replacement Filter + 8 Activated Carbon Pre-Filter)</p><p>$47.99 ($3.43 / Count)</p><a href="https://www.amazon.com/dp/B08JTZMRML?tag=eloabder-20&linkCode=osi&th=1&psc=1">View Product</a></div><div class="product"><a href="https://www.amazon.com/dp/B0CF1GLSYS?tag=eloabder-20&linkCode=osi&th=1&psc=1"><img src="https://m.media-amazon.com/images/I/41709EXRzXL._SL500_.jpg" alt="Product Image"></a><p>CHIVALZ 4 Pack HY4866 True HEPA Replacement Filters Compatible with MORENTO HY4866 Air Purifier, WESTHEY HY4866 Air Purifier and YIOU M1 Air Cleaner Purifier, Original Version</p><p>$39.99 ($10.00 / Count)</p><a href="https://www.amazon.com/dp/B0CF1GLSYS?tag=eloabder-20&linkCode=osi&th=1&psc=1">View Product</a></div>







<div class="product"><a href="https://www.amazon.com/dp/B0CYKMFKR9?tag=eloabder-20&linkCode=osi&th=1&psc=1"><img src="https://m.media-amazon.com/images/I/316zU-ozoxL._SL500_.jpg" alt="Product Image"></a><p>Air Purifier Replacement Filter for Space Heater Bladeless Fan</p><p>$29.99</p><a href="https://www.amazon.com/dp/B0CYKMFKR9?tag=eloabder-20&linkCode=osi&th=1&psc=1">View Product</a></div>
<div class="product"><a href="https://www.amazon.com/dp/B07MRH6VY7?tag=eloabder-20&linkCode=osi&th=1&psc=1"><img src="https://m.media-amazon.com/images/I/51g-nuN4A5L._SL500_.jpg" alt="Product Image"></a><p>Colorfullife Replacement Air Purifier Filter for Dyson Tower Purifier Pure Cool Link TP01, TP02, TP03, BP01, Compare to Part 968126-03ï¼Œ2 Pack</p><p>$26.99</p><a href="https://www.amazon.com/dp/B07MRH6VY7?tag=eloabder-20&linkCode=osi&th=1&psc=1">View Product</a></div><div class="product"><a href="https://www.amazon.com/dp/B07TX5SW7J?tag=eloabder-20&linkCode=osi&th=1&psc=1"><img src="https://m.media-amazon.com/images/I/512Kn+cPglL._SL500_.jpg" alt="Product Image"></a><p>TP01 HEPA Filter Replacement Compatible with Dyson Tower Purifier Pure Cool Link TP01, TP02, TP03, AM11, BP01 Models, Compare to Part # 968126-03 (Pack of 2)</p><p>$27.95 ($13.98 / Count)</p><a href="https://www.amazon.com/dp/B07TX5SW7J?tag=eloabder-20&linkCode=osi&th=1&psc=1">View Product</a></div><div class="product"><a href="https://www.amazon.com/dp/B0CC24GZGB?tag=eloabder-20&linkCode=osi&th=1&psc=1"><img src="https://m.media-amazon.com/images/I/41woNpZ9VgL._SL500_.jpg" alt="Product Image"></a><p>TP01 TP02 Filter Compatible with Dyson Pure Cool Link Purifying Tower Fan TP00 TP03 AM11 and Cool Me BP01 Personal Series, 360Â° Air Purifier Filter Replacement 968126-03, 1-Pack</p><p>$25.99</p><a href="https://www.amazon.com/dp/B0CC24GZGB?tag=eloabder-20&linkCode=osi&th=1&psc=1">View Product</a></div><div class="product"><a href="https://www.amazon.com/dp/B0CX23N2JJ?tag=eloabder-20&linkCode=osi&th=1&psc=1"><img src="https://m.media-amazon.com/images/I/3145hmd5j7L._SL500_.jpg" alt="Product Image"></a><p>Dreo Air Purifiers Replacement Filter, HEPA Filter for Dreo Purifier Tower Fan MC710S, with 2 Stage Filtration, Black, Standard(DR-HPA019)</p><p>$39.99</p><a href="https://www.amazon.com/dp/B0CX23N2JJ?tag=eloabder-20&linkCode=osi&th=1&psc=1">View Product</a></div>










<div class="product"><a href="https://www.amazon.com/dp/B001U0OJ7O?tag=eloabder-20&linkCode=osi&th=1&psc=1"><img src="https://m.media-amazon.com/images/I/41XEg3QV-wL._SL500_.jpg" alt="Product Image"></a><p>Whirlpool W10165294RB 15-Inch Plastic Trash Compactor ct, 60 Bags, Count</p><p>$48.34</p><a href="https://www.amazon.com/dp/B001U0OJ7O?tag=eloabder-20&linkCode=osi&th=1&psc=1">View Product</a></div><div class="product"><a href="https://www.amazon.com/dp/B0CC3V4ZZ4?tag=eloabder-20&linkCode=osi&th=1&psc=1"><img src="https://m.media-amazon.com/images/I/31bbvodHnjL._SL500_.jpg" alt="Product Image"></a><p>Waste Smasher- Hand-Held Manual Trash Compactor Dishwasher Safe Black</p><p>$24.95</p><a href="https://www.amazon.com/dp/B0CC3V4ZZ4?tag=eloabder-20&linkCode=osi&th=1&psc=1">View Product</a></div><div class="product"><a href="https://www.amazon.com/dp/B00IYO5914?tag=eloabder-20&linkCode=osi&th=1&psc=1"><img src="https://m.media-amazon.com/images/I/51SLpTXIYNL._SL500_.jpg" alt="Product Image"></a><p>Kitchen Master Super Strong Compactor Bags Pre Cuffed (12 Pack)</p><p>$34.95</p><a href="https://www.amazon.com/dp/B00IYO5914?tag=eloabder-20&linkCode=osi&th=1&psc=1">View Product</a></div><div class="product"><a href="https://www.amazon.com/dp/B075DJ4ZVQ?tag=eloabder-20&linkCode=osi&th=1&psc=1"><img src="https://m.media-amazon.com/images/I/51Vaek4I89L._SL500_.jpg" alt="Product Image"></a><p>Dano Pre-Cuffed Compactor Bags</p><p>$32.95 ($2.75 / Count)</p><a href="https://www.amazon.com/dp/B075DJ4ZVQ?tag=eloabder-20&linkCode=osi&th=1&psc=1">View Product</a></div><div class="product"><a href="https://www.amazon.com/dp/B0C2DCVCBJ?tag=eloabder-20&linkCode=osi&th=1&psc=1"><img src="https://m.media-amazon.com/images/I/51072CtaKuL._SL500_.jpg" alt="Product Image"></a><p>60-pack W10165294RB Trash Compactor Bags - leak-proof trash compactor bags for kitchen 60-ct 15 inches - Fits 15-inch Rectangular Drawer Compactors</p><p>$45.99 ($0.77 / Count)</p><a href="https://www.amazon.com/dp/B0C2DCVCBJ?tag=eloabder-20&linkCode=osi&th=1&psc=1">View Product</a></div><div class="product"><a href="https://www.amazon.com/dp/B001U0OJ7E?tag=eloabder-20&linkCode=osi&th=1&psc=1"><img src="https://m.media-amazon.com/images/I/41c0z26RyvL._SL500_.jpg" alt="Product Image"></a><p>Whirlpool W10165293RB Genuine OEM 60 Pack-Plastic Compactor Bags-18" Models â€“ 1394369, 4178058, 4318932, 4318933, 4318935, 4318937, 4318939, AH1964576, EA1964576, PS1964576</p><p>$48.64 ($0.81 / Count)</p><a href="https://www.amazon.com/dp/B001U0OJ7E?tag=eloabder-20&linkCode=osi&th=1&psc=1">View Product</a></div><div class="product"><a href="https://www.amazon.com/dp/B00W27J16S?tag=eloabder-20&linkCode=osi&th=1&psc=1"><img src="https://m.media-amazon.com/images/I/41RaOjAGlrL._SL500_.jpg" alt="Product Image"></a><p>Compactor Bags Pre Cuffed (50 Pack)</p><p>$84.95 ($1.70 / count)</p><a href="https://www.amazon.com/dp/B00W27J16S?tag=eloabder-20&linkCode=osi&th=1&psc=1">View Product</a></div><div class="product"><a href="https://www.amazon.com/dp/B00MOCYY2W?tag=eloabder-20&linkCode=osi&th=1&psc=1"><img src="https://m.media-amazon.com/images/I/41SH8mDsAnL._SL500_.jpg" alt="Product Image"></a><p>GE WX60X1 Genuine OEM Universal Trash Compactor Bags for GE Trash Compactors</p><p>$19.00</p><a href="https://www.amazon.com/dp/B00MOCYY2W?tag=eloabder-20&linkCode=osi&th=1&psc=1">View Product</a></div><div class="product"><a href="https://www.amazon.com/dp/B0D7SFSTNG?tag=eloabder-20&linkCode=osi&th=1&psc=1"><img src="https://m.media-amazon.com/images/I/41szt9tZJPL._SL500_.jpg" alt="Product Image"></a><p>4PCS Trash Compactor Charcoal Air Filter Fit for Whirlpool/KitchenAid/Maytag/Jenn-Air/Amana/Inglis/Magic Chef Trash Compactor, Replaces 4151750 554358 WP4151750 AP6009134 PS11742279</p><p>$23.59 ($5.90 / Count)</p><a href="https://www.amazon.com/dp/B0D7SFSTNG?tag=eloabder-20&linkCode=osi&th=1&psc=1">View Product</a></div>
<div class="product"><a href="https://www.amazon.com/dp/B0CGLX5ZB9?tag=eloabder-20&linkCode=osi&th=1&psc=1"><img src="https://m.media-amazon.com/images/I/51qeRZQS98L._SL500_.jpg" alt="Product Image"></a><p>Spare Replacement Parts Compatible with MAMNV BR150 BR151, ZCWA BR150 BR151, MANVINS G20 Robot Vacuum and Mop Combo Accessories Include: 3 Hepa Filters 3 Mop Pads 6 Side Spin Brushes</p><p>$9.98</p><a href="https://www.amazon.com/dp/B0CGLX5ZB9?tag=eloabder-20&linkCode=osi&th=1&psc=1">View Product</a></div><div class="product"><a href="https://www.amazon.com/dp/B0B28DGZBG?tag=eloabder-20&linkCode=osi&th=1&psc=1"><img src="https://m.media-amazon.com/images/I/51ooMN4RqML._SL500_.jpg" alt="Product Image"></a><p>Replacement Parts for Shark AI AV2511AE AV2501S AV2610WA AV2501AE RV2502AE RV2610WA RV2520 AV2510 2-In-1 AI Ultra Robot Vacuum Cleaner Accessories Kits. Main Brush, HEPA Filter, Foam Filter,Side Brush</p><p>$19.99 ($1.05 / Count)</p><a href="https://www.amazon.com/dp/B0B28DGZBG?tag=eloabder-20&linkCode=osi&th=1&psc=1">View Product</a></div><div class="product"><a href="https://www.amazon.com/dp/B0782T7L6P?tag=eloabder-20&linkCode=osi&th=1&psc=1"><img src="https://m.media-amazon.com/images/I/41hTVkuzMJL._SL500_.jpg" alt="Product Image"></a><p>10pcs HEPA Filters Replacement for ILIFE V3s V3s pro V5 V5s V5s Pro V5s Pro 2 V5s Plus Noisz S5 Robotic Vacuum Cleaner ILIFE V3s pro Filters ILIFE Robot Vacuum Filter</p><p>$9.80 ($0.98 / Count)</p><a href="https://www.amazon.com/dp/B0782T7L6P?tag=eloabder-20&linkCode=osi&th=1&psc=1">View Product</a></div><div class="product"><a href="https://www.amazon.com/dp/B0CXLVHTTC?tag=eloabder-20&linkCode=osi&th=1&psc=1"><img src="https://m.media-amazon.com/images/I/51BT3phYzKL._SL500_.jpg" alt="Product Image"></a><p>HUIZHEN Spare Accessories for MAMNV BR150/BR151, for ZCWA BR150/BR151, for MANVINS G20,for GTTVO BR150/BR151,for ONSON BR150/BR151 Robot Vacuum Replacement Parts,6 Side Brush,4 HEPA Filters,4 Mop Pads</p><p>$9.99</p><a href="https://www.amazon.com/dp/B0CXLVHTTC?tag=eloabder-20&linkCode=osi&th=1&psc=1">View Product</a></div><div class="product"><a href="https://www.amazon.com/dp/B08RYDDQL8?tag=eloabder-20&linkCode=osi&th=1&psc=1"><img src="https://m.media-amazon.com/images/I/314Xd7+oBXL._SL500_.jpg" alt="Product Image"></a><p>AirClean 4 Pack 3.7" High Replacement Base Pre-Motor Foam Filters Compatible with Shark IQ Robot Vacuum R101AE RV1001AE UR1005AE Self-Empty Base</p><p>$12.99 ($3.25 / Count)</p><a href="https://www.amazon.com/dp/B08RYDDQL8?tag=eloabder-20&linkCode=osi&th=1&psc=1">View Product</a></div><div class="product"><a href="https://www.amazon.com/dp/B0CJLHJ557?tag=eloabder-20&linkCode=osi&th=1&psc=1"><img src="https://m.media-amazon.com/images/I/41iQm8hUjiL._SL500_.jpg" alt="Product Image"></a><p>Replacement Parts Compatible with WYZE Robot Vacuum Cleaner WVCR200S Accessories, 2 Main Brushes, 6 Hepa Filters, 8 Side Brushes Attachment Spare Pack</p><p>$14.99 ($0.94 / Count)</p><a href="https://www.amazon.com/dp/B0CJLHJ557?tag=eloabder-20&linkCode=osi&th=1&psc=1">View Product</a></div>
<div class="product"><a href="https://www.amazon.com/dp/B0C4595Q8P?tag=eloabder-20&linkCode=osi&th=1&psc=1"><img src="https://m.media-amazon.com/images/I/51k23SAtRxL._SL500_.jpg" alt="Product Image"></a><p>4 Pack FSV001 HEPA Filter Compatiable with Fabuletta FSV101, FSV001, Girnoor G160&G165, Afoddon A300, Lubluelu 202, Oraimo Cordless Vacuum Cleaner, Besswin W26 Cordless Stick Vacuum Cleaners</p><p>$15.99 ($4.00 / Count)</p><a href="https://www.amazon.com/dp/B0C4595Q8P?tag=eloabder-20&linkCode=osi&th=1&psc=1">View Product</a></div>
<div class="product"><a href="https://www.amazon.com/dp/B0BNKJX96X?tag=eloabder-20&linkCode=osi&th=1&psc=1"><img src="https://m.media-amazon.com/images/I/41OPeLFppoL._SL500_.jpg" alt="Product Image"></a><p>6 PACK 2033 Replacement Filter Compatible with Bissell Featherweight Stick Lightweight Bagless Vacuum Cleaner 20331, 20333, 20334, 20336, 20339, 2033M,6 Mesh Filter 6 Foam Filters, Replace # 1611508</p><p>$14.99 ($2.50 / Count)</p><a href="https://www.amazon.com/dp/B0BNKJX96X?tag=eloabder-20&linkCode=osi&th=1&psc=1">View Product</a></div><div class="product"><a href="https://www.amazon.com/dp/B0CMBWLTSM?tag=eloabder-20&linkCode=osi&th=1&psc=1"><img src="https://m.media-amazon.com/images/I/41PHqKaLTDL._SL500_.jpg" alt="Product Image"></a><p>18V ONE + Cordless Pet Stick Vacuum Filter for Ryobi, PCL720, PBLSV716, PBLSV717 Stick Vacuum, Reusable Washable Filters, Compare to Part A32SV720N, 6 Pack</p><p>$15.99 ($2.66 / Count)</p><a href="https://www.amazon.com/dp/B0CMBWLTSM?tag=eloabder-20&linkCode=osi&th=1&psc=1">View Product</a></div><div class="product"><a href="https://www.amazon.com/dp/B0CXDYWWT9?tag=eloabder-20&linkCode=osi&th=1&psc=1"><img src="https://m.media-amazon.com/images/I/41F1csTT8jL._SL500_.jpg" alt="Product Image"></a><p>2 Replacement Filters for Craftsman V20 Cordless Stick Vacuum CMCVS001D1, for Black Decker BSVF1 BSV2020 BSV2020G BSV2020P Cordless Stick Vacuum Cleaner with 1 Cleaning Brush</p><p>$14.99</p><a href="https://www.amazon.com/dp/B0CXDYWWT9?tag=eloabder-20&linkCode=osi&th=1&psc=1">View Product</a></div><div class="product"><a href="https://www.amazon.com/dp/B0CCJ5N5DH?tag=eloabder-20&linkCode=osi&th=1&psc=1"><img src="https://m.media-amazon.com/images/I/41xmhDPqk8L._SL500_.jpg" alt="Product Image"></a><p>Aolleteau 1 Pack Brush Roller Compatible with Black + Decker BSV2020, BSV2020P, BSV2020G Powerseries Extreme Cordless Stick Vacuum and Compatible with Craftsman V20 Cordless Stick Vacuum CMCVS001D1</p><p>$17.99</p><a href="https://www.amazon.com/dp/B0CCJ5N5DH?tag=eloabder-20&linkCode=osi&th=1&psc=1">View Product</a></div><div class="product"><a href="https://www.amazon.com/dp/B0CQY61LFD?tag=eloabder-20&linkCode=osi&th=1&psc=1"><img src="https://m.media-amazon.com/images/I/31swBBC444L._SL500_.jpg" alt="Product Image"></a><p>Tablenco for Shark HZ602 Filter Replacement Ultralight Pet Pro Corded Stick Vacuum and HZ2002 Vertex DuoClean PowerFins fit HZ2000 HZ251 HZ250 HH200 HH202,4 Foam Felt 4 Motor Kit (No cleaning brush)</p><p>$9.98</p><a href="https://www.amazon.com/dp/B0CQY61LFD?tag=eloabder-20&linkCode=osi&th=1&psc=1">View Product</a></div><div class="product"><a href="https://www.amazon.com/dp/B09Q55KW8W?tag=eloabder-20&linkCode=osi&th=1&psc=1"><img src="https://m.media-amazon.com/images/I/51MKsJy6nSL._SL500_.jpg" alt="Product Image"></a><p>Anicell 2033 Featherweight Filter for Bissell Featherweight Stick Lightweight Bagless Vacuum 20331 20333 20334 20336 20339 2033M, 4 Mesh Filters 6 Foam Filters Replacement, Replace part# 1611508</p><p>$11.99</p><a href="https://www.amazon.com/dp/B09Q55KW8W?tag=eloabder-20&linkCode=osi&th=1&psc=1">View Product</a></div><div class="product"><a href="https://www.amazon.com/dp/B0CDVG7LHD?tag=eloabder-20&linkCode=osi&th=1&psc=1"><img src="https://m.media-amazon.com/images/I/41hjN1Te6sL._SL500_.jpg" alt="Product Image"></a><p>Moreffi 3 Pack Filter Replacement For HART Cordless Stick Vacuum HPSV01 and HPSV50, Compare to Part Number HASV01</p><p>$19.99 ($6.66 / Count)</p><a href="https://www.amazon.com/dp/B0CDVG7LHD?tag=eloabder-20&linkCode=osi&th=1&psc=1">View Product</a></div>
<div class="product"><a href="https://www.amazon.com/dp/B07DQ9TZC8?tag=eloabder-20&linkCode=osi&th=1&psc=1"><img src="https://m.media-amazon.com/images/I/41PHyZ20FuL._SL500_.jpg" alt="Product Image"></a><p>Kenmore 53294 Style O HEPA Cloth Vacuum Bags for Kenmore Upright Vacuum Cleaners 6 Pack,White</p><p>$20.99 ($3.50 / Count)</p><a href="https://www.amazon.com/dp/B07DQ9TZC8?tag=eloabder-20&linkCode=osi&th=1&psc=1">View Product</a></div><div class="product"><a href="https://www.amazon.com/dp/B08MXVTTT2?tag=eloabder-20&linkCode=osi&th=1&psc=1"><img src="https://m.media-amazon.com/images/I/41T6wRpIMzL._SL500_.jpg" alt="Product Image"></a><p>Kenmore IB600 HEPA Replacement Intuition Upright Vacuum Cleaner Bags for BU4022, BU4020, BU4018, BU4050, BU3040,White</p><p>$18.75</p><a href="https://www.amazon.com/dp/B08MXVTTT2?tag=eloabder-20&linkCode=osi&th=1&psc=1">View Product</a></div><div class="product"><a href="https://www.amazon.com/dp/B01010JVYO?tag=eloabder-20&linkCode=osi&th=1&psc=1"><img src="https://m.media-amazon.com/images/I/51Anluh47GL._SL500_.jpg" alt="Product Image"></a><p>EnviroCare Replacement Micro Filtration Vacuum Cleaner Dust Bags Designed to fit Hoover Windtunnel Upright Type Y 9 pack</p><p>$9.89 ($1.10 / Count)</p><a href="https://www.amazon.com/dp/B01010JVYO?tag=eloabder-20&linkCode=osi&th=1&psc=1">View Product</a></div><div class="product"><a href="https://www.amazon.com/dp/B0D5CP3WBY?tag=eloabder-20&linkCode=osi&th=1&psc=1"><img src="https://m.media-amazon.com/images/I/31MaGmsVOwL._SL500_.jpg" alt="Product Image"></a><p>Bagless Upright Kenmore Vacuum HEPA Filters, Compatible with Foam Filters, Felt Filters and Upright vacuum cleaner for Models K4010,DU2015,DU2012(includes 1 Hepa Filters,2 Foam and 2 Felt Filters)</p><p>$12.99</p><a href="https://www.amazon.com/dp/B0D5CP3WBY?tag=eloabder-20&linkCode=osi&th=1&psc=1">View Product</a></div><div class="product"><a href="https://www.amazon.com/dp/B0CBFV28WX?tag=eloabder-20&linkCode=osi&th=1&psc=1"><img src="https://m.media-amazon.com/images/I/51LIYI0wXSL._SL500_.jpg" alt="Product Image"></a><p>16 Packs Vacuum Bags for Oreck Type CC, Compatible with All Oreck XL Upright Vacuum Cleaner - Replaces Part # CCPK8DW</p><p>$21.99 ($1.37 / Count)</p><a href="https://www.amazon.com/dp/B0CBFV28WX?tag=eloabder-20&linkCode=osi&th=1&psc=1">View Product</a></div><div class="product"><a href="https://www.amazon.com/dp/B00F9GQMHA?tag=eloabder-20&linkCode=osi&th=1&psc=1"><img src="https://m.media-amazon.com/images/I/51lhelurelL._SL500_.jpg" alt="Product Image"></a><p>EnviroCare Replacement Premium Vacuum Cleaner Dust Bags made to fit Eureka F&G Uprights 9 bags</p><p>$11.09</p><a href="https://www.amazon.com/dp/B00F9GQMHA?tag=eloabder-20&linkCode=osi&th=1&psc=1">View Product</a></div><div class="product"><a href="https://www.amazon.com/dp/B002CI8G1I?tag=eloabder-20&linkCode=osi&th=1&psc=1"><img src="https://m.media-amazon.com/images/I/51PYQrQpbSL._SL500_.jpg" alt="Product Image"></a><p>EnviroCare Replacement Micro Filtration Vacuum Cleaner Dust Bags made to fit Kenmore Upright Type U/L/O 50688 and 50690, Panasonic Type U-2, Miele Type Z. 9 pack</p><p>$9.99</p><a href="https://www.amazon.com/dp/B002CI8G1I?tag=eloabder-20&linkCode=osi&th=1&psc=1">View Product</a></div>
<div class="product"><a href="https://www.amazon.com/dp/B07GNQJ67P?tag=eloabder-20&linkCode=osi&th=1&psc=1"><img src="https://m.media-amazon.com/images/I/41XHnKbgjAL._SL500_.jpg" alt="Product Image"></a><p>Kenmore 53292 Type Q HEPA Replacement Dust Bags for Canister Vacuum 81214, 81414, 81714, 21814, BC2005, BC3005, 81615, BC7005, 6 Count (Pack of 1)</p><p>$13.24 ($2.21 / Count)</p><a href="https://www.amazon.com/dp/B07GNQJ67P?tag=eloabder-20&linkCode=osi&th=1&psc=1">View Product</a></div><div class="product"><a href="https://www.amazon.com/dp/B01L0C0FVK?tag=eloabder-20&linkCode=osi&th=1&psc=1"><img src="https://m.media-amazon.com/images/I/51ZIjbo9NVL._SL500_.jpg" alt="Product Image"></a><p>Envirocare Replacement Vacuum Bags Compatible with Kenmore Canister Type C/Q. 5055, 50557 and 50558 Panasonic Type C-5 Vacuums,15 pack</p><p>$16.16</p><a href="https://www.amazon.com/dp/B01L0C0FVK?tag=eloabder-20&linkCode=osi&th=1&psc=1">View Product</a></div><div class="product"><a href="https://www.amazon.com/dp/B0BTRTP2PM?tag=eloabder-20&linkCode=osi&th=1&psc=1"><img src="https://m.media-amazon.com/images/I/41K295aRv9L._SL500_.jpg" alt="Product Image"></a><p>Vacuum Cleaner Bags Fit for Kenmore Canister Type C/Q 50555 50557 50558 and Type C-5, 10PCs</p><p>$15.99</p><a href="https://www.amazon.com/dp/B0BTRTP2PM?tag=eloabder-20&linkCode=osi&th=1&psc=1">View Product</a></div><div class="product"><a href="https://www.amazon.com/dp/B0CRQYGLZX?tag=eloabder-20&linkCode=osi&th=1&psc=1"><img src="https://m.media-amazon.com/images/I/413iXp+j3ML._SL500_.jpg" alt="Product Image"></a><p>15 Pack Canister Vacuum Cleaner Bags Compatible with Kenmore Canister Type C/Q 5055, 50555, 50557, 50558 and Type C-5, C-18, 53292, 200 Series, 400 Series, 600 Series, 700 Series, 800 Series Vacuum</p><p>$11.69</p><a href="https://www.amazon.com/dp/B0CRQYGLZX?tag=eloabder-20&linkCode=osi&th=1&psc=1">View Product</a></div><div class="product"><a href="https://www.amazon.com/dp/B00QGD3SBI?tag=eloabder-20&linkCode=osi&th=1&psc=1"><img src="https://m.media-amazon.com/images/I/51xw0asyqTL._SL500_.jpg" alt="Product Image"></a><p>EnviroCare Replacement Vacuum Bags made to fit Kenmore Canister Type C or Q 50555, 50558, 50557 and Panasonic Type C-5 Vacuums, 9 pack</p><p>$9.79</p><a href="https://www.amazon.com/dp/B00QGD3SBI?tag=eloabder-20&linkCode=osi&th=1&psc=1">View Product</a></div><div class="product"><a href="https://www.amazon.com/dp/B0CQP9NP5N?tag=eloabder-20&linkCode=osi&th=1&psc=1"><img src="https://m.media-amazon.com/images/I/41WnNkTz8zL._SL500_.jpg" alt="Product Image"></a><p>8 Pack Replacement Vacuum Bags Compatible with Kenmore Canister Type C/Q. 5055, 50104, 50557 and 50558 Panasonic Type C-5 Vacuums</p><p>$9.99 ($1.25 / Count)</p><a href="https://www.amazon.com/dp/B0CQP9NP5N?tag=eloabder-20&linkCode=osi&th=1&psc=1">View Product</a></div>
<div class="product"><a href="https://www.amazon.com/dp/B09M3Y2BHR?tag=eloabder-20&linkCode=osi&th=1&psc=1"><img src="https://m.media-amazon.com/images/I/31tevngai1L._SL500_.jpg" alt="Product Image"></a><p>Ymimi Vacuum Filter Compatible with Eureka WhirlWind Bagless Canister Vacuum Cleaner,Fits NEN110A,NEN110B,NEN110Dï¼ˆ2-Packï¼‰</p><p>$11.99 ($6.00 / Count)</p><a href="https://www.amazon.com/dp/B09M3Y2BHR?tag=eloabder-20&linkCode=osi&th=1&psc=1">View Product</a></div><div class="product"><a href="https://www.amazon.com/dp/B07J1WWBHN?tag=eloabder-20&linkCode=osi&th=1&psc=1"><img src="https://m.media-amazon.com/images/I/51gmkDrnR2L._SL500_.jpg" alt="Product Image"></a><p>Bissell Powerforce Helix Bagless Washable Premotor Filter #1608225, Black</p><p>$7.78</p><a href="https://www.amazon.com/dp/B07J1WWBHN?tag=eloabder-20&linkCode=osi&th=1&psc=1">View Product</a></div><div class="product"><a href="https://www.amazon.com/dp/B0BK64TMMK?tag=eloabder-20&linkCode=osi&th=1&psc=1"><img src="https://m.media-amazon.com/images/I/41OBMvET7eL._SL500_.jpg" alt="Product Image"></a><p>Vacuum Belt Replacement for Bissell Cleanview Swivel Pet Upright Bagless/Powerlifter Vacuum Cleaner, fits model: 2252, 2254, 22543, 2258,2259, 2260,2316, 2739, 1793, Parts # 3031120, 32074</p><p>$6.99</p><a href="https://www.amazon.com/dp/B0BK64TMMK?tag=eloabder-20&linkCode=osi&th=1&psc=1">View Product</a></div><div class="product"><a href="https://www.amazon.com/dp/B0BKKL3WRB?tag=eloabder-20&linkCode=osi&th=1&psc=1"><img src="https://m.media-amazon.com/images/I/410jMe-FjIL._SL500_.jpg" alt="Product Image"></a><p>Aolleteau F1 HEPA Filter Compatible with Dirt Devil Bagless Upright Cleaner Models Extra Lite, Breeze, Featherlite Bagless, Jaguar Bagless,Platinum Force Vision, Scorpion and Vision Bagless (2 Pack)</p><p>$13.99 ($7.00 / Count)</p><a href="https://www.amazon.com/dp/B0BKKL3WRB?tag=eloabder-20&linkCode=osi&th=1&psc=1">View Product</a></div><div class="product"><a href="https://www.amazon.com/dp/B09SG1P4WN?tag=eloabder-20&linkCode=osi&th=1&psc=1"><img src="https://m.media-amazon.com/images/I/51+Mr+Wq5ML._SL500_.jpg" alt="Product Image"></a><p>NEN110A Vacuum Filter, Inlet Frame and Sponge Filter Compatible with Eureka Whirlwind Bagless Canister Vacuum Cleaner, Fits NEN110A, NEN110B, NEN110D(4-Pack)</p><p>$15.99 ($4.00 / Count)</p><a href="https://www.amazon.com/dp/B09SG1P4WN?tag=eloabder-20&linkCode=osi&th=1&psc=1">View Product</a></div>
<div class="product"><a href="https://www.amazon.com/dp/B07GT9VB9X?tag=eloabder-20&linkCode=osi&th=1&psc=1"><img src="https://m.media-amazon.com/images/I/41IokheYtNL._SL500_.jpg" alt="Product Image"></a><p>6 Pack 1940 Bissell Steam Mop Pads for Bissell PowerFresh Steam Mop 1806 1544 1440 2075A 2685A 1940W 19404 Series, Model 19402 19408 1940a 1940f 1940q 1940t B0006 B0017, Part #5938#203-2633</p><p>$16.99 ($2.83 / Count)</p><a href="https://www.amazon.com/dp/B07GT9VB9X?tag=eloabder-20&linkCode=osi&th=1&psc=1">View Product</a></div><div class="product"><a href="https://www.amazon.com/dp/B07H3MYZLD?tag=eloabder-20&linkCode=osi&th=1&psc=1"><img src="https://m.media-amazon.com/images/I/511p6MPxQ0L._SL500_.jpg" alt="Product Image"></a><p>Flammi Steam Pocket Mop Replacement Pads for Shark S3500 Series S3501 S3601 S3550 S3901 SE450 S3801CO S3601D S2901 S2902 Steam Pocket Mop, 4 Pack</p><p>$16.97 ($4.24 / Count)</p><a href="https://www.amazon.com/dp/B07H3MYZLD?tag=eloabder-20&linkCode=osi&th=1&psc=1">View Product</a></div><div class="product"><a href="https://www.amazon.com/dp/B0C8SH97HN?tag=eloabder-20&linkCode=osi&th=1&psc=1"><img src="https://m.media-amazon.com/images/I/31Mex4y7odL._SL500_.jpg" alt="Product Image"></a><p>HOMEXCEL Steam Mop Replacement Pads Compatible with Bissell Powerfresh Steam Mop 1940 1806 1440 1544 Series, Model 19402 19404 19408 2685A 2075A 1940A 1940Q 1940T 1940W, Steam Mop Pads Refills,4 Pack</p><p>$9.99 ($2.50 / Count)</p><a href="https://www.amazon.com/dp/B0C8SH97HN?tag=eloabder-20&linkCode=osi&th=1&psc=1">View Product</a></div><div class="product"><a href="https://www.amazon.com/dp/B0BFWTXS33?tag=eloabder-20&linkCode=osi&th=1&psc=1"><img src="https://m.media-amazon.com/images/I/51pa2h7o0EL._SL500_.jpg" alt="Product Image"></a><p>12 Pack 1940 Steam Mop Replacement Pads for Bissell Powerfresh Steam Mop 1940 1440 1806 1544 2075 2685A 2814 Series, Model 19402 19404 19408 19409 1940A 1940F 1940Q 1940T 1940W B0006 B0017 2075A 15441</p><p>$24.99</p><a href="https://www.amazon.com/dp/B0BFWTXS33?tag=eloabder-20&linkCode=osi&th=1&psc=1">View Product</a></div><div class="product"><a href="https://www.amazon.com/dp/B0CLP5QGTY?tag=eloabder-20&linkCode=osi&th=1&psc=1"><img src="https://m.media-amazon.com/images/I/414HqpKde9L._SL500_.jpg" alt="Product Image"></a><p>10 Pack 1940 1806 2685A Steam Mop Pads For Bissell Powerfresh Steam Mop Deluxe Pet Lift-Off Plus Slim Scrubbing Steam Mop Replacement Pad 1940A 2814 1544A 2075A Power Fresh Steamer Pad Refill Washable</p><p>$22.99 ($2.30 / Count)</p><a href="https://www.amazon.com/dp/B0CLP5QGTY?tag=eloabder-20&linkCode=osi&th=1&psc=1">View Product</a></div><div class="product"><a href="https://www.amazon.com/dp/B078BBKBPV?tag=eloabder-20&linkCode=osi&th=1&psc=1"><img src="https://m.media-amazon.com/images/I/51WcJqtOUIL._SL500_.jpg" alt="Product Image"></a><p>Tidy Monster Steam Mop Replacement Pads Compatible with Bissell Powerfresh Steam Mop 1940 1806 1544 1440 2075A 2685A Series, Part # 5938 & 203-2633, 1606668 & 1606669 (4 Pack Scrub Plush)</p><p>$9.99</p><a href="https://www.amazon.com/dp/B078BBKBPV?tag=eloabder-20&linkCode=osi&th=1&psc=1">View Product</a></div><div class="product"><a href="https://www.amazon.com/dp/B00A6G37SU?tag=eloabder-20&linkCode=osi&th=1&psc=1"><img src="https://m.media-amazon.com/images/I/51xo0LB-SpL._SL500_.jpg" alt="Product Image"></a><p>BISSELL PowerFresh Steam Mop Pads (Pack of 2) with Fragrance discs (4 ct), 5938</p><p>$21.26 ($10.63 / Count)</p><a href="https://www.amazon.com/dp/B00A6G37SU?tag=eloabder-20&linkCode=osi&th=1&psc=1">View Product</a></div>
<div class="product"><a href="https://www.amazon.com/dp/B0D2QFVY7H?tag=eloabder-20&linkCode=osi&th=1&psc=1"><img src="https://m.media-amazon.com/images/I/417B7H+vvML._SL500_.jpg" alt="Product Image"></a><p>Kenmore KS1010 Deep Clean & Revitalize Pet Carpet Cleaner Formula, 64 oz, White, 64 Fl Oz</p><p>$22.73 ($0.36 / Fl Oz)</p><a href="https://www.amazon.com/dp/B0D2QFVY7H?tag=eloabder-20&linkCode=osi&th=1&psc=1">View Product</a></div><div class="product"><a href="https://www.amazon.com/dp/B0BNK8ZJJ1?tag=eloabder-20&linkCode=osi&th=1&psc=1"><img src="https://m.media-amazon.com/images/I/51z0Pc4xcNL._SL500_.jpg" alt="Product Image"></a><p>Bissell Spotlifter Pet Carpet and Upholstery Cleaner with Brush Head - 4 Pack, 93523</p><p>$23.88 ($0.50 / Fl Oz)</p><a href="https://www.amazon.com/dp/B0BNK8ZJJ1?tag=eloabder-20&linkCode=osi&th=1&psc=1">View Product</a></div><div class="product"><a href="https://www.amazon.com/dp/B0CX245D26?tag=eloabder-20&linkCode=osi&th=1&psc=1"><img src="https://m.media-amazon.com/images/I/411CSXvvO1L._SL500_.jpg" alt="Product Image"></a><p>BISSELLÂ® Spot & Stain with Febreze + Gain Original Scent Formula for Little Green Devices, Portable Carpet Cleaners (3968)</p><p>$12.99 ($0.41 / Fl Oz)</p><a href="https://www.amazon.com/dp/B0CX245D26?tag=eloabder-20&linkCode=osi&th=1&psc=1">View Product</a></div><div class="product"><a href="https://www.amazon.com/dp/B083VZW4R5?tag=eloabder-20&linkCode=osi&th=1&psc=1"><img src="https://m.media-amazon.com/images/I/413BULPLmBL._SL500_.jpg" alt="Product Image"></a><p>BISSELL Multi-Surface Pet Formula with Febreze Freshness for Crosswave (80 oz), 2295L</p><p>$22.99 ($0.29 / Fl Oz)</p><a href="https://www.amazon.com/dp/B083VZW4R5?tag=eloabder-20&linkCode=osi&th=1&psc=1">View Product</a></div><div class="product"><a href="https://www.amazon.com/dp/B0D2RGW219?tag=eloabder-20&linkCode=osi&th=1&psc=1"><img src="https://m.media-amazon.com/images/I/41gD+82tnAL._SL500_.jpg" alt="Product Image"></a><p>Vacmaster Clean & Restore Carpet Cleaner Formula â€“ CCS03</p><p>$19.99 ($0.31 / Fl Oz)</p><a href="https://www.amazon.com/dp/B0D2RGW219?tag=eloabder-20&linkCode=osi&th=1&psc=1">View Product</a></div>






<div class="product"><a href="https://www.amazon.com/dp/B0BY64HQTP?tag=eloabder-20&linkCode=osi&th=1&psc=1"><img src="https://m.media-amazon.com/images/I/41hUxHuASYL._SL500_.jpg" alt="Product Image"></a><p>Air Conditioning Motor WZDK13-38G-1(RD-310-13-8) DC Brushless Fan Motor, 13W Inverter air Conditioner Motor DC Motor for Central air Conditioner</p><p>$39.95</p><a href="https://www.amazon.com/dp/B0BY64HQTP?tag=eloabder-20&linkCode=osi&th=1&psc=1">View Product</a></div><div class="product"><a href="https://www.amazon.com/dp/B0CM5YB884?tag=eloabder-20&linkCode=osi&th=1&psc=1"><img src="https://m.media-amazon.com/images/I/310lQ2tAvLL._SL500_.jpg" alt="Product Image"></a><p>Sparkfix OEM WZDK20-38G (ZKFP-20-8-6) Air Conditioner Replacement Motors DC280V 20W Air Conditioning Fan Motor Inverter Air Conditioner Brushless DC Motor 1300RPM CCW</p><p>$42.79</p><a href="https://www.amazon.com/dp/B0CM5YB884?tag=eloabder-20&linkCode=osi&th=1&psc=1">View Product</a></div>













<div class="product"><a href="https://www.amazon.com/dp/B009PCI2JU?tag=eloabder-20&linkCode=osi&th=1&psc=1"><img src="https://m.media-amazon.com/images/I/310ZJurANUL._SL500_.jpg" alt="Product Image"></a><p>GE RPWFE Refrigerator Water Filter | Certified to Reduce Lead, Sulfur, and 50+ Other Impurities | Replace Every 6 Months for Best Results | Pack of 1</p><p>$49.98</p><a href="https://www.amazon.com/dp/B009PCI2JU?tag=eloabder-20&linkCode=osi&th=1&psc=1">View Product</a></div><div class="product"><a href="https://www.amazon.com/dp/B0882ZJ48W?tag=eloabder-20&linkCode=osi&th=1&psc=1"><img src="https://m.media-amazon.com/images/I/41110o9sUoL._SL500_.jpg" alt="Product Image"></a><p>GE XWFE Refrigerator Water Filter | Certified to Reduce Lead, Sulfur, and 50+ Other Impurities | Replace Every 6 Months for Best Results | Pack of 1, White</p><p>$49.00</p><a href="https://www.amazon.com/dp/B0882ZJ48W?tag=eloabder-20&linkCode=osi&th=1&psc=1">View Product</a></div><div class="product"><a href="https://www.amazon.com/dp/B074HLRXMP?tag=eloabder-20&linkCode=osi&th=1&psc=1"><img src="https://m.media-amazon.com/images/I/21oDpGCQXiL._SL500_.jpg" alt="Product Image"></a><p>LG LT1000P - 6 Month / 200 Gallon Capacity Replacement Refrigerator Water Filter (NSF42, NSF53, and NSF401) ADQ74793501, ADQ75795105, or AGF80300704 , White</p><p>$47.00</p><a href="https://www.amazon.com/dp/B074HLRXMP?tag=eloabder-20&linkCode=osi&th=1&psc=1">View Product</a></div><div class="product"><a href="https://www.amazon.com/dp/B01BKWSHHE?tag=eloabder-20&linkCode=osi&th=1&psc=1"><img src="https://m.media-amazon.com/images/I/31E2+zlkvjL._SL500_.jpg" alt="Product Image"></a><p>Frigidaire EPTWFU01 Water Filtration Filter, 1 Count, White</p><p>$42.99</p><a href="https://www.amazon.com/dp/B01BKWSHHE?tag=eloabder-20&linkCode=osi&th=1&psc=1">View Product</a></div><div class="product"><a href="https://www.amazon.com/dp/B08V6JB9R7?tag=eloabder-20&linkCode=osi&th=1&psc=1"><img src="https://m.media-amazon.com/images/I/31PRPEffCZL._SL500_.jpg" alt="Product Image"></a><p>Frigidaire FPPWFU01 PurePour PWF-1 Water Filter 1 Count (Pack of 1)</p><p>$45.81</p><a href="https://www.amazon.com/dp/B08V6JB9R7?tag=eloabder-20&linkCode=osi&th=1&psc=1">View Product</a></div><div class="product"><a href="https://www.amazon.com/dp/B000AST3AK?tag=eloabder-20&linkCode=osi&th=1&psc=1"><img src="https://m.media-amazon.com/images/I/41DUoSxpwTS._SL500_.jpg" alt="Product Image"></a><p>GE MWF Refrigerator Water Filter | Certified to Reduce Lead, Sulfur, and 50+ Other Impurities | Replace Every 6 Months for Best Results | Pack of 1</p><p>$39.98</p><a href="https://www.amazon.com/dp/B000AST3AK?tag=eloabder-20&linkCode=osi&th=1&psc=1">View Product</a></div><div class="product"><a href="https://www.amazon.com/dp/B0CFZR7K8D?tag=eloabder-20&linkCode=osi&th=1&psc=1"><img src="https://m.media-amazon.com/images/I/31WM5sdhKLL._SL500_.jpg" alt="Product Image"></a><p>HMASAV W10295370A water filter replacement, Compatible with EDR1RXD1,EDR1RXD1B,W10295370,Filter 1,WHR1RXD1,KAD1RXD1,P4RFWB,P8RFWB2L,46-9930,46-9081 2PACK</p><p>$29.99 ($15.00 / Count)</p><a href="https://www.amazon.com/dp/B0CFZR7K8D?tag=eloabder-20&linkCode=osi&th=1&psc=1">View Product</a></div><div class="product"><a href="https://www.amazon.com/dp/B07JM9TTTT?tag=eloabder-20&linkCode=osi&th=1&psc=1"><img src="https://m.media-amazon.com/images/I/41CfAtJ8TPL._SL500_.jpg" alt="Product Image"></a><p>GLACIER FRESH LT1000PC Replacement Water Filter, Compatible with LT1000PC/PCS, LT1000PC, LT-1000PC, MDJ64844601, ADQ747935 ADQ74793504 Filter and LT120F ADQ73334008 Fresh Air (3+3)</p><p>$39.99 ($13.33 / Count)</p><a href="https://www.amazon.com/dp/B07JM9TTTT?tag=eloabder-20&linkCode=osi&th=1&psc=1">View Product</a></div><div class="product"><a href="https://www.amazon.com/dp/B003N1ZSYG?tag=eloabder-20&linkCode=osi&th=1&psc=1"><img src="https://m.media-amazon.com/images/I/31Mbrkrxu1L._SL500_.jpg" alt="Product Image"></a><p>SAMSUNG Genuine Filter for Refrigerator Water and Ice, Carbon Block Filtration for Clean, Clear Drinking Water, 6-Month Life, HAF-CIN/EXP, 1 Pack</p><p>$39.99</p><a href="https://www.amazon.com/dp/B003N1ZSYG?tag=eloabder-20&linkCode=osi&th=1&psc=1">View Product</a></div>









<div class="product"><a href="https://www.amazon.com/dp/B0B2NZ47HN?tag=eloabder-20&linkCode=osi&th=1&psc=1"><img src="https://m.media-amazon.com/images/I/41nC6c2XxJL._SL500_.jpg" alt="Product Image"></a><p>OTE Portable Sparkling Water Maker Soda Maker Machine for home with 20PCS Cylinders 450ml Personal seltzer Carbonators Electroless Double Layer PET Bottle BPA Free Double Pressure Relief Valves -Pink</p><p>$49.99</p><a href="https://www.amazon.com/dp/B0B2NZ47HN?tag=eloabder-20&linkCode=osi&th=1&psc=1">View Product</a></div><div class="product"><a href="https://www.amazon.com/dp/B09DY54L7M?tag=eloabder-20&linkCode=osi&th=1&psc=1"><img src="https://m.media-amazon.com/images/I/31LSpnm3G8L._SL500_.jpg" alt="Product Image"></a><p>MOSOLAN Bottle Cleaning Brush, 17 Inches Extra Long Handle Water Bottle Brush, Flexible Bendable Cleaner for Washing Narrow Neck Bottles, Wine Decanter, Kombucha, Pipes, Beer Brewing Supplies, 2 Pack</p><p>$11.95 ($5.98 / Count)</p><a href="https://www.amazon.com/dp/B09DY54L7M?tag=eloabder-20&linkCode=osi&th=1&psc=1">View Product</a></div><div class="product"><a href="https://www.amazon.com/dp/B0736CBNDN?tag=eloabder-20&linkCode=osi&th=1&psc=1"><img src="https://m.media-amazon.com/images/I/41tWXmwP5KL._SL500_.jpg" alt="Product Image"></a><p>#2 Filter Pads (10 Pack Bulk) Compatible with Mini Jet Machine | #2 1.8-2.5 micron | 2 Micron Filtering pads. Filter Wine Beer, Kombucha, Mead Mash. Polishing filtration| Not a Buon Vino product.</p><p>$18.99</p><a href="https://www.amazon.com/dp/B0736CBNDN?tag=eloabder-20&linkCode=osi&th=1&psc=1">View Product</a></div>









<div class="product"><a href="https://www.amazon.com/dp/B07YGN577Y?tag=eloabder-20&linkCode=osi&th=1&psc=1"><img src="https://m.media-amazon.com/images/I/31kfZiyDMUL._SL500_.jpg" alt="Product Image"></a><p>9870163 Trash Power Nut WP9870163 L8</p><p>$50.36</p><a href="https://www.amazon.com/dp/B07YGN577Y?tag=eloabder-20&linkCode=osi&th=1&psc=1">View Product</a></div>

<div class="product"><a href="https://www.amazon.com/dp/B0CWQLM4C7?tag=eloabder-20&linkCode=osi&th=1&psc=1"><img src="https://m.media-amazon.com/images/I/41gTEIOjtlL._SL500_.jpg" alt="Product Image"></a><p>7" Seven Seconds Lazy Kitchen Food Making Tools - Multifunctional Fruit Vegetable Chopper Quick Garlic Peeling Machine Convenient Food Chopper for Slicing,Juice,Grinding</p><p>$32.99</p><a href="https://www.amazon.com/dp/B0CWQLM4C7?tag=eloabder-20&linkCode=osi&th=1&psc=1">View Product</a></div>

















<div class="product"><a href="https://www.amazon.com/dp/B00UTFZAII?tag=eloabder-20&linkCode=osi&th=1&psc=1"><img src="https://m.media-amazon.com/images/I/31z7hZ6KbXL._SL500_.jpg" alt="Product Image"></a><p>Miele 10123210 AirClean 3D Efficiency Dust Bag, Type GN, 4 Bags & 2 Filters, White</p><p>$21.86 ($21.86 / Count)</p><a href="https://www.amazon.com/dp/B00UTFZAII?tag=eloabder-20&linkCode=osi&th=1&psc=1">View Product</a></div><div class="product"><a href="https://www.amazon.com/dp/B07WHG6J5S?tag=eloabder-20&linkCode=osi&th=1&psc=1"><img src="https://m.media-amazon.com/images/I/41hnaEOxB9L._SL500_.jpg" alt="Product Image"></a><p>KEEPOW Vacuum Filters for Eureka, Power Speed Vacuum Filters Replacement for Eureka NEU182A, NEU182B, NEU280, NEU180, NEU181, NEU188, NEU202 Bagless Upright Vacuum Cleaner, Part E0202 (4 Pack)</p><p>$9.99 ($2.50 / Count)</p><a href="https://www.amazon.com/dp/B07WHG6J5S?tag=eloabder-20&linkCode=osi&th=1&psc=1">View Product</a></div><div class="product"><a href="https://www.amazon.com/dp/B00UTFZB82?tag=eloabder-20&linkCode=osi&th=1&psc=1"><img src="https://m.media-amazon.com/images/I/41WdlL5T0dL._SL500_.jpg" alt="Product Image"></a><p>Miele AirClean 3D Efficiency Dust Bag, Type FJM, 4 Bags & 2 Filters, White</p><p>$18.99</p><a href="https://www.amazon.com/dp/B00UTFZB82?tag=eloabder-20&linkCode=osi&th=1&psc=1">View Product</a></div><div class="product"><a href="https://www.amazon.com/dp/B09NKP346M?tag=eloabder-20&linkCode=osi&th=1&psc=1"><img src="https://m.media-amazon.com/images/I/41o25nqkODL._SL500_.jpg" alt="Product Image"></a><p>Anewise 6 Pack Filter Replacement for Bissell Powerforce Compact Lightweight Upright 2112 1520 for Bissel Turbo Bagless 2690 Cleanview 3437 3508 Vacuum Cleaner, Compare to Parts #1604896/160-4896</p><p>$12.99</p><a href="https://www.amazon.com/dp/B09NKP346M?tag=eloabder-20&linkCode=osi&th=1&psc=1">View Product</a></div><div class="product"><a href="https://www.amazon.com/dp/B01MQ5NITB?tag=eloabder-20&linkCode=osi&th=1&psc=1"><img src="https://m.media-amazon.com/images/I/41J6lG4H1bL._SL500_.jpg" alt="Product Image"></a><p>Bissell Style 7 3 Pack Vacuum Cleaner Bags, White, 3 Count</p><p>$8.69 ($2.90 / Count)</p><a href="https://www.amazon.com/dp/B01MQ5NITB?tag=eloabder-20&linkCode=osi&th=1&psc=1">View Product</a></div><div class="product"><a href="https://www.amazon.com/dp/B0CDH1JY5D?tag=eloabder-20&linkCode=osi&th=1&psc=1"><img src="https://m.media-amazon.com/images/I/516DPXu4siL._SL500_.jpg" alt="Product Image"></a><p>4 Pack Replacement Filters Compatiable with Wyze Cordless Vacuum Cleaner, Removable and Washable HEPA Filter Accessories Part Set with 1 Cleaning Brush for Wyze Handheld Cordless Vacuum Cleaner</p><p>$15.99 ($4.00 / Count)</p><a href="https://www.amazon.com/dp/B0CDH1JY5D?tag=eloabder-20&linkCode=osi&th=1&psc=1">View Product</a></div><div class="product"><a href="https://www.amazon.com/dp/B07P3WB37F?tag=eloabder-20&linkCode=osi&th=1&psc=1"><img src="https://m.media-amazon.com/images/I/51WaYrkiVXL._SL500_.jpg" alt="Product Image"></a><p>Miele AirClean 3D Efficiency Dust Bag, Type GN, XL Value Pack, 8 Bags and 4 Filters</p><p>$36.99</p><a href="https://www.amazon.com/dp/B07P3WB37F?tag=eloabder-20&linkCode=osi&th=1&psc=1">View Product</a></div><div class="product"><a href="https://www.amazon.com/dp/B09DSY4Z2T?tag=eloabder-20&linkCode=osi&th=1&psc=1"><img src="https://m.media-amazon.com/images/I/51+ref3EeAL._SL500_.jpg" alt="Product Image"></a><p>Filter Replacement for Tineco A10 A11 Hero A10/A11 Master PURE ONE S11 Series, S12, X Cordless Vacuum Cleaner (3 PACK) â€¦</p><p>$12.99 ($4.33 / Count)</p><a href="https://www.amazon.com/dp/B09DSY4Z2T?tag=eloabder-20&linkCode=osi&th=1&psc=1">View Product</a></div>


<div class="product"><a href="https://www.amazon.com/dp/B0BXRR5QFV?tag=eloabder-20&linkCode=osi&th=1&psc=1"><img src="https://m.media-amazon.com/images/I/41sjdBkCp8L._SL500_.jpg" alt="Product Image"></a><p>AC Infinity CLOUDFORGE T7, Plant Humidifier 15L with VPD Humidity Controls, 10-Level Precision Vaporizer, Extendable Hose, Targeting Pipe, and No-Leak Seal for Grow Tents</p><p>$159.00</p><a href="https://www.amazon.com/dp/B0BXRR5QFV?tag=eloabder-20&linkCode=osi&th=1&psc=1">View Product</a></div><div class="product"><a href="https://www.amazon.com/dp/B01N6MV8SA?tag=eloabder-20&linkCode=osi&th=1&psc=1"><img src="https://m.media-amazon.com/images/I/41hX08+W1xL._SL500_.jpg" alt="Product Image"></a><p>Protec Humidifier Tank Cleaner, 1 Count - Colors May Vary</p><p>$5.98</p><a href="https://www.amazon.com/dp/B01N6MV8SA?tag=eloabder-20&linkCode=osi&th=1&psc=1">View Product</a></div><div class="product"><a href="https://www.amazon.com/dp/B07GXBTH82?tag=eloabder-20&linkCode=osi&th=1&psc=1"><img src="https://m.media-amazon.com/images/I/41ibxK12JPL._SL500_.jpg" alt="Product Image"></a><p>Essick Air 1970-2 Humidifier, 2-Quart Bacteriostatic Treatment, 2 Pack, Clear, 2</p><p>$22.99</p><a href="https://www.amazon.com/dp/B07GXBTH82?tag=eloabder-20&linkCode=osi&th=1&psc=1">View Product</a></div><div class="product"><a href="https://www.amazon.com/dp/B08TTT3K9B?tag=eloabder-20&linkCode=osi&th=1&psc=1"><img src="https://m.media-amazon.com/images/I/41U6j9SexmL._SL500_.jpg" alt="Product Image"></a><p>Leemone Humidifier Cleaner 12 Pack, Demineralization Cleaning Ball, Works in All humidifiers and Fish Tanks, Purifies Water, Prevents Hard Water Build-Up, Eliminates White Dust and Odor</p><p>$14.44</p><a href="https://www.amazon.com/dp/B08TTT3K9B?tag=eloabder-20&linkCode=osi&th=1&psc=1">View Product</a></div>
<div class="product"><a href="https://www.amazon.com/dp/B07YD4XCT3?tag=eloabder-20&linkCode=osi&th=1&psc=1"><img src="https://m.media-amazon.com/images/I/41hR81iKyJL._SL500_.jpg" alt="Product Image"></a><p>Vacplus Moisture Absorber Packets, Fragrance Free(10 Pack), Humidity Packs, Hanging Closet Dehumidifier Bags, Desiccant 9.8OZ</p><p>$21.99</p><a href="https://www.amazon.com/dp/B07YD4XCT3?tag=eloabder-20&linkCode=osi&th=1&psc=1">View Product</a></div><div class="product"><a href="https://www.amazon.com/dp/B09LQF5V5K?tag=eloabder-20&linkCode=osi&th=1&psc=1"><img src="https://m.media-amazon.com/images/I/51Cx5ECAotL._SL500_.jpg" alt="Product Image"></a><p>CLEVAST Moisture Absorbers Packets 10 Pack, Dehumidifier Bags for Closet, Unscented Hanging Humidity Absorber in Wardrobes, Bedrooms, Bathrooms(230g/pack)</p><p>$16.98</p><a href="https://www.amazon.com/dp/B09LQF5V5K?tag=eloabder-20&linkCode=osi&th=1&psc=1">View Product</a></div><div class="product"><a href="https://www.amazon.com/dp/B0B8L9QRW8?tag=eloabder-20&linkCode=osi&th=1&psc=1"><img src="https://m.media-amazon.com/images/I/518LgtpPi8L._SL500_.jpg" alt="Product Image"></a><p>Arm & Hammer Essentials Disposable Moisture Absorber and Odor Eliminator Tub, Fragrance Free, 1 lb, 3-Pack, Attracts and Traps Excess Moisture, Ideal Closet Dehumidifier, White</p><p>$24.94 ($0.52 / Ounce)</p><a href="https://www.amazon.com/dp/B0B8L9QRW8?tag=eloabder-20&linkCode=osi&th=1&psc=1">View Product</a></div><div class="product"><a href="https://www.amazon.com/dp/B09W9TPJGZ?tag=eloabder-20&linkCode=osi&th=1&psc=1"><img src="https://m.media-amazon.com/images/I/51pVTVMwHbL._SL500_.jpg" alt="Product Image"></a><p>THECOSKY Dehumidifier and Air Purifier Combo,HEPA H13 Filter and Negative Air Ion Function,54oz(1.6L) Water Tank with Drain Hose,24hrs Auto-Off Timer,Idea for Bedroom,Bathroom,Closet,RV</p><p>$109.99</p><a href="https://www.amazon.com/dp/B09W9TPJGZ?tag=eloabder-20&linkCode=osi&th=1&psc=1">View Product</a></div><div class="product"><a href="https://www.amazon.com/dp/B0CXDG65LZ?tag=eloabder-20&linkCode=osi&th=1&psc=1"><img src="https://m.media-amazon.com/images/I/41HNflmbKHL._SL500_.jpg" alt="Product Image"></a><p>14 x 17.5 x1.75 MERV 13 Replacement Dehumidifier Filter Compatible with Santa Fe Advance90, Advance100, Advance120, Honeywell DR90 & DR120 dehumidifier models, 2 Pack</p><p>$42.99</p><a href="https://www.amazon.com/dp/B0CXDG65LZ?tag=eloabder-20&linkCode=osi&th=1&psc=1">View Product</a></div>
<div class="product"><a href="https://www.amazon.com/dp/B088B921NQ?tag=eloabder-20&linkCode=osi&th=1&psc=1"><img src="https://m.media-amazon.com/images/I/612e4cT3RYL._SL500_.jpg" alt="Product Image"></a><p>ULTTY H13 HEPA Replacement Filter with Medical Coating, True HEPA Filter For R021/ R020 Purifying Fan, Medium</p><p>$29.99</p><a href="https://www.amazon.com/dp/B088B921NQ?tag=eloabder-20&linkCode=osi&th=1&psc=1">View Product</a></div><div class="product"><a href="https://www.amazon.com/dp/B0D2MZ4Y7Z?tag=eloabder-20&linkCode=osi&th=1&psc=1"><img src="https://m.media-amazon.com/images/I/51KgTHizWyL._SL500_.jpg" alt="Product Image"></a><p>Butto 5-Pack Ceiling Fan Filters for Blades - Strong Adhesive Ceiling Fan Filters for Common Household Contaminants - Unscented Coconut Carbon Fan Air Purifier Pads to Make Air Fresh and Natural</p><p>$9.98</p><a href="https://www.amazon.com/dp/B0D2MZ4Y7Z?tag=eloabder-20&linkCode=osi&th=1&psc=1">View Product</a></div><div class="product"><a href="https://www.amazon.com/dp/B0C42HCM21?tag=eloabder-20&linkCode=osi&th=1&psc=1"><img src="https://m.media-amazon.com/images/I/31jk3lpoygL._SL500_.jpg" alt="Product Image"></a><p>Barnakl Ceiling Fan Filters | Activated Coconut Shell Carbon Filter | Easy-Stick Universal Ceiling Fan Air Filters | Unscented Ceiling Fan Blade Filters for Common Household Contaminants, (3-Count)</p><p>$19.99 ($6.66 / Count)</p><a href="https://www.amazon.com/dp/B0C42HCM21?tag=eloabder-20&linkCode=osi&th=1&psc=1">View Product</a></div>
<div class="product"><a href="https://www.amazon.com/dp/B08LZWP29P?tag=eloabder-20&linkCode=osi&th=1&psc=1"><img src="https://m.media-amazon.com/images/I/41NLuzzFW9L._SL500_.jpg" alt="Product Image"></a><p>Chromex Tankless Water Heater Descaling Solution | Highly Effective Descaler Restores Heating Efficiency, Quart, 32 fl oz (1)</p><p>$26.99</p><a href="https://www.amazon.com/dp/B08LZWP29P?tag=eloabder-20&linkCode=osi&th=1&psc=1">View Product</a></div>

<div class="product"><a href="https://www.amazon.com/dp/B005UO4OWQ?tag=eloabder-20&linkCode=osi&th=1&psc=1"><img src="https://m.media-amazon.com/images/I/41oQPKFofoL._SL500_.jpg" alt="Product Image"></a><p>Bissell 203-7458 Brushroll, Bg10/86T3, Black</p><p>$21.26 ($21.26 / Count)</p><a href="https://www.amazon.com/dp/B005UO4OWQ?tag=eloabder-20&linkCode=osi&th=1&psc=1">View Product</a></div>





















<div class="product"><a href="https://www.amazon.com/dp/B0014J7FUY?tag=eloabder-20&linkCode=osi&th=1&psc=1"><img src="https://m.media-amazon.com/images/I/31QrM+IPxOL._SL500_.jpg" alt="Product Image"></a><p>Urnex Grindz Professional Coffee Grinder Cleaning Tablets - 430 Grams - All Natural Food Safe Gluten Free - Cleans Burr and Casing - Help Extend Life of Your Grinder</p><p>$25.99 ($1.71 / Ounce)</p><a href="https://www.amazon.com/dp/B0014J7FUY?tag=eloabder-20&linkCode=osi&th=1&psc=1">View Product</a></div>



<div class="product"><a href="https://www.amazon.com/dp/B0CHW317SG?tag=eloabder-20&linkCode=osi&th=1&psc=1"><img src="https://m.media-amazon.com/images/I/41Qd5Iu3qBL._SL500_.jpg" alt="Product Image"></a><p>EUHOMY 55 Can Beverage Refrigerator cooler-Mini Fridge Glass Door for Beer Drinks Wines, Freestanding Beverage Fridge with Adjustable Shelves Blue LED for Home/Office/Dorm/Bar (1.3cu.ft)</p><p>$128.99</p><a href="https://www.amazon.com/dp/B0CHW317SG?tag=eloabder-20&linkCode=osi&th=1&psc=1">View Product</a></div>

<div class="product"><a href="https://www.amazon.com/dp/B099CN2MRK?tag=eloabder-20&linkCode=osi&th=1&psc=1"><img src="https://m.media-amazon.com/images/I/31CvUCIUX5L._SL500_.jpg" alt="Product Image"></a><p>Genuine PuroAir 240 Replacement Filter - Replacement HEPA Filter for PuroAir 240 Purifier - Captures up to 99% of Pollen, Smoke, Pollen, Dust and Common Household Pollutants</p><p>$48.00</p><a href="https://www.amazon.com/dp/B099CN2MRK?tag=eloabder-20&linkCode=osi&th=1&psc=1">View Product</a></div><div class="product"><a href="https://www.amazon.com/dp/B0055521W0?tag=eloabder-20&linkCode=osi&th=1&psc=1"><img src="https://m.media-amazon.com/images/I/41Hs7ixdyXL._SL500_.jpg" alt="Product Image"></a><p>GermGuardian Filter B HEPA Pure Genuine Air Purifier Replacement Filter, Removes 99.97% of Pollutants for AC4825, AC4300, AC4900, AC4825DLX, AC4850, CDAP4500, AP2200, Black/Yellow, FLT4825</p><p>$17.90 ($17.90 / Count)</p><a href="https://www.amazon.com/dp/B0055521W0?tag=eloabder-20&linkCode=osi&th=1&psc=1">View Product</a></div><div class="product"><a href="https://www.amazon.com/dp/B0BNMYKZPV?tag=eloabder-20&linkCode=osi&th=1&psc=1"><img src="https://m.media-amazon.com/images/I/41-K3mB6KkL._SL500_.jpg" alt="Product Image"></a><p>2 Pack True HEPA KILO Filter Compatible with Afloia KILO, KILOPLUS, KILOPRO, MIRO,MIRO PRO and MORENTO MR-Kilo, Kalo Air Purifier, 360Â° 3-Stage Filtration</p><p>$34.99 ($17.50 / Count)</p><a href="https://www.amazon.com/dp/B0BNMYKZPV?tag=eloabder-20&linkCode=osi&th=1&psc=1">View Product</a></div><div class="product"><a href="https://www.amazon.com/dp/B0D3M4Y9W7?tag=eloabder-20&linkCode=osi&th=1&psc=1"><img src="https://m.media-amazon.com/images/I/41tzW+mkZuL._SL500_.jpg" alt="Product Image"></a><p>Breshair 14 True HEPA Filter Replacement Compatible with PuroAir 240 Air Purifier, 3-in-1 Filtration System with Activated Carbon Filter, 2-Pack</p><p>$31.56 ($15.78 / Count)</p><a href="https://www.amazon.com/dp/B0D3M4Y9W7?tag=eloabder-20&linkCode=osi&th=1&psc=1">View Product</a></div><div class="product"><a href="https://www.amazon.com/dp/B0CB18MVX6?tag=eloabder-20&linkCode=osi&th=1&psc=1"><img src="https://m.media-amazon.com/images/I/519ZmmLOrzL._SL500_.jpg" alt="Product Image"></a><p>2 Pack 3-in-1 H13 True HEPA Replacement Filter Compatible with Pure Enrichment PureZone Air Purifier Part# PEAIRPLG</p><p>$23.99 ($12.00 / Count)</p><a href="https://www.amazon.com/dp/B0CB18MVX6?tag=eloabder-20&linkCode=osi&th=1&psc=1">View Product</a></div><div class="product"><a href="https://www.amazon.com/dp/B08JTZMRML?tag=eloabder-20&linkCode=osi&th=1&psc=1"><img src="https://m.media-amazon.com/images/I/51yx60sCjHL._SL500_.jpg" alt="Product Image"></a><p>6 Pack HPA300 HEPA Filter Replacement for Honeywell HPA300 Series Air Purifiers HPA300, HPA300VP, HPA304, HPA3300, Replace HRF-R3 (6 Ture HEPA R Replacement Filter + 8 Activated Carbon Pre-Filter)</p><p>$47.99 ($3.43 / Count)</p><a href="https://www.amazon.com/dp/B08JTZMRML?tag=eloabder-20&linkCode=osi&th=1&psc=1">View Product</a></div><div class="product"><a href="https://www.amazon.com/dp/B0CF1GLSYS?tag=eloabder-20&linkCode=osi&th=1&psc=1"><img src="https://m.media-amazon.com/images/I/41709EXRzXL._SL500_.jpg" alt="Product Image"></a><p>CHIVALZ 4 Pack HY4866 True HEPA Replacement Filters Compatible with MORENTO HY4866 Air Purifier, WESTHEY HY4866 Air Purifier and YIOU M1 Air Cleaner Purifier, Original Version</p><p>$39.99 ($10.00 / Count)</p><a href="https://www.amazon.com/dp/B0CF1GLSYS?tag=eloabder-20&linkCode=osi&th=1&psc=1">View Product</a></div>







<div class="product"><a href="https://www.amazon.com/dp/B0CYKMFKR9?tag=eloabder-20&linkCode=osi&th=1&psc=1"><img src="https://m.media-amazon.com/images/I/316zU-ozoxL._SL500_.jpg" alt="Product Image"></a><p>Air Purifier Replacement Filter for Space Heater Bladeless Fan</p><p>$29.99</p><a href="https://www.amazon.com/dp/B0CYKMFKR9?tag=eloabder-20&linkCode=osi&th=1&psc=1">View Product</a></div>
<div class="product"><a href="https://www.amazon.com/dp/B07MRH6VY7?tag=eloabder-20&linkCode=osi&th=1&psc=1"><img src="https://m.media-amazon.com/images/I/51g-nuN4A5L._SL500_.jpg" alt="Product Image"></a><p>Colorfullife Replacement Air Purifier Filter for Dyson Tower Purifier Pure Cool Link TP01, TP02, TP03, BP01, Compare to Part 968126-03ï¼Œ2 Pack</p><p>$26.99</p><a href="https://www.amazon.com/dp/B07MRH6VY7?tag=eloabder-20&linkCode=osi&th=1&psc=1">View Product</a></div><div class="product"><a href="https://www.amazon.com/dp/B07TX5SW7J?tag=eloabder-20&linkCode=osi&th=1&psc=1"><img src="https://m.media-amazon.com/images/I/512Kn+cPglL._SL500_.jpg" alt="Product Image"></a><p>TP01 HEPA Filter Replacement Compatible with Dyson Tower Purifier Pure Cool Link TP01, TP02, TP03, AM11, BP01 Models, Compare to Part # 968126-03 (Pack of 2)</p><p>$27.95 ($13.98 / Count)</p><a href="https://www.amazon.com/dp/B07TX5SW7J?tag=eloabder-20&linkCode=osi&th=1&psc=1">View Product</a></div><div class="product"><a href="https://www.amazon.com/dp/B0CC24GZGB?tag=eloabder-20&linkCode=osi&th=1&psc=1"><img src="https://m.media-amazon.com/images/I/41woNpZ9VgL._SL500_.jpg" alt="Product Image"></a><p>TP01 TP02 Filter Compatible with Dyson Pure Cool Link Purifying Tower Fan TP00 TP03 AM11 and Cool Me BP01 Personal Series, 360Â° Air Purifier Filter Replacement 968126-03, 1-Pack</p><p>$25.99</p><a href="https://www.amazon.com/dp/B0CC24GZGB?tag=eloabder-20&linkCode=osi&th=1&psc=1">View Product</a></div><div class="product"><a href="https://www.amazon.com/dp/B0CX23N2JJ?tag=eloabder-20&linkCode=osi&th=1&psc=1"><img src="https://m.media-amazon.com/images/I/3145hmd5j7L._SL500_.jpg" alt="Product Image"></a><p>Dreo Air Purifiers Replacement Filter, HEPA Filter for Dreo Purifier Tower Fan MC710S, with 2 Stage Filtration, Black, Standard(DR-HPA019)</p><p>$39.99</p><a href="https://www.amazon.com/dp/B0CX23N2JJ?tag=eloabder-20&linkCode=osi&th=1&psc=1">View Product</a></div>










<div class="product"><a href="https://www.amazon.com/dp/B001U0OJ7O?tag=eloabder-20&linkCode=osi&th=1&psc=1"><img src="https://m.media-amazon.com/images/I/41XEg3QV-wL._SL500_.jpg" alt="Product Image"></a><p>Whirlpool W10165294RB 15-Inch Plastic Trash Compactor ct, 60 Bags, Count</p><p>$48.34</p><a href="https://www.amazon.com/dp/B001U0OJ7O?tag=eloabder-20&linkCode=osi&th=1&psc=1">View Product</a></div><div class="product"><a href="https://www.amazon.com/dp/B0CC3V4ZZ4?tag=eloabder-20&linkCode=osi&th=1&psc=1"><img src="https://m.media-amazon.com/images/I/31bbvodHnjL._SL500_.jpg" alt="Product Image"></a><p>Waste Smasher- Hand-Held Manual Trash Compactor Dishwasher Safe Black</p><p>$24.95</p><a href="https://www.amazon.com/dp/B0CC3V4ZZ4?tag=eloabder-20&linkCode=osi&th=1&psc=1">View Product</a></div><div class="product"><a href="https://www.amazon.com/dp/B00IYO5914?tag=eloabder-20&linkCode=osi&th=1&psc=1"><img src="https://m.media-amazon.com/images/I/51SLpTXIYNL._SL500_.jpg" alt="Product Image"></a><p>Kitchen Master Super Strong Compactor Bags Pre Cuffed (12 Pack)</p><p>$34.95</p><a href="https://www.amazon.com/dp/B00IYO5914?tag=eloabder-20&linkCode=osi&th=1&psc=1">View Product</a></div><div class="product"><a href="https://www.amazon.com/dp/B075DJ4ZVQ?tag=eloabder-20&linkCode=osi&th=1&psc=1"><img src="https://m.media-amazon.com/images/I/51Vaek4I89L._SL500_.jpg" alt="Product Image"></a><p>Dano Pre-Cuffed Compactor Bags</p><p>$32.95 ($2.75 / Count)</p><a href="https://www.amazon.com/dp/B075DJ4ZVQ?tag=eloabder-20&linkCode=osi&th=1&psc=1">View Product</a></div><div class="product"><a href="https://www.amazon.com/dp/B0C2DCVCBJ?tag=eloabder-20&linkCode=osi&th=1&psc=1"><img src="https://m.media-amazon.com/images/I/51072CtaKuL._SL500_.jpg" alt="Product Image"></a><p>60-pack W10165294RB Trash Compactor Bags - leak-proof trash compactor bags for kitchen 60-ct 15 inches - Fits 15-inch Rectangular Drawer Compactors</p><p>$45.99 ($0.77 / Count)</p><a href="https://www.amazon.com/dp/B0C2DCVCBJ?tag=eloabder-20&linkCode=osi&th=1&psc=1">View Product</a></div><div class="product"><a href="https://www.amazon.com/dp/B001U0OJ7E?tag=eloabder-20&linkCode=osi&th=1&psc=1"><img src="https://m.media-amazon.com/images/I/41c0z26RyvL._SL500_.jpg" alt="Product Image"></a><p>Whirlpool W10165293RB Genuine OEM 60 Pack-Plastic Compactor Bags-18" Models â€“ 1394369, 4178058, 4318932, 4318933, 4318935, 4318937, 4318939, AH1964576, EA1964576, PS1964576</p><p>$48.64 ($0.81 / Count)</p><a href="https://www.amazon.com/dp/B001U0OJ7E?tag=eloabder-20&linkCode=osi&th=1&psc=1">View Product</a></div><div class="product"><a href="https://www.amazon.com/dp/B00W27J16S?tag=eloabder-20&linkCode=osi&th=1&psc=1"><img src="https://m.media-amazon.com/images/I/41RaOjAGlrL._SL500_.jpg" alt="Product Image"></a><p>Compactor Bags Pre Cuffed (50 Pack)</p><p>$84.95 ($1.70 / count)</p><a href="https://www.amazon.com/dp/B00W27J16S?tag=eloabder-20&linkCode=osi&th=1&psc=1">View Product</a></div><div class="product"><a href="https://www.amazon.com/dp/B00MOCYY2W?tag=eloabder-20&linkCode=osi&th=1&psc=1"><img src="https://m.media-amazon.com/images/I/41SH8mDsAnL._SL500_.jpg" alt="Product Image"></a><p>GE WX60X1 Genuine OEM Universal Trash Compactor Bags for GE Trash Compactors</p><p>$19.00</p><a href="https://www.amazon.com/dp/B00MOCYY2W?tag=eloabder-20&linkCode=osi&th=1&psc=1">View Product</a></div><div class="product"><a href="https://www.amazon.com/dp/B0D7SFSTNG?tag=eloabder-20&linkCode=osi&th=1&psc=1"><img src="https://m.media-amazon.com/images/I/41szt9tZJPL._SL500_.jpg" alt="Product Image"></a><p>4PCS Trash Compactor Charcoal Air Filter Fit for Whirlpool/KitchenAid/Maytag/Jenn-Air/Amana/Inglis/Magic Chef Trash Compactor, Replaces 4151750 554358 WP4151750 AP6009134 PS11742279</p><p>$23.59 ($5.90 / Count)</p><a href="https://www.amazon.com/dp/B0D7SFSTNG?tag=eloabder-20&linkCode=osi&th=1&psc=1">View Product</a></div>
<div class="product"><a href="https://www.amazon.com/dp/B0CGLX5ZB9?tag=eloabder-20&linkCode=osi&th=1&psc=1"><img src="https://m.media-amazon.com/images/I/51qeRZQS98L._SL500_.jpg" alt="Product Image"></a><p>Spare Replacement Parts Compatible with MAMNV BR150 BR151, ZCWA BR150 BR151, MANVINS G20 Robot Vacuum and Mop Combo Accessories Include: 3 Hepa Filters 3 Mop Pads 6 Side Spin Brushes</p><p>$9.98</p><a href="https://www.amazon.com/dp/B0CGLX5ZB9?tag=eloabder-20&linkCode=osi&th=1&psc=1">View Product</a></div><div class="product"><a href="https://www.amazon.com/dp/B0B28DGZBG?tag=eloabder-20&linkCode=osi&th=1&psc=1"><img src="https://m.media-amazon.com/images/I/51ooMN4RqML._SL500_.jpg" alt="Product Image"></a><p>Replacement Parts for Shark AI AV2511AE AV2501S AV2610WA AV2501AE RV2502AE RV2610WA RV2520 AV2510 2-In-1 AI Ultra Robot Vacuum Cleaner Accessories Kits. Main Brush, HEPA Filter, Foam Filter,Side Brush</p><p>$19.99 ($1.05 / Count)</p><a href="https://www.amazon.com/dp/B0B28DGZBG?tag=eloabder-20&linkCode=osi&th=1&psc=1">View Product</a></div><div class="product"><a href="https://www.amazon.com/dp/B0782T7L6P?tag=eloabder-20&linkCode=osi&th=1&psc=1"><img src="https://m.media-amazon.com/images/I/41hTVkuzMJL._SL500_.jpg" alt="Product Image"></a><p>10pcs HEPA Filters Replacement for ILIFE V3s V3s pro V5 V5s V5s Pro V5s Pro 2 V5s Plus Noisz S5 Robotic Vacuum Cleaner ILIFE V3s pro Filters ILIFE Robot Vacuum Filter</p><p>$9.80 ($0.98 / Count)</p><a href="https://www.amazon.com/dp/B0782T7L6P?tag=eloabder-20&linkCode=osi&th=1&psc=1">View Product</a></div><div class="product"><a href="https://www.amazon.com/dp/B0CXLVHTTC?tag=eloabder-20&linkCode=osi&th=1&psc=1"><img src="https://m.media-amazon.com/images/I/51BT3phYzKL._SL500_.jpg" alt="Product Image"></a><p>HUIZHEN Spare Accessories for MAMNV BR150/BR151, for ZCWA BR150/BR151, for MANVINS G20,for GTTVO BR150/BR151,for ONSON BR150/BR151 Robot Vacuum Replacement Parts,6 Side Brush,4 HEPA Filters,4 Mop Pads</p><p>$9.99</p><a href="https://www.amazon.com/dp/B0CXLVHTTC?tag=eloabder-20&linkCode=osi&th=1&psc=1">View Product</a></div><div class="product"><a href="https://www.amazon.com/dp/B08RYDDQL8?tag=eloabder-20&linkCode=osi&th=1&psc=1"><img src="https://m.media-amazon.com/images/I/314Xd7+oBXL._SL500_.jpg" alt="Product Image"></a><p>AirClean 4 Pack 3.7" High Replacement Base Pre-Motor Foam Filters Compatible with Shark IQ Robot Vacuum R101AE RV1001AE UR1005AE Self-Empty Base</p><p>$12.99 ($3.25 / Count)</p><a href="https://www.amazon.com/dp/B08RYDDQL8?tag=eloabder-20&linkCode=osi&th=1&psc=1">View Product</a></div><div class="product"><a href="https://www.amazon.com/dp/B0CJLHJ557?tag=eloabder-20&linkCode=osi&th=1&psc=1"><img src="https://m.media-amazon.com/images/I/41iQm8hUjiL._SL500_.jpg" alt="Product Image"></a><p>Replacement Parts Compatible with WYZE Robot Vacuum Cleaner WVCR200S Accessories, 2 Main Brushes, 6 Hepa Filters, 8 Side Brushes Attachment Spare Pack</p><p>$14.99 ($0.94 / Count)</p><a href="https://www.amazon.com/dp/B0CJLHJ557?tag=eloabder-20&linkCode=osi&th=1&psc=1">View Product</a></div>
<div class="product"><a href="https://www.amazon.com/dp/B0C4595Q8P?tag=eloabder-20&linkCode=osi&th=1&psc=1"><img src="https://m.media-amazon.com/images/I/51k23SAtRxL._SL500_.jpg" alt="Product Image"></a><p>4 Pack FSV001 HEPA Filter Compatiable with Fabuletta FSV101, FSV001, Girnoor G160&G165, Afoddon A300, Lubluelu 202, Oraimo Cordless Vacuum Cleaner, Besswin W26 Cordless Stick Vacuum Cleaners</p><p>$15.99 ($4.00 / Count)</p><a href="https://www.amazon.com/dp/B0C4595Q8P?tag=eloabder-20&linkCode=osi&th=1&psc=1">View Product</a></div>
<div class="product"><a href="https://www.amazon.com/dp/B0BNKJX96X?tag=eloabder-20&linkCode=osi&th=1&psc=1"><img src="https://m.media-amazon.com/images/I/41OPeLFppoL._SL500_.jpg" alt="Product Image"></a><p>6 PACK 2033 Replacement Filter Compatible with Bissell Featherweight Stick Lightweight Bagless Vacuum Cleaner 20331, 20333, 20334, 20336, 20339, 2033M,6 Mesh Filter 6 Foam Filters, Replace # 1611508</p><p>$14.99 ($2.50 / Count)</p><a href="https://www.amazon.com/dp/B0BNKJX96X?tag=eloabder-20&linkCode=osi&th=1&psc=1">View Product</a></div><div class="product"><a href="https://www.amazon.com/dp/B0CMBWLTSM?tag=eloabder-20&linkCode=osi&th=1&psc=1"><img src="https://m.media-amazon.com/images/I/41PHqKaLTDL._SL500_.jpg" alt="Product Image"></a><p>18V ONE + Cordless Pet Stick Vacuum Filter for Ryobi, PCL720, PBLSV716, PBLSV717 Stick Vacuum, Reusable Washable Filters, Compare to Part A32SV720N, 6 Pack</p><p>$15.99 ($2.66 / Count)</p><a href="https://www.amazon.com/dp/B0CMBWLTSM?tag=eloabder-20&linkCode=osi&th=1&psc=1">View Product</a></div><div class="product"><a href="https://www.amazon.com/dp/B0CXDYWWT9?tag=eloabder-20&linkCode=osi&th=1&psc=1"><img src="https://m.media-amazon.com/images/I/41F1csTT8jL._SL500_.jpg" alt="Product Image"></a><p>2 Replacement Filters for Craftsman V20 Cordless Stick Vacuum CMCVS001D1, for Black Decker BSVF1 BSV2020 BSV2020G BSV2020P Cordless Stick Vacuum Cleaner with 1 Cleaning Brush</p><p>$14.99</p><a href="https://www.amazon.com/dp/B0CXDYWWT9?tag=eloabder-20&linkCode=osi&th=1&psc=1">View Product</a></div><div class="product"><a href="https://www.amazon.com/dp/B0CCJ5N5DH?tag=eloabder-20&linkCode=osi&th=1&psc=1"><img src="https://m.media-amazon.com/images/I/41xmhDPqk8L._SL500_.jpg" alt="Product Image"></a><p>Aolleteau 1 Pack Brush Roller Compatible with Black + Decker BSV2020, BSV2020P, BSV2020G Powerseries Extreme Cordless Stick Vacuum and Compatible with Craftsman V20 Cordless Stick Vacuum CMCVS001D1</p><p>$17.99</p><a href="https://www.amazon.com/dp/B0CCJ5N5DH?tag=eloabder-20&linkCode=osi&th=1&psc=1">View Product</a></div><div class="product"><a href="https://www.amazon.com/dp/B0CQY61LFD?tag=eloabder-20&linkCode=osi&th=1&psc=1"><img src="https://m.media-amazon.com/images/I/31swBBC444L._SL500_.jpg" alt="Product Image"></a><p>Tablenco for Shark HZ602 Filter Replacement Ultralight Pet Pro Corded Stick Vacuum and HZ2002 Vertex DuoClean PowerFins fit HZ2000 HZ251 HZ250 HH200 HH202,4 Foam Felt 4 Motor Kit (No cleaning brush)</p><p>$9.98</p><a href="https://www.amazon.com/dp/B0CQY61LFD?tag=eloabder-20&linkCode=osi&th=1&psc=1">View Product</a></div><div class="product"><a href="https://www.amazon.com/dp/B09Q55KW8W?tag=eloabder-20&linkCode=osi&th=1&psc=1"><img src="https://m.media-amazon.com/images/I/51MKsJy6nSL._SL500_.jpg" alt="Product Image"></a><p>Anicell 2033 Featherweight Filter for Bissell Featherweight Stick Lightweight Bagless Vacuum 20331 20333 20334 20336 20339 2033M, 4 Mesh Filters 6 Foam Filters Replacement, Replace part# 1611508</p><p>$11.99</p><a href="https://www.amazon.com/dp/B09Q55KW8W?tag=eloabder-20&linkCode=osi&th=1&psc=1">View Product</a></div><div class="product"><a href="https://www.amazon.com/dp/B0CDVG7LHD?tag=eloabder-20&linkCode=osi&th=1&psc=1"><img src="https://m.media-amazon.com/images/I/41hjN1Te6sL._SL500_.jpg" alt="Product Image"></a><p>Moreffi 3 Pack Filter Replacement For HART Cordless Stick Vacuum HPSV01 and HPSV50, Compare to Part Number HASV01</p><p>$19.99 ($6.66 / Count)</p><a href="https://www.amazon.com/dp/B0CDVG7LHD?tag=eloabder-20&linkCode=osi&th=1&psc=1">View Product</a></div>
<div class="product"><a href="https://www.amazon.com/dp/B07DQ9TZC8?tag=eloabder-20&linkCode=osi&th=1&psc=1"><img src="https://m.media-amazon.com/images/I/41PHyZ20FuL._SL500_.jpg" alt="Product Image"></a><p>Kenmore 53294 Style O HEPA Cloth Vacuum Bags for Kenmore Upright Vacuum Cleaners 6 Pack,White</p><p>$20.99 ($3.50 / Count)</p><a href="https://www.amazon.com/dp/B07DQ9TZC8?tag=eloabder-20&linkCode=osi&th=1&psc=1">View Product</a></div><div class="product"><a href="https://www.amazon.com/dp/B08MXVTTT2?tag=eloabder-20&linkCode=osi&th=1&psc=1"><img src="https://m.media-amazon.com/images/I/41T6wRpIMzL._SL500_.jpg" alt="Product Image"></a><p>Kenmore IB600 HEPA Replacement Intuition Upright Vacuum Cleaner Bags for BU4022, BU4020, BU4018, BU4050, BU3040,White</p><p>$18.75</p><a href="https://www.amazon.com/dp/B08MXVTTT2?tag=eloabder-20&linkCode=osi&th=1&psc=1">View Product</a></div><div class="product"><a href="https://www.amazon.com/dp/B01010JVYO?tag=eloabder-20&linkCode=osi&th=1&psc=1"><img src="https://m.media-amazon.com/images/I/51Anluh47GL._SL500_.jpg" alt="Product Image"></a><p>EnviroCare Replacement Micro Filtration Vacuum Cleaner Dust Bags Designed to fit Hoover Windtunnel Upright Type Y 9 pack</p><p>$9.89 ($1.10 / Count)</p><a href="https://www.amazon.com/dp/B01010JVYO?tag=eloabder-20&linkCode=osi&th=1&psc=1">View Product</a></div><div class="product"><a href="https://www.amazon.com/dp/B0D5CP3WBY?tag=eloabder-20&linkCode=osi&th=1&psc=1"><img src="https://m.media-amazon.com/images/I/31MaGmsVOwL._SL500_.jpg" alt="Product Image"></a><p>Bagless Upright Kenmore Vacuum HEPA Filters, Compatible with Foam Filters, Felt Filters and Upright vacuum cleaner for Models K4010,DU2015,DU2012(includes 1 Hepa Filters,2 Foam and 2 Felt Filters)</p><p>$12.99</p><a href="https://www.amazon.com/dp/B0D5CP3WBY?tag=eloabder-20&linkCode=osi&th=1&psc=1">View Product</a></div><div class="product"><a href="https://www.amazon.com/dp/B0CBFV28WX?tag=eloabder-20&linkCode=osi&th=1&psc=1"><img src="https://m.media-amazon.com/images/I/51LIYI0wXSL._SL500_.jpg" alt="Product Image"></a><p>16 Packs Vacuum Bags for Oreck Type CC, Compatible with All Oreck XL Upright Vacuum Cleaner - Replaces Part # CCPK8DW</p><p>$21.99 ($1.37 / Count)</p><a href="https://www.amazon.com/dp/B0CBFV28WX?tag=eloabder-20&linkCode=osi&th=1&psc=1">View Product</a></div><div class="product"><a href="https://www.amazon.com/dp/B00F9GQMHA?tag=eloabder-20&linkCode=osi&th=1&psc=1"><img src="https://m.media-amazon.com/images/I/51lhelurelL._SL500_.jpg" alt="Product Image"></a><p>EnviroCare Replacement Premium Vacuum Cleaner Dust Bags made to fit Eureka F&G Uprights 9 bags</p><p>$11.09</p><a href="https://www.amazon.com/dp/B00F9GQMHA?tag=eloabder-20&linkCode=osi&th=1&psc=1">View Product</a></div><div class="product"><a href="https://www.amazon.com/dp/B002CI8G1I?tag=eloabder-20&linkCode=osi&th=1&psc=1"><img src="https://m.media-amazon.com/images/I/51PYQrQpbSL._SL500_.jpg" alt="Product Image"></a><p>EnviroCare Replacement Micro Filtration Vacuum Cleaner Dust Bags made to fit Kenmore Upright Type U/L/O 50688 and 50690, Panasonic Type U-2, Miele Type Z. 9 pack</p><p>$9.99</p><a href="https://www.amazon.com/dp/B002CI8G1I?tag=eloabder-20&linkCode=osi&th=1&psc=1">View Product</a></div>
<div class="product"><a href="https://www.amazon.com/dp/B07GNQJ67P?tag=eloabder-20&linkCode=osi&th=1&psc=1"><img src="https://m.media-amazon.com/images/I/41XHnKbgjAL._SL500_.jpg" alt="Product Image"></a><p>Kenmore 53292 Type Q HEPA Replacement Dust Bags for Canister Vacuum 81214, 81414, 81714, 21814, BC2005, BC3005, 81615, BC7005, 6 Count (Pack of 1)</p><p>$13.24 ($2.21 / Count)</p><a href="https://www.amazon.com/dp/B07GNQJ67P?tag=eloabder-20&linkCode=osi&th=1&psc=1">View Product</a></div><div class="product"><a href="https://www.amazon.com/dp/B01L0C0FVK?tag=eloabder-20&linkCode=osi&th=1&psc=1"><img src="https://m.media-amazon.com/images/I/51ZIjbo9NVL._SL500_.jpg" alt="Product Image"></a><p>Envirocare Replacement Vacuum Bags Compatible with Kenmore Canister Type C/Q. 5055, 50557 and 50558 Panasonic Type C-5 Vacuums,15 pack</p><p>$16.16</p><a href="https://www.amazon.com/dp/B01L0C0FVK?tag=eloabder-20&linkCode=osi&th=1&psc=1">View Product</a></div><div class="product"><a href="https://www.amazon.com/dp/B0BTRTP2PM?tag=eloabder-20&linkCode=osi&th=1&psc=1"><img src="https://m.media-amazon.com/images/I/41K295aRv9L._SL500_.jpg" alt="Product Image"></a><p>Vacuum Cleaner Bags Fit for Kenmore Canister Type C/Q 50555 50557 50558 and Type C-5, 10PCs</p><p>$15.99</p><a href="https://www.amazon.com/dp/B0BTRTP2PM?tag=eloabder-20&linkCode=osi&th=1&psc=1">View Product</a></div><div class="product"><a href="https://www.amazon.com/dp/B0CRQYGLZX?tag=eloabder-20&linkCode=osi&th=1&psc=1"><img src="https://m.media-amazon.com/images/I/413iXp+j3ML._SL500_.jpg" alt="Product Image"></a><p>15 Pack Canister Vacuum Cleaner Bags Compatible with Kenmore Canister Type C/Q 5055, 50555, 50557, 50558 and Type C-5, C-18, 53292, 200 Series, 400 Series, 600 Series, 700 Series, 800 Series Vacuum</p><p>$11.69</p><a href="https://www.amazon.com/dp/B0CRQYGLZX?tag=eloabder-20&linkCode=osi&th=1&psc=1">View Product</a></div><div class="product"><a href="https://www.amazon.com/dp/B00QGD3SBI?tag=eloabder-20&linkCode=osi&th=1&psc=1"><img src="https://m.media-amazon.com/images/I/51xw0asyqTL._SL500_.jpg" alt="Product Image"></a><p>EnviroCare Replacement Vacuum Bags made to fit Kenmore Canister Type C or Q 50555, 50558, 50557 and Panasonic Type C-5 Vacuums, 9 pack</p><p>$9.79</p><a href="https://www.amazon.com/dp/B00QGD3SBI?tag=eloabder-20&linkCode=osi&th=1&psc=1">View Product</a></div><div class="product"><a href="https://www.amazon.com/dp/B0CQP9NP5N?tag=eloabder-20&linkCode=osi&th=1&psc=1"><img src="https://m.media-amazon.com/images/I/41WnNkTz8zL._SL500_.jpg" alt="Product Image"></a><p>8 Pack Replacement Vacuum Bags Compatible with Kenmore Canister Type C/Q. 5055, 50104, 50557 and 50558 Panasonic Type C-5 Vacuums</p><p>$9.99 ($1.25 / Count)</p><a href="https://www.amazon.com/dp/B0CQP9NP5N?tag=eloabder-20&linkCode=osi&th=1&psc=1">View Product</a></div>
<div class="product"><a href="https://www.amazon.com/dp/B09M3Y2BHR?tag=eloabder-20&linkCode=osi&th=1&psc=1"><img src="https://m.media-amazon.com/images/I/31tevngai1L._SL500_.jpg" alt="Product Image"></a><p>Ymimi Vacuum Filter Compatible with Eureka WhirlWind Bagless Canister Vacuum Cleaner,Fits NEN110A,NEN110B,NEN110Dï¼ˆ2-Packï¼‰</p><p>$11.99 ($6.00 / Count)</p><a href="https://www.amazon.com/dp/B09M3Y2BHR?tag=eloabder-20&linkCode=osi&th=1&psc=1">View Product</a></div><div class="product"><a href="https://www.amazon.com/dp/B07J1WWBHN?tag=eloabder-20&linkCode=osi&th=1&psc=1"><img src="https://m.media-amazon.com/images/I/51gmkDrnR2L._SL500_.jpg" alt="Product Image"></a><p>Bissell Powerforce Helix Bagless Washable Premotor Filter #1608225, Black</p><p>$7.78</p><a href="https://www.amazon.com/dp/B07J1WWBHN?tag=eloabder-20&linkCode=osi&th=1&psc=1">View Product</a></div><div class="product"><a href="https://www.amazon.com/dp/B0BK64TMMK?tag=eloabder-20&linkCode=osi&th=1&psc=1"><img src="https://m.media-amazon.com/images/I/41OBMvET7eL._SL500_.jpg" alt="Product Image"></a><p>Vacuum Belt Replacement for Bissell Cleanview Swivel Pet Upright Bagless/Powerlifter Vacuum Cleaner, fits model: 2252, 2254, 22543, 2258,2259, 2260,2316, 2739, 1793, Parts # 3031120, 32074</p><p>$6.99</p><a href="https://www.amazon.com/dp/B0BK64TMMK?tag=eloabder-20&linkCode=osi&th=1&psc=1">View Product</a></div><div class="product"><a href="https://www.amazon.com/dp/B0BKKL3WRB?tag=eloabder-20&linkCode=osi&th=1&psc=1"><img src="https://m.media-amazon.com/images/I/410jMe-FjIL._SL500_.jpg" alt="Product Image"></a><p>Aolleteau F1 HEPA Filter Compatible with Dirt Devil Bagless Upright Cleaner Models Extra Lite, Breeze, Featherlite Bagless, Jaguar Bagless,Platinum Force Vision, Scorpion and Vision Bagless (2 Pack)</p><p>$13.99 ($7.00 / Count)</p><a href="https://www.amazon.com/dp/B0BKKL3WRB?tag=eloabder-20&linkCode=osi&th=1&psc=1">View Product</a></div><div class="product"><a href="https://www.amazon.com/dp/B09SG1P4WN?tag=eloabder-20&linkCode=osi&th=1&psc=1"><img src="https://m.media-amazon.com/images/I/51+Mr+Wq5ML._SL500_.jpg" alt="Product Image"></a><p>NEN110A Vacuum Filter, Inlet Frame and Sponge Filter Compatible with Eureka Whirlwind Bagless Canister Vacuum Cleaner, Fits NEN110A, NEN110B, NEN110D(4-Pack)</p><p>$15.99 ($4.00 / Count)</p><a href="https://www.amazon.com/dp/B09SG1P4WN?tag=eloabder-20&linkCode=osi&th=1&psc=1">View Product</a></div>
<div class="product"><a href="https://www.amazon.com/dp/B07GT9VB9X?tag=eloabder-20&linkCode=osi&th=1&psc=1"><img src="https://m.media-amazon.com/images/I/41IokheYtNL._SL500_.jpg" alt="Product Image"></a><p>6 Pack 1940 Bissell Steam Mop Pads for Bissell PowerFresh Steam Mop 1806 1544 1440 2075A 2685A 1940W 19404 Series, Model 19402 19408 1940a 1940f 1940q 1940t B0006 B0017, Part #5938#203-2633</p><p>$16.99 ($2.83 / Count)</p><a href="https://www.amazon.com/dp/B07GT9VB9X?tag=eloabder-20&linkCode=osi&th=1&psc=1">View Product</a></div><div class="product"><a href="https://www.amazon.com/dp/B07H3MYZLD?tag=eloabder-20&linkCode=osi&th=1&psc=1"><img src="https://m.media-amazon.com/images/I/511p6MPxQ0L._SL500_.jpg" alt="Product Image"></a><p>Flammi Steam Pocket Mop Replacement Pads for Shark S3500 Series S3501 S3601 S3550 S3901 SE450 S3801CO S3601D S2901 S2902 Steam Pocket Mop, 4 Pack</p><p>$16.97 ($4.24 / Count)</p><a href="https://www.amazon.com/dp/B07H3MYZLD?tag=eloabder-20&linkCode=osi&th=1&psc=1">View Product</a></div><div class="product"><a href="https://www.amazon.com/dp/B0C8SH97HN?tag=eloabder-20&linkCode=osi&th=1&psc=1"><img src="https://m.media-amazon.com/images/I/31Mex4y7odL._SL500_.jpg" alt="Product Image"></a><p>HOMEXCEL Steam Mop Replacement Pads Compatible with Bissell Powerfresh Steam Mop 1940 1806 1440 1544 Series, Model 19402 19404 19408 2685A 2075A 1940A 1940Q 1940T 1940W, Steam Mop Pads Refills,4 Pack</p><p>$9.99 ($2.50 / Count)</p><a href="https://www.amazon.com/dp/B0C8SH97HN?tag=eloabder-20&linkCode=osi&th=1&psc=1">View Product</a></div><div class="product"><a href="https://www.amazon.com/dp/B0BFWTXS33?tag=eloabder-20&linkCode=osi&th=1&psc=1"><img src="https://m.media-amazon.com/images/I/51pa2h7o0EL._SL500_.jpg" alt="Product Image"></a><p>12 Pack 1940 Steam Mop Replacement Pads for Bissell Powerfresh Steam Mop 1940 1440 1806 1544 2075 2685A 2814 Series, Model 19402 19404 19408 19409 1940A 1940F 1940Q 1940T 1940W B0006 B0017 2075A 15441</p><p>$24.99</p><a href="https://www.amazon.com/dp/B0BFWTXS33?tag=eloabder-20&linkCode=osi&th=1&psc=1">View Product</a></div><div class="product"><a href="https://www.amazon.com/dp/B0CLP5QGTY?tag=eloabder-20&linkCode=osi&th=1&psc=1"><img src="https://m.media-amazon.com/images/I/414HqpKde9L._SL500_.jpg" alt="Product Image"></a><p>10 Pack 1940 1806 2685A Steam Mop Pads For Bissell Powerfresh Steam Mop Deluxe Pet Lift-Off Plus Slim Scrubbing Steam Mop Replacement Pad 1940A 2814 1544A 2075A Power Fresh Steamer Pad Refill Washable</p><p>$22.99 ($2.30 / Count)</p><a href="https://www.amazon.com/dp/B0CLP5QGTY?tag=eloabder-20&linkCode=osi&th=1&psc=1">View Product</a></div><div class="product"><a href="https://www.amazon.com/dp/B078BBKBPV?tag=eloabder-20&linkCode=osi&th=1&psc=1"><img src="https://m.media-amazon.com/images/I/51WcJqtOUIL._SL500_.jpg" alt="Product Image"></a><p>Tidy Monster Steam Mop Replacement Pads Compatible with Bissell Powerfresh Steam Mop 1940 1806 1544 1440 2075A 2685A Series, Part # 5938 & 203-2633, 1606668 & 1606669 (4 Pack Scrub Plush)</p><p>$9.99</p><a href="https://www.amazon.com/dp/B078BBKBPV?tag=eloabder-20&linkCode=osi&th=1&psc=1">View Product</a></div><div class="product"><a href="https://www.amazon.com/dp/B00A6G37SU?tag=eloabder-20&linkCode=osi&th=1&psc=1"><img src="https://m.media-amazon.com/images/I/51xo0LB-SpL._SL500_.jpg" alt="Product Image"></a><p>BISSELL PowerFresh Steam Mop Pads (Pack of 2) with Fragrance discs (4 ct), 5938</p><p>$21.26 ($10.63 / Count)</p><a href="https://www.amazon.com/dp/B00A6G37SU?tag=eloabder-20&linkCode=osi&th=1&psc=1">View Product</a></div>
<div class="product"><a href="https://www.amazon.com/dp/B0D2QFVY7H?tag=eloabder-20&linkCode=osi&th=1&psc=1"><img src="https://m.media-amazon.com/images/I/417B7H+vvML._SL500_.jpg" alt="Product Image"></a><p>Kenmore KS1010 Deep Clean & Revitalize Pet Carpet Cleaner Formula, 64 oz, White, 64 Fl Oz</p><p>$22.73 ($0.36 / Fl Oz)</p><a href="https://www.amazon.com/dp/B0D2QFVY7H?tag=eloabder-20&linkCode=osi&th=1&psc=1">View Product</a></div><div class="product"><a href="https://www.amazon.com/dp/B0BNK8ZJJ1?tag=eloabder-20&linkCode=osi&th=1&psc=1"><img src="https://m.media-amazon.com/images/I/51z0Pc4xcNL._SL500_.jpg" alt="Product Image"></a><p>Bissell Spotlifter Pet Carpet and Upholstery Cleaner with Brush Head - 4 Pack, 93523</p><p>$23.88 ($0.50 / Fl Oz)</p><a href="https://www.amazon.com/dp/B0BNK8ZJJ1?tag=eloabder-20&linkCode=osi&th=1&psc=1">View Product</a></div><div class="product"><a href="https://www.amazon.com/dp/B0CX245D26?tag=eloabder-20&linkCode=osi&th=1&psc=1"><img src="https://m.media-amazon.com/images/I/411CSXvvO1L._SL500_.jpg" alt="Product Image"></a><p>BISSELLÂ® Spot & Stain with Febreze + Gain Original Scent Formula for Little Green Devices, Portable Carpet Cleaners (3968)</p><p>$12.99 ($0.41 / Fl Oz)</p><a href="https://www.amazon.com/dp/B0CX245D26?tag=eloabder-20&linkCode=osi&th=1&psc=1">View Product</a></div><div class="product"><a href="https://www.amazon.com/dp/B083VZW4R5?tag=eloabder-20&linkCode=osi&th=1&psc=1"><img src="https://m.media-amazon.com/images/I/413BULPLmBL._SL500_.jpg" alt="Product Image"></a><p>BISSELL Multi-Surface Pet Formula with Febreze Freshness for Crosswave (80 oz), 2295L</p><p>$22.99 ($0.29 / Fl Oz)</p><a href="https://www.amazon.com/dp/B083VZW4R5?tag=eloabder-20&linkCode=osi&th=1&psc=1">View Product</a></div><div class="product"><a href="https://www.amazon.com/dp/B0D2RGW219?tag=eloabder-20&linkCode=osi&th=1&psc=1"><img src="https://m.media-amazon.com/images/I/41gD+82tnAL._SL500_.jpg" alt="Product Image"></a><p>Vacmaster Clean & Restore Carpet Cleaner Formula â€“ CCS03</p><p>$19.99 ($0.31 / Fl Oz)</p><a href="https://www.amazon.com/dp/B0D2RGW219?tag=eloabder-20&linkCode=osi&th=1&psc=1">View Product</a></div>






<div class="product"><a href="https://www.amazon.com/dp/B0BY64HQTP?tag=eloabder-20&linkCode=osi&th=1&psc=1"><img src="https://m.media-amazon.com/images/I/41hUxHuASYL._SL500_.jpg" alt="Product Image"></a><p>Air Conditioning Motor WZDK13-38G-1(RD-310-13-8) DC Brushless Fan Motor, 13W Inverter air Conditioner Motor DC Motor for Central air Conditioner</p><p>$39.95</p><a href="https://www.amazon.com/dp/B0BY64HQTP?tag=eloabder-20&linkCode=osi&th=1&psc=1">View Product</a></div><div class="product"><a href="https://www.amazon.com/dp/B0CM5YB884?tag=eloabder-20&linkCode=osi&th=1&psc=1"><img src="https://m.media-amazon.com/images/I/310lQ2tAvLL._SL500_.jpg" alt="Product Image"></a><p>Sparkfix OEM WZDK20-38G (ZKFP-20-8-6) Air Conditioner Replacement Motors DC280V 20W Air Conditioning Fan Motor Inverter Air Conditioner Brushless DC Motor 1300RPM CCW</p><p>$42.79</p><a href="https://www.amazon.com/dp/B0CM5YB884?tag=eloabder-20&linkCode=osi&th=1&psc=1">View Product</a></div>













<div class="product"><a href="https://www.amazon.com/dp/B009PCI2JU?tag=eloabder-20&linkCode=osi&th=1&psc=1"><img src="https://m.media-amazon.com/images/I/310ZJurANUL._SL500_.jpg" alt="Product Image"></a><p>GE RPWFE Refrigerator Water Filter | Certified to Reduce Lead, Sulfur, and 50+ Other Impurities | Replace Every 6 Months for Best Results | Pack of 1</p><p>$49.98</p><a href="https://www.amazon.com/dp/B009PCI2JU?tag=eloabder-20&linkCode=osi&th=1&psc=1">View Product</a></div><div class="product"><a href="https://www.amazon.com/dp/B0882ZJ48W?tag=eloabder-20&linkCode=osi&th=1&psc=1"><img src="https://m.media-amazon.com/images/I/41110o9sUoL._SL500_.jpg" alt="Product Image"></a><p>GE XWFE Refrigerator Water Filter | Certified to Reduce Lead, Sulfur, and 50+ Other Impurities | Replace Every 6 Months for Best Results | Pack of 1, White</p><p>$49.00</p><a href="https://www.amazon.com/dp/B0882ZJ48W?tag=eloabder-20&linkCode=osi&th=1&psc=1">View Product</a></div><div class="product"><a href="https://www.amazon.com/dp/B074HLRXMP?tag=eloabder-20&linkCode=osi&th=1&psc=1"><img src="https://m.media-amazon.com/images/I/21oDpGCQXiL._SL500_.jpg" alt="Product Image"></a><p>LG LT1000P - 6 Month / 200 Gallon Capacity Replacement Refrigerator Water Filter (NSF42, NSF53, and NSF401) ADQ74793501, ADQ75795105, or AGF80300704 , White</p><p>$47.00</p><a href="https://www.amazon.com/dp/B074HLRXMP?tag=eloabder-20&linkCode=osi&th=1&psc=1">View Product</a></div><div class="product"><a href="https://www.amazon.com/dp/B01BKWSHHE?tag=eloabder-20&linkCode=osi&th=1&psc=1"><img src="https://m.media-amazon.com/images/I/31E2+zlkvjL._SL500_.jpg" alt="Product Image"></a><p>Frigidaire EPTWFU01 Water Filtration Filter, 1 Count, White</p><p>$42.99</p><a href="https://www.amazon.com/dp/B01BKWSHHE?tag=eloabder-20&linkCode=osi&th=1&psc=1">View Product</a></div><div class="product"><a href="https://www.amazon.com/dp/B08V6JB9R7?tag=eloabder-20&linkCode=osi&th=1&psc=1"><img src="https://m.media-amazon.com/images/I/31PRPEffCZL._SL500_.jpg" alt="Product Image"></a><p>Frigidaire FPPWFU01 PurePour PWF-1 Water Filter 1 Count (Pack of 1)</p><p>$45.81</p><a href="https://www.amazon.com/dp/B08V6JB9R7?tag=eloabder-20&linkCode=osi&th=1&psc=1">View Product</a></div><div class="product"><a href="https://www.amazon.com/dp/B000AST3AK?tag=eloabder-20&linkCode=osi&th=1&psc=1"><img src="https://m.media-amazon.com/images/I/41DUoSxpwTS._SL500_.jpg" alt="Product Image"></a><p>GE MWF Refrigerator Water Filter | Certified to Reduce Lead, Sulfur, and 50+ Other Impurities | Replace Every 6 Months for Best Results | Pack of 1</p><p>$39.98</p><a href="https://www.amazon.com/dp/B000AST3AK?tag=eloabder-20&linkCode=osi&th=1&psc=1">View Product</a></div><div class="product"><a href="https://www.amazon.com/dp/B0CFZR7K8D?tag=eloabder-20&linkCode=osi&th=1&psc=1"><img src="https://m.media-amazon.com/images/I/31WM5sdhKLL._SL500_.jpg" alt="Product Image"></a><p>HMASAV W10295370A water filter replacement, Compatible with EDR1RXD1,EDR1RXD1B,W10295370,Filter 1,WHR1RXD1,KAD1RXD1,P4RFWB,P8RFWB2L,46-9930,46-9081 2PACK</p><p>$29.99 ($15.00 / Count)</p><a href="https://www.amazon.com/dp/B0CFZR7K8D?tag=eloabder-20&linkCode=osi&th=1&psc=1">View Product</a></div><div class="product"><a href="https://www.amazon.com/dp/B07JM9TTTT?tag=eloabder-20&linkCode=osi&th=1&psc=1"><img src="https://m.media-amazon.com/images/I/41CfAtJ8TPL._SL500_.jpg" alt="Product Image"></a><p>GLACIER FRESH LT1000PC Replacement Water Filter, Compatible with LT1000PC/PCS, LT1000PC, LT-1000PC, MDJ64844601, ADQ747935 ADQ74793504 Filter and LT120F ADQ73334008 Fresh Air (3+3)</p><p>$39.99 ($13.33 / Count)</p><a href="https://www.amazon.com/dp/B07JM9TTTT?tag=eloabder-20&linkCode=osi&th=1&psc=1">View Product</a></div><div class="product"><a href="https://www.amazon.com/dp/B003N1ZSYG?tag=eloabder-20&linkCode=osi&th=1&psc=1"><img src="https://m.media-amazon.com/images/I/31Mbrkrxu1L._SL500_.jpg" alt="Product Image"></a><p>SAMSUNG Genuine Filter for Refrigerator Water and Ice, Carbon Block Filtration for Clean, Clear Drinking Water, 6-Month Life, HAF-CIN/EXP, 1 Pack</p><p>$39.99</p><a href="https://www.amazon.com/dp/B003N1ZSYG?tag=eloabder-20&linkCode=osi&th=1&psc=1">View Product</a></div>









<div class="product"><a href="https://www.amazon.com/dp/B0B2NZ47HN?tag=eloabder-20&linkCode=osi&th=1&psc=1"><img src="https://m.media-amazon.com/images/I/41nC6c2XxJL._SL500_.jpg" alt="Product Image"></a><p>OTE Portable Sparkling Water Maker Soda Maker Machine for home with 20PCS Cylinders 450ml Personal seltzer Carbonators Electroless Double Layer PET Bottle BPA Free Double Pressure Relief Valves -Pink</p><p>$49.99</p><a href="https://www.amazon.com/dp/B0B2NZ47HN?tag=eloabder-20&linkCode=osi&th=1&psc=1">View Product</a></div><div class="product"><a href="https://www.amazon.com/dp/B09DY54L7M?tag=eloabder-20&linkCode=osi&th=1&psc=1"><img src="https://m.media-amazon.com/images/I/31LSpnm3G8L._SL500_.jpg" alt="Product Image"></a><p>MOSOLAN Bottle Cleaning Brush, 17 Inches Extra Long Handle Water Bottle Brush, Flexible Bendable Cleaner for Washing Narrow Neck Bottles, Wine Decanter, Kombucha, Pipes, Beer Brewing Supplies, 2 Pack</p><p>$11.95 ($5.98 / Count)</p><a href="https://www.amazon.com/dp/B09DY54L7M?tag=eloabder-20&linkCode=osi&th=1&psc=1">View Product</a></div><div class="product"><a href="https://www.amazon.com/dp/B0736CBNDN?tag=eloabder-20&linkCode=osi&th=1&psc=1"><img src="https://m.media-amazon.com/images/I/41tWXmwP5KL._SL500_.jpg" alt="Product Image"></a><p>#2 Filter Pads (10 Pack Bulk) Compatible with Mini Jet Machine | #2 1.8-2.5 micron | 2 Micron Filtering pads. Filter Wine Beer, Kombucha, Mead Mash. Polishing filtration| Not a Buon Vino product.</p><p>$18.99</p><a href="https://www.amazon.com/dp/B0736CBNDN?tag=eloabder-20&linkCode=osi&th=1&psc=1">View Product</a></div>









<div class="product"><a href="https://www.amazon.com/dp/B07YGN577Y?tag=eloabder-20&linkCode=osi&th=1&psc=1"><img src="https://m.media-amazon.com/images/I/31kfZiyDMUL._SL500_.jpg" alt="Product Image"></a><p>9870163 Trash Power Nut WP9870163 L8</p><p>$50.36</p><a href="https://www.amazon.com/dp/B07YGN577Y?tag=eloabder-20&linkCode=osi&th=1&psc=1">View Product</a></div>

<div class="product"><a href="https://www.amazon.com/dp/B0CWQLM4C7?tag=eloabder-20&linkCode=osi&th=1&psc=1"><img src="https://m.media-amazon.com/images/I/41gTEIOjtlL._SL500_.jpg" alt="Product Image"></a><p>7" Seven Seconds Lazy Kitchen Food Making Tools - Multifunctional Fruit Vegetable Chopper Quick Garlic Peeling Machine Convenient Food Chopper for Slicing,Juice,Grinding</p><p>$32.99</p><a href="https://www.amazon.com/dp/B0CWQLM4C7?tag=eloabder-20&linkCode=osi&th=1&psc=1">View Product</a></div>


















<div class="product"><a href="https://www.amazon.com/dp/B00UTFZAII?tag=eloabder-20&linkCode=osi&th=1&psc=1"><img src="https://m.media-amazon.com/images/I/31z7hZ6KbXL._SL500_.jpg" alt="Product Image"></a><p>Miele 10123210 AirClean 3D Efficiency Dust Bag, Type GN, 4 Bags & 2 Filters, White</p><p>$21.86 ($21.86 / Count)</p><a href="https://www.amazon.com/dp/B00UTFZAII?tag=eloabder-20&linkCode=osi&th=1&psc=1">View Product</a></div><div class="product"><a href="https://www.amazon.com/dp/B07WHG6J5S?tag=eloabder-20&linkCode=osi&th=1&psc=1"><img src="https://m.media-amazon.com/images/I/41hnaEOxB9L._SL500_.jpg" alt="Product Image"></a><p>KEEPOW Vacuum Filters for Eureka, Power Speed Vacuum Filters Replacement for Eureka NEU182A, NEU182B, NEU280, NEU180, NEU181, NEU188, NEU202 Bagless Upright Vacuum Cleaner, Part E0202 (4 Pack)</p><p>$9.99 ($2.50 / Count)</p><a href="https://www.amazon.com/dp/B07WHG6J5S?tag=eloabder-20&linkCode=osi&th=1&psc=1">View Product</a></div><div class="product"><a href="https://www.amazon.com/dp/B00UTFZB82?tag=eloabder-20&linkCode=osi&th=1&psc=1"><img src="https://m.media-amazon.com/images/I/41WdlL5T0dL._SL500_.jpg" alt="Product Image"></a><p>Miele AirClean 3D Efficiency Dust Bag, Type FJM, 4 Bags & 2 Filters, White</p><p>$18.99</p><a href="https://www.amazon.com/dp/B00UTFZB82?tag=eloabder-20&linkCode=osi&th=1&psc=1">View Product</a></div><div class="product"><a href="https://www.amazon.com/dp/B09NKP346M?tag=eloabder-20&linkCode=osi&th=1&psc=1"><img src="https://m.media-amazon.com/images/I/41o25nqkODL._SL500_.jpg" alt="Product Image"></a><p>Anewise 6 Pack Filter Replacement for Bissell Powerforce Compact Lightweight Upright 2112 1520 for Bissel Turbo Bagless 2690 Cleanview 3437 3508 Vacuum Cleaner, Compare to Parts #1604896/160-4896</p><p>$12.99</p><a href="https://www.amazon.com/dp/B09NKP346M?tag=eloabder-20&linkCode=osi&th=1&psc=1">View Product</a></div><div class="product"><a href="https://www.amazon.com/dp/B01MQ5NITB?tag=eloabder-20&linkCode=osi&th=1&psc=1"><img src="https://m.media-amazon.com/images/I/41J6lG4H1bL._SL500_.jpg" alt="Product Image"></a><p>Bissell Style 7 3 Pack Vacuum Cleaner Bags, White, 3 Count</p><p>$8.69 ($2.90 / Count)</p><a href="https://www.amazon.com/dp/B01MQ5NITB?tag=eloabder-20&linkCode=osi&th=1&psc=1">View Product</a></div><div class="product"><a href="https://www.amazon.com/dp/B0CDH1JY5D?tag=eloabder-20&linkCode=osi&th=1&psc=1"><img src="https://m.media-amazon.com/images/I/516DPXu4siL._SL500_.jpg" alt="Product Image"></a><p>4 Pack Replacement Filters Compatiable with Wyze Cordless Vacuum Cleaner, Removable and Washable HEPA Filter Accessories Part Set with 1 Cleaning Brush for Wyze Handheld Cordless Vacuum Cleaner</p><p>$15.99 ($4.00 / Count)</p><a href="https://www.amazon.com/dp/B0CDH1JY5D?tag=eloabder-20&linkCode=osi&th=1&psc=1">View Product</a></div><div class="product"><a href="https://www.amazon.com/dp/B07P3WB37F?tag=eloabder-20&linkCode=osi&th=1&psc=1"><img src="https://m.media-amazon.com/images/I/51WaYrkiVXL._SL500_.jpg" alt="Product Image"></a><p>Miele AirClean 3D Efficiency Dust Bag, Type GN, XL Value Pack, 8 Bags and 4 Filters</p><p>$36.99</p><a href="https://www.amazon.com/dp/B07P3WB37F?tag=eloabder-20&linkCode=osi&th=1&psc=1">View Product</a></div><div class="product"><a href="https://www.amazon.com/dp/B09DSY4Z2T?tag=eloabder-20&linkCode=osi&th=1&psc=1"><img src="https://m.media-amazon.com/images/I/51+ref3EeAL._SL500_.jpg" alt="Product Image"></a><p>Filter Replacement for Tineco A10 A11 Hero A10/A11 Master PURE ONE S11 Series, S12, X Cordless Vacuum Cleaner (3 PACK) â€¦</p><p>$12.99 ($4.33 / Count)</p><a href="https://www.amazon.com/dp/B09DSY4Z2T?tag=eloabder-20&linkCode=osi&th=1&psc=1">View Product</a></div>


<div class="product"><a href="https://www.amazon.com/dp/B0BXRR5QFV?tag=eloabder-20&linkCode=osi&th=1&psc=1"><img src="https://m.media-amazon.com/images/I/41sjdBkCp8L._SL500_.jpg" alt="Product Image"></a><p>AC Infinity CLOUDFORGE T7, Plant Humidifier 15L with VPD Humidity Controls, 10-Level Precision Vaporizer, Extendable Hose, Targeting Pipe, and No-Leak Seal for Grow Tents</p><p>$159.00</p><a href="https://www.amazon.com/dp/B0BXRR5QFV?tag=eloabder-20&linkCode=osi&th=1&psc=1">View Product</a></div><div class="product"><a href="https://www.amazon.com/dp/B01N6MV8SA?tag=eloabder-20&linkCode=osi&th=1&psc=1"><img src="https://m.media-amazon.com/images/I/41hX08+W1xL._SL500_.jpg" alt="Product Image"></a><p>Protec Humidifier Tank Cleaner, 1 Count - Colors May Vary</p><p>$5.98</p><a href="https://www.amazon.com/dp/B01N6MV8SA?tag=eloabder-20&linkCode=osi&th=1&psc=1">View Product</a></div><div class="product"><a href="https://www.amazon.com/dp/B07GXBTH82?tag=eloabder-20&linkCode=osi&th=1&psc=1"><img src="https://m.media-amazon.com/images/I/41ibxK12JPL._SL500_.jpg" alt="Product Image"></a><p>Essick Air 1970-2 Humidifier, 2-Quart Bacteriostatic Treatment, 2 Pack, Clear, 2</p><p>$22.99</p><a href="https://www.amazon.com/dp/B07GXBTH82?tag=eloabder-20&linkCode=osi&th=1&psc=1">View Product</a></div><div class="product"><a href="https://www.amazon.com/dp/B08TTT3K9B?tag=eloabder-20&linkCode=osi&th=1&psc=1"><img src="https://m.media-amazon.com/images/I/41U6j9SexmL._SL500_.jpg" alt="Product Image"></a><p>Leemone Humidifier Cleaner 12 Pack, Demineralization Cleaning Ball, Works in All humidifiers and Fish Tanks, Purifies Water, Prevents Hard Water Build-Up, Eliminates White Dust and Odor</p><p>$14.44</p><a href="https://www.amazon.com/dp/B08TTT3K9B?tag=eloabder-20&linkCode=osi&th=1&psc=1">View Product</a></div>
<div class="product"><a href="https://www.amazon.com/dp/B07YD4XCT3?tag=eloabder-20&linkCode=osi&th=1&psc=1"><img src="https://m.media-amazon.com/images/I/41hR81iKyJL._SL500_.jpg" alt="Product Image"></a><p>Vacplus Moisture Absorber Packets, Fragrance Free(10 Pack), Humidity Packs, Hanging Closet Dehumidifier Bags, Desiccant 9.8OZ</p><p>$21.99</p><a href="https://www.amazon.com/dp/B07YD4XCT3?tag=eloabder-20&linkCode=osi&th=1&psc=1">View Product</a></div><div class="product"><a href="https://www.amazon.com/dp/B09LQF5V5K?tag=eloabder-20&linkCode=osi&th=1&psc=1"><img src="https://m.media-amazon.com/images/I/51Cx5ECAotL._SL500_.jpg" alt="Product Image"></a><p>CLEVAST Moisture Absorbers Packets 10 Pack, Dehumidifier Bags for Closet, Unscented Hanging Humidity Absorber in Wardrobes, Bedrooms, Bathrooms(230g/pack)</p><p>$16.98</p><a href="https://www.amazon.com/dp/B09LQF5V5K?tag=eloabder-20&linkCode=osi&th=1&psc=1">View Product</a></div><div class="product"><a href="https://www.amazon.com/dp/B0B8L9QRW8?tag=eloabder-20&linkCode=osi&th=1&psc=1"><img src="https://m.media-amazon.com/images/I/518LgtpPi8L._SL500_.jpg" alt="Product Image"></a><p>Arm & Hammer Essentials Disposable Moisture Absorber and Odor Eliminator Tub, Fragrance Free, 1 lb, 3-Pack, Attracts and Traps Excess Moisture, Ideal Closet Dehumidifier, White</p><p>$24.94 ($0.52 / Ounce)</p><a href="https://www.amazon.com/dp/B0B8L9QRW8?tag=eloabder-20&linkCode=osi&th=1&psc=1">View Product</a></div><div class="product"><a href="https://www.amazon.com/dp/B09W9TPJGZ?tag=eloabder-20&linkCode=osi&th=1&psc=1"><img src="https://m.media-amazon.com/images/I/51pVTVMwHbL._SL500_.jpg" alt="Product Image"></a><p>THECOSKY Dehumidifier and Air Purifier Combo,HEPA H13 Filter and Negative Air Ion Function,54oz(1.6L) Water Tank with Drain Hose,24hrs Auto-Off Timer,Idea for Bedroom,Bathroom,Closet,RV</p><p>$109.99</p><a href="https://www.amazon.com/dp/B09W9TPJGZ?tag=eloabder-20&linkCode=osi&th=1&psc=1">View Product</a></div><div class="product"><a href="https://www.amazon.com/dp/B0CXDG65LZ?tag=eloabder-20&linkCode=osi&th=1&psc=1"><img src="https://m.media-amazon.com/images/I/41HNflmbKHL._SL500_.jpg" alt="Product Image"></a><p>14 x 17.5 x1.75 MERV 13 Replacement Dehumidifier Filter Compatible with Santa Fe Advance90, Advance100, Advance120, Honeywell DR90 & DR120 dehumidifier models, 2 Pack</p><p>$42.99</p><a href="https://www.amazon.com/dp/B0CXDG65LZ?tag=eloabder-20&linkCode=osi&th=1&psc=1">View Product</a></div>
<div class="product"><a href="https://www.amazon.com/dp/B088B921NQ?tag=eloabder-20&linkCode=osi&th=1&psc=1"><img src="https://m.media-amazon.com/images/I/612e4cT3RYL._SL500_.jpg" alt="Product Image"></a><p>ULTTY H13 HEPA Replacement Filter with Medical Coating, True HEPA Filter For R021/ R020 Purifying Fan, Medium</p><p>$29.99</p><a href="https://www.amazon.com/dp/B088B921NQ?tag=eloabder-20&linkCode=osi&th=1&psc=1">View Product</a></div><div class="product"><a href="https://www.amazon.com/dp/B0D2MZ4Y7Z?tag=eloabder-20&linkCode=osi&th=1&psc=1"><img src="https://m.media-amazon.com/images/I/51KgTHizWyL._SL500_.jpg" alt="Product Image"></a><p>Butto 5-Pack Ceiling Fan Filters for Blades - Strong Adhesive Ceiling Fan Filters for Common Household Contaminants - Unscented Coconut Carbon Fan Air Purifier Pads to Make Air Fresh and Natural</p><p>$9.98</p><a href="https://www.amazon.com/dp/B0D2MZ4Y7Z?tag=eloabder-20&linkCode=osi&th=1&psc=1">View Product</a></div><div class="product"><a href="https://www.amazon.com/dp/B0C42HCM21?tag=eloabder-20&linkCode=osi&th=1&psc=1"><img src="https://m.media-amazon.com/images/I/31jk3lpoygL._SL500_.jpg" alt="Product Image"></a><p>Barnakl Ceiling Fan Filters | Activated Coconut Shell Carbon Filter | Easy-Stick Universal Ceiling Fan Air Filters | Unscented Ceiling Fan Blade Filters for Common Household Contaminants, (3-Count)</p><p>$19.99 ($6.66 / Count)</p><a href="https://www.amazon.com/dp/B0C42HCM21?tag=eloabder-20&linkCode=osi&th=1&psc=1">View Product</a></div>
<div class="product"><a href="https://www.amazon.com/dp/B08LZWP29P?tag=eloabder-20&linkCode=osi&th=1&psc=1"><img src="https://m.media-amazon.com/images/I/41NLuzzFW9L._SL500_.jpg" alt="Product Image"></a><p>Chromex Tankless Water Heater Descaling Solution | Highly Effective Descaler Restores Heating Efficiency, Quart, 32 fl oz (1)</p><p>$26.99</p><a href="https://www.amazon.com/dp/B08LZWP29P?tag=eloabder-20&linkCode=osi&th=1&psc=1">View Product</a></div>

<div class="product"><a href="https://www.amazon.com/dp/B005UO4OWQ?tag=eloabder-20&linkCode=osi&th=1&psc=1"><img src="https://m.media-amazon.com/images/I/41oQPKFofoL._SL500_.jpg" alt="Product Image"></a><p>Bissell 203-7458 Brushroll, Bg10/86T3, Black</p><p>$21.26 ($21.26 / Count)</p><a href="https://www.amazon.com/dp/B005UO4OWQ?tag=eloabder-20&linkCode=osi&th=1&psc=1">View Product</a></div>





















<div class="product"><a href="https://www.amazon.com/dp/B0014J7FUY?tag=eloabder-20&linkCode=osi&th=1&psc=1"><img src="https://m.media-amazon.com/images/I/31QrM+IPxOL._SL500_.jpg" alt="Product Image"></a><p>Urnex Grindz Professional Coffee Grinder Cleaning Tablets - 430 Grams - All Natural Food Safe Gluten Free - Cleans Burr and Casing - Help Extend Life of Your Grinder</p><p>$25.99 ($1.71 / Ounce)</p><a href="https://www.amazon.com/dp/B0014J7FUY?tag=eloabder-20&linkCode=osi&th=1&psc=1">View Product</a></div>



<div class="product"><a href="https://www.amazon.com/dp/B0CHW317SG?tag=eloabder-20&linkCode=osi&th=1&psc=1"><img src="https://m.media-amazon.com/images/I/41Qd5Iu3qBL._SL500_.jpg" alt="Product Image"></a><p>EUHOMY 55 Can Beverage Refrigerator cooler-Mini Fridge Glass Door for Beer Drinks Wines, Freestanding Beverage Fridge with Adjustable Shelves Blue LED for Home/Office/Dorm/Bar (1.3cu.ft)</p><p>$128.99</p><a href="https://www.amazon.com/dp/B0CHW317SG?tag=eloabder-20&linkCode=osi&th=1&psc=1">View Product</a></div>

<div class="product"><a href="https://www.amazon.com/dp/B099CN2MRK?tag=eloabder-20&linkCode=osi&th=1&psc=1"><img src="https://m.media-amazon.com/images/I/31CvUCIUX5L._SL500_.jpg" alt="Product Image"></a><p>Genuine PuroAir 240 Replacement Filter - Replacement HEPA Filter for PuroAir 240 Purifier - Captures up to 99% of Pollen, Smoke, Pollen, Dust and Common Household Pollutants</p><p>$48.00</p><a href="https://www.amazon.com/dp/B099CN2MRK?tag=eloabder-20&linkCode=osi&th=1&psc=1">View Product</a></div><div class="product"><a href="https://www.amazon.com/dp/B0055521W0?tag=eloabder-20&linkCode=osi&th=1&psc=1"><img src="https://m.media-amazon.com/images/I/41Hs7ixdyXL._SL500_.jpg" alt="Product Image"></a><p>GermGuardian Filter B HEPA Pure Genuine Air Purifier Replacement Filter, Removes 99.97% of Pollutants for AC4825, AC4300, AC4900, AC4825DLX, AC4850, CDAP4500, AP2200, Black/Yellow, FLT4825</p><p>$17.90 ($17.90 / Count)</p><a href="https://www.amazon.com/dp/B0055521W0?tag=eloabder-20&linkCode=osi&th=1&psc=1">View Product</a></div><div class="product"><a href="https://www.amazon.com/dp/B0BNMYKZPV?tag=eloabder-20&linkCode=osi&th=1&psc=1"><img src="https://m.media-amazon.com/images/I/41-K3mB6KkL._SL500_.jpg" alt="Product Image"></a><p>2 Pack True HEPA KILO Filter Compatible with Afloia KILO, KILOPLUS, KILOPRO, MIRO,MIRO PRO and MORENTO MR-Kilo, Kalo Air Purifier, 360Â° 3-Stage Filtration</p><p>$34.99 ($17.50 / Count)</p><a href="https://www.amazon.com/dp/B0BNMYKZPV?tag=eloabder-20&linkCode=osi&th=1&psc=1">View Product</a></div><div class="product"><a href="https://www.amazon.com/dp/B0D3M4Y9W7?tag=eloabder-20&linkCode=osi&th=1&psc=1"><img src="https://m.media-amazon.com/images/I/41tzW+mkZuL._SL500_.jpg" alt="Product Image"></a><p>Breshair 14 True HEPA Filter Replacement Compatible with PuroAir 240 Air Purifier, 3-in-1 Filtration System with Activated Carbon Filter, 2-Pack</p><p>$31.56 ($15.78 / Count)</p><a href="https://www.amazon.com/dp/B0D3M4Y9W7?tag=eloabder-20&linkCode=osi&th=1&psc=1">View Product</a></div><div class="product"><a href="https://www.amazon.com/dp/B0CB18MVX6?tag=eloabder-20&linkCode=osi&th=1&psc=1"><img src="https://m.media-amazon.com/images/I/519ZmmLOrzL._SL500_.jpg" alt="Product Image"></a><p>2 Pack 3-in-1 H13 True HEPA Replacement Filter Compatible with Pure Enrichment PureZone Air Purifier Part# PEAIRPLG</p><p>$23.99 ($12.00 / Count)</p><a href="https://www.amazon.com/dp/B0CB18MVX6?tag=eloabder-20&linkCode=osi&th=1&psc=1">View Product</a></div><div class="product"><a href="https://www.amazon.com/dp/B08JTZMRML?tag=eloabder-20&linkCode=osi&th=1&psc=1"><img src="https://m.media-amazon.com/images/I/51yx60sCjHL._SL500_.jpg" alt="Product Image"></a><p>6 Pack HPA300 HEPA Filter Replacement for Honeywell HPA300 Series Air Purifiers HPA300, HPA300VP, HPA304, HPA3300, Replace HRF-R3 (6 Ture HEPA R Replacement Filter + 8 Activated Carbon Pre-Filter)</p><p>$47.99 ($3.43 / Count)</p><a href="https://www.amazon.com/dp/B08JTZMRML?tag=eloabder-20&linkCode=osi&th=1&psc=1">View Product</a></div><div class="product"><a href="https://www.amazon.com/dp/B0CF1GLSYS?tag=eloabder-20&linkCode=osi&th=1&psc=1"><img src="https://m.media-amazon.com/images/I/41709EXRzXL._SL500_.jpg" alt="Product Image"></a><p>CHIVALZ 4 Pack HY4866 True HEPA Replacement Filters Compatible with MORENTO HY4866 Air Purifier, WESTHEY HY4866 Air Purifier and YIOU M1 Air Cleaner Purifier, Original Version</p><p>$39.99 ($10.00 / Count)</p><a href="https://www.amazon.com/dp/B0CF1GLSYS?tag=eloabder-20&linkCode=osi&th=1&psc=1">View Product</a></div>







<div class="product"><a href="https://www.amazon.com/dp/B0CYKMFKR9?tag=eloabder-20&linkCode=osi&th=1&psc=1"><img src="https://m.media-amazon.com/images/I/316zU-ozoxL._SL500_.jpg" alt="Product Image"></a><p>Air Purifier Replacement Filter for Space Heater Bladeless Fan</p><p>$29.99</p><a href="https://www.amazon.com/dp/B0CYKMFKR9?tag=eloabder-20&linkCode=osi&th=1&psc=1">View Product</a></div>
<div class="product"><a href="https://www.amazon.com/dp/B07MRH6VY7?tag=eloabder-20&linkCode=osi&th=1&psc=1"><img src="https://m.media-amazon.com/images/I/51g-nuN4A5L._SL500_.jpg" alt="Product Image"></a><p>Colorfullife Replacement Air Purifier Filter for Dyson Tower Purifier Pure Cool Link TP01, TP02, TP03, BP01, Compare to Part 968126-03ï¼Œ2 Pack</p><p>$26.99</p><a href="https://www.amazon.com/dp/B07MRH6VY7?tag=eloabder-20&linkCode=osi&th=1&psc=1">View Product</a></div><div class="product"><a href="https://www.amazon.com/dp/B07TX5SW7J?tag=eloabder-20&linkCode=osi&th=1&psc=1"><img src="https://m.media-amazon.com/images/I/512Kn+cPglL._SL500_.jpg" alt="Product Image"></a><p>TP01 HEPA Filter Replacement Compatible with Dyson Tower Purifier Pure Cool Link TP01, TP02, TP03, AM11, BP01 Models, Compare to Part # 968126-03 (Pack of 2)</p><p>$27.95 ($13.98 / Count)</p><a href="https://www.amazon.com/dp/B07TX5SW7J?tag=eloabder-20&linkCode=osi&th=1&psc=1">View Product</a></div><div class="product"><a href="https://www.amazon.com/dp/B0CC24GZGB?tag=eloabder-20&linkCode=osi&th=1&psc=1"><img src="https://m.media-amazon.com/images/I/41woNpZ9VgL._SL500_.jpg" alt="Product Image"></a><p>TP01 TP02 Filter Compatible with Dyson Pure Cool Link Purifying Tower Fan TP00 TP03 AM11 and Cool Me BP01 Personal Series, 360Â° Air Purifier Filter Replacement 968126-03, 1-Pack</p><p>$25.99</p><a href="https://www.amazon.com/dp/B0CC24GZGB?tag=eloabder-20&linkCode=osi&th=1&psc=1">View Product</a></div><div class="product"><a href="https://www.amazon.com/dp/B0CX23N2JJ?tag=eloabder-20&linkCode=osi&th=1&psc=1"><img src="https://m.media-amazon.com/images/I/3145hmd5j7L._SL500_.jpg" alt="Product Image"></a><p>Dreo Air Purifiers Replacement Filter, HEPA Filter for Dreo Purifier Tower Fan MC710S, with 2 Stage Filtration, Black, Standard(DR-HPA019)</p><p>$39.99</p><a href="https://www.amazon.com/dp/B0CX23N2JJ?tag=eloabder-20&linkCode=osi&th=1&psc=1">View Product</a></div>










<div class="product"><a href="https://www.amazon.com/dp/B001U0OJ7O?tag=eloabder-20&linkCode=osi&th=1&psc=1"><img src="https://m.media-amazon.com/images/I/41XEg3QV-wL._SL500_.jpg" alt="Product Image"></a><p>Whirlpool W10165294RB 15-Inch Plastic Trash Compactor ct, 60 Bags, Count</p><p>$48.34</p><a href="https://www.amazon.com/dp/B001U0OJ7O?tag=eloabder-20&linkCode=osi&th=1&psc=1">View Product</a></div><div class="product"><a href="https://www.amazon.com/dp/B0CC3V4ZZ4?tag=eloabder-20&linkCode=osi&th=1&psc=1"><img src="https://m.media-amazon.com/images/I/31bbvodHnjL._SL500_.jpg" alt="Product Image"></a><p>Waste Smasher- Hand-Held Manual Trash Compactor Dishwasher Safe Black</p><p>$24.95</p><a href="https://www.amazon.com/dp/B0CC3V4ZZ4?tag=eloabder-20&linkCode=osi&th=1&psc=1">View Product</a></div><div class="product"><a href="https://www.amazon.com/dp/B00IYO5914?tag=eloabder-20&linkCode=osi&th=1&psc=1"><img src="https://m.media-amazon.com/images/I/51SLpTXIYNL._SL500_.jpg" alt="Product Image"></a><p>Kitchen Master Super Strong Compactor Bags Pre Cuffed (12 Pack)</p><p>$34.95</p><a href="https://www.amazon.com/dp/B00IYO5914?tag=eloabder-20&linkCode=osi&th=1&psc=1">View Product</a></div><div class="product"><a href="https://www.amazon.com/dp/B075DJ4ZVQ?tag=eloabder-20&linkCode=osi&th=1&psc=1"><img src="https://m.media-amazon.com/images/I/51Vaek4I89L._SL500_.jpg" alt="Product Image"></a><p>Dano Pre-Cuffed Compactor Bags</p><p>$32.95 ($2.75 / Count)</p><a href="https://www.amazon.com/dp/B075DJ4ZVQ?tag=eloabder-20&linkCode=osi&th=1&psc=1">View Product</a></div><div class="product"><a href="https://www.amazon.com/dp/B0C2DCVCBJ?tag=eloabder-20&linkCode=osi&th=1&psc=1"><img src="https://m.media-amazon.com/images/I/51072CtaKuL._SL500_.jpg" alt="Product Image"></a><p>60-pack W10165294RB Trash Compactor Bags - leak-proof trash compactor bags for kitchen 60-ct 15 inches - Fits 15-inch Rectangular Drawer Compactors</p><p>$45.99 ($0.77 / Count)</p><a href="https://www.amazon.com/dp/B0C2DCVCBJ?tag=eloabder-20&linkCode=osi&th=1&psc=1">View Product</a></div><div class="product"><a href="https://www.amazon.com/dp/B001U0OJ7E?tag=eloabder-20&linkCode=osi&th=1&psc=1"><img src="https://m.media-amazon.com/images/I/41c0z26RyvL._SL500_.jpg" alt="Product Image"></a><p>Whirlpool W10165293RB Genuine OEM 60 Pack-Plastic Compactor Bags-18" Models â€“ 1394369, 4178058, 4318932, 4318933, 4318935, 4318937, 4318939, AH1964576, EA1964576, PS1964576</p><p>$48.64 ($0.81 / Count)</p><a href="https://www.amazon.com/dp/B001U0OJ7E?tag=eloabder-20&linkCode=osi&th=1&psc=1">View Product</a></div><div class="product"><a href="https://www.amazon.com/dp/B00W27J16S?tag=eloabder-20&linkCode=osi&th=1&psc=1"><img src="https://m.media-amazon.com/images/I/41RaOjAGlrL._SL500_.jpg" alt="Product Image"></a><p>Compactor Bags Pre Cuffed (50 Pack)</p><p>$84.95 ($1.70 / count)</p><a href="https://www.amazon.com/dp/B00W27J16S?tag=eloabder-20&linkCode=osi&th=1&psc=1">View Product</a></div><div class="product"><a href="https://www.amazon.com/dp/B00MOCYY2W?tag=eloabder-20&linkCode=osi&th=1&psc=1"><img src="https://m.media-amazon.com/images/I/41SH8mDsAnL._SL500_.jpg" alt="Product Image"></a><p>GE WX60X1 Genuine OEM Universal Trash Compactor Bags for GE Trash Compactors</p><p>$19.00</p><a href="https://www.amazon.com/dp/B00MOCYY2W?tag=eloabder-20&linkCode=osi&th=1&psc=1">View Product</a></div><div class="product"><a href="https://www.amazon.com/dp/B0D7SFSTNG?tag=eloabder-20&linkCode=osi&th=1&psc=1"><img src="https://m.media-amazon.com/images/I/41szt9tZJPL._SL500_.jpg" alt="Product Image"></a><p>4PCS Trash Compactor Charcoal Air Filter Fit for Whirlpool/KitchenAid/Maytag/Jenn-Air/Amana/Inglis/Magic Chef Trash Compactor, Replaces 4151750 554358 WP4151750 AP6009134 PS11742279</p><p>$23.59 ($5.90 / Count)</p><a href="https://www.amazon.com/dp/B0D7SFSTNG?tag=eloabder-20&linkCode=osi&th=1&psc=1">View Product</a></div>
<div class="product"><a href="https://www.amazon.com/dp/B0CGLX5ZB9?tag=eloabder-20&linkCode=osi&th=1&psc=1"><img src="https://m.media-amazon.com/images/I/51qeRZQS98L._SL500_.jpg" alt="Product Image"></a><p>Spare Replacement Parts Compatible with MAMNV BR150 BR151, ZCWA BR150 BR151, MANVINS G20 Robot Vacuum and Mop Combo Accessories Include: 3 Hepa Filters 3 Mop Pads 6 Side Spin Brushes</p><p>$9.98</p><a href="https://www.amazon.com/dp/B0CGLX5ZB9?tag=eloabder-20&linkCode=osi&th=1&psc=1">View Product</a></div><div class="product"><a href="https://www.amazon.com/dp/B0B28DGZBG?tag=eloabder-20&linkCode=osi&th=1&psc=1"><img src="https://m.media-amazon.com/images/I/51ooMN4RqML._SL500_.jpg" alt="Product Image"></a><p>Replacement Parts for Shark AI AV2511AE AV2501S AV2610WA AV2501AE RV2502AE RV2610WA RV2520 AV2510 2-In-1 AI Ultra Robot Vacuum Cleaner Accessories Kits. Main Brush, HEPA Filter, Foam Filter,Side Brush</p><p>$19.99 ($1.05 / Count)</p><a href="https://www.amazon.com/dp/B0B28DGZBG?tag=eloabder-20&linkCode=osi&th=1&psc=1">View Product</a></div><div class="product"><a href="https://www.amazon.com/dp/B0782T7L6P?tag=eloabder-20&linkCode=osi&th=1&psc=1"><img src="https://m.media-amazon.com/images/I/41hTVkuzMJL._SL500_.jpg" alt="Product Image"></a><p>10pcs HEPA Filters Replacement for ILIFE V3s V3s pro V5 V5s V5s Pro V5s Pro 2 V5s Plus Noisz S5 Robotic Vacuum Cleaner ILIFE V3s pro Filters ILIFE Robot Vacuum Filter</p><p>$9.80 ($0.98 / Count)</p><a href="https://www.amazon.com/dp/B0782T7L6P?tag=eloabder-20&linkCode=osi&th=1&psc=1">View Product</a></div><div class="product"><a href="https://www.amazon.com/dp/B0CXLVHTTC?tag=eloabder-20&linkCode=osi&th=1&psc=1"><img src="https://m.media-amazon.com/images/I/51BT3phYzKL._SL500_.jpg" alt="Product Image"></a><p>HUIZHEN Spare Accessories for MAMNV BR150/BR151, for ZCWA BR150/BR151, for MANVINS G20,for GTTVO BR150/BR151,for ONSON BR150/BR151 Robot Vacuum Replacement Parts,6 Side Brush,4 HEPA Filters,4 Mop Pads</p><p>$9.99</p><a href="https://www.amazon.com/dp/B0CXLVHTTC?tag=eloabder-20&linkCode=osi&th=1&psc=1">View Product</a></div><div class="product"><a href="https://www.amazon.com/dp/B08RYDDQL8?tag=eloabder-20&linkCode=osi&th=1&psc=1"><img src="https://m.media-amazon.com/images/I/314Xd7+oBXL._SL500_.jpg" alt="Product Image"></a><p>AirClean 4 Pack 3.7" High Replacement Base Pre-Motor Foam Filters Compatible with Shark IQ Robot Vacuum R101AE RV1001AE UR1005AE Self-Empty Base</p><p>$12.99 ($3.25 / Count)</p><a href="https://www.amazon.com/dp/B08RYDDQL8?tag=eloabder-20&linkCode=osi&th=1&psc=1">View Product</a></div><div class="product"><a href="https://www.amazon.com/dp/B0CJLHJ557?tag=eloabder-20&linkCode=osi&th=1&psc=1"><img src="https://m.media-amazon.com/images/I/41iQm8hUjiL._SL500_.jpg" alt="Product Image"></a><p>Replacement Parts Compatible with WYZE Robot Vacuum Cleaner WVCR200S Accessories, 2 Main Brushes, 6 Hepa Filters, 8 Side Brushes Attachment Spare Pack</p><p>$14.99 ($0.94 / Count)</p><a href="https://www.amazon.com/dp/B0CJLHJ557?tag=eloabder-20&linkCode=osi&th=1&psc=1">View Product</a></div>
<div class="product"><a href="https://www.amazon.com/dp/B0C4595Q8P?tag=eloabder-20&linkCode=osi&th=1&psc=1"><img src="https://m.media-amazon.com/images/I/51k23SAtRxL._SL500_.jpg" alt="Product Image"></a><p>4 Pack FSV001 HEPA Filter Compatiable with Fabuletta FSV101, FSV001, Girnoor G160&G165, Afoddon A300, Lubluelu 202, Oraimo Cordless Vacuum Cleaner, Besswin W26 Cordless Stick Vacuum Cleaners</p><p>$15.99 ($4.00 / Count)</p><a href="https://www.amazon.com/dp/B0C4595Q8P?tag=eloabder-20&linkCode=osi&th=1&psc=1">View Product</a></div>
<div class="product"><a href="https://www.amazon.com/dp/B0BNKJX96X?tag=eloabder-20&linkCode=osi&th=1&psc=1"><img src="https://m.media-amazon.com/images/I/41OPeLFppoL._SL500_.jpg" alt="Product Image"></a><p>6 PACK 2033 Replacement Filter Compatible with Bissell Featherweight Stick Lightweight Bagless Vacuum Cleaner 20331, 20333, 20334, 20336, 20339, 2033M,6 Mesh Filter 6 Foam Filters, Replace # 1611508</p><p>$14.99 ($2.50 / Count)</p><a href="https://www.amazon.com/dp/B0BNKJX96X?tag=eloabder-20&linkCode=osi&th=1&psc=1">View Product</a></div><div class="product"><a href="https://www.amazon.com/dp/B0CMBWLTSM?tag=eloabder-20&linkCode=osi&th=1&psc=1"><img src="https://m.media-amazon.com/images/I/41PHqKaLTDL._SL500_.jpg" alt="Product Image"></a><p>18V ONE + Cordless Pet Stick Vacuum Filter for Ryobi, PCL720, PBLSV716, PBLSV717 Stick Vacuum, Reusable Washable Filters, Compare to Part A32SV720N, 6 Pack</p><p>$15.99 ($2.66 / Count)</p><a href="https://www.amazon.com/dp/B0CMBWLTSM?tag=eloabder-20&linkCode=osi&th=1&psc=1">View Product</a></div><div class="product"><a href="https://www.amazon.com/dp/B0CXDYWWT9?tag=eloabder-20&linkCode=osi&th=1&psc=1"><img src="https://m.media-amazon.com/images/I/41F1csTT8jL._SL500_.jpg" alt="Product Image"></a><p>2 Replacement Filters for Craftsman V20 Cordless Stick Vacuum CMCVS001D1, for Black Decker BSVF1 BSV2020 BSV2020G BSV2020P Cordless Stick Vacuum Cleaner with 1 Cleaning Brush</p><p>$14.99</p><a href="https://www.amazon.com/dp/B0CXDYWWT9?tag=eloabder-20&linkCode=osi&th=1&psc=1">View Product</a></div><div class="product"><a href="https://www.amazon.com/dp/B0CCJ5N5DH?tag=eloabder-20&linkCode=osi&th=1&psc=1"><img src="https://m.media-amazon.com/images/I/41xmhDPqk8L._SL500_.jpg" alt="Product Image"></a><p>Aolleteau 1 Pack Brush Roller Compatible with Black + Decker BSV2020, BSV2020P, BSV2020G Powerseries Extreme Cordless Stick Vacuum and Compatible with Craftsman V20 Cordless Stick Vacuum CMCVS001D1</p><p>$17.99</p><a href="https://www.amazon.com/dp/B0CCJ5N5DH?tag=eloabder-20&linkCode=osi&th=1&psc=1">View Product</a></div><div class="product"><a href="https://www.amazon.com/dp/B0CQY61LFD?tag=eloabder-20&linkCode=osi&th=1&psc=1"><img src="https://m.media-amazon.com/images/I/31swBBC444L._SL500_.jpg" alt="Product Image"></a><p>Tablenco for Shark HZ602 Filter Replacement Ultralight Pet Pro Corded Stick Vacuum and HZ2002 Vertex DuoClean PowerFins fit HZ2000 HZ251 HZ250 HH200 HH202,4 Foam Felt 4 Motor Kit (No cleaning brush)</p><p>$9.98</p><a href="https://www.amazon.com/dp/B0CQY61LFD?tag=eloabder-20&linkCode=osi&th=1&psc=1">View Product</a></div><div class="product"><a href="https://www.amazon.com/dp/B09Q55KW8W?tag=eloabder-20&linkCode=osi&th=1&psc=1"><img src="https://m.media-amazon.com/images/I/51MKsJy6nSL._SL500_.jpg" alt="Product Image"></a><p>Anicell 2033 Featherweight Filter for Bissell Featherweight Stick Lightweight Bagless Vacuum 20331 20333 20334 20336 20339 2033M, 4 Mesh Filters 6 Foam Filters Replacement, Replace part# 1611508</p><p>$11.99</p><a href="https://www.amazon.com/dp/B09Q55KW8W?tag=eloabder-20&linkCode=osi&th=1&psc=1">View Product</a></div><div class="product"><a href="https://www.amazon.com/dp/B0CDVG7LHD?tag=eloabder-20&linkCode=osi&th=1&psc=1"><img src="https://m.media-amazon.com/images/I/41hjN1Te6sL._SL500_.jpg" alt="Product Image"></a><p>Moreffi 3 Pack Filter Replacement For HART Cordless Stick Vacuum HPSV01 and HPSV50, Compare to Part Number HASV01</p><p>$19.99 ($6.66 / Count)</p><a href="https://www.amazon.com/dp/B0CDVG7LHD?tag=eloabder-20&linkCode=osi&th=1&psc=1">View Product</a></div>
<div class="product"><a href="https://www.amazon.com/dp/B07DQ9TZC8?tag=eloabder-20&linkCode=osi&th=1&psc=1"><img src="https://m.media-amazon.com/images/I/41PHyZ20FuL._SL500_.jpg" alt="Product Image"></a><p>Kenmore 53294 Style O HEPA Cloth Vacuum Bags for Kenmore Upright Vacuum Cleaners 6 Pack,White</p><p>$20.99 ($3.50 / Count)</p><a href="https://www.amazon.com/dp/B07DQ9TZC8?tag=eloabder-20&linkCode=osi&th=1&psc=1">View Product</a></div><div class="product"><a href="https://www.amazon.com/dp/B08MXVTTT2?tag=eloabder-20&linkCode=osi&th=1&psc=1"><img src="https://m.media-amazon.com/images/I/41T6wRpIMzL._SL500_.jpg" alt="Product Image"></a><p>Kenmore IB600 HEPA Replacement Intuition Upright Vacuum Cleaner Bags for BU4022, BU4020, BU4018, BU4050, BU3040,White</p><p>$18.75</p><a href="https://www.amazon.com/dp/B08MXVTTT2?tag=eloabder-20&linkCode=osi&th=1&psc=1">View Product</a></div><div class="product"><a href="https://www.amazon.com/dp/B01010JVYO?tag=eloabder-20&linkCode=osi&th=1&psc=1"><img src="https://m.media-amazon.com/images/I/51Anluh47GL._SL500_.jpg" alt="Product Image"></a><p>EnviroCare Replacement Micro Filtration Vacuum Cleaner Dust Bags Designed to fit Hoover Windtunnel Upright Type Y 9 pack</p><p>$9.89 ($1.10 / Count)</p><a href="https://www.amazon.com/dp/B01010JVYO?tag=eloabder-20&linkCode=osi&th=1&psc=1">View Product</a></div><div class="product"><a href="https://www.amazon.com/dp/B0D5CP3WBY?tag=eloabder-20&linkCode=osi&th=1&psc=1"><img src="https://m.media-amazon.com/images/I/31MaGmsVOwL._SL500_.jpg" alt="Product Image"></a><p>Bagless Upright Kenmore Vacuum HEPA Filters, Compatible with Foam Filters, Felt Filters and Upright vacuum cleaner for Models K4010,DU2015,DU2012(includes 1 Hepa Filters,2 Foam and 2 Felt Filters)</p><p>$12.99</p><a href="https://www.amazon.com/dp/B0D5CP3WBY?tag=eloabder-20&linkCode=osi&th=1&psc=1">View Product</a></div><div class="product"><a href="https://www.amazon.com/dp/B0CBFV28WX?tag=eloabder-20&linkCode=osi&th=1&psc=1"><img src="https://m.media-amazon.com/images/I/51LIYI0wXSL._SL500_.jpg" alt="Product Image"></a><p>16 Packs Vacuum Bags for Oreck Type CC, Compatible with All Oreck XL Upright Vacuum Cleaner - Replaces Part # CCPK8DW</p><p>$21.99 ($1.37 / Count)</p><a href="https://www.amazon.com/dp/B0CBFV28WX?tag=eloabder-20&linkCode=osi&th=1&psc=1">View Product</a></div><div class="product"><a href="https://www.amazon.com/dp/B00F9GQMHA?tag=eloabder-20&linkCode=osi&th=1&psc=1"><img src="https://m.media-amazon.com/images/I/51lhelurelL._SL500_.jpg" alt="Product Image"></a><p>EnviroCare Replacement Premium Vacuum Cleaner Dust Bags made to fit Eureka F&G Uprights 9 bags</p><p>$11.09</p><a href="https://www.amazon.com/dp/B00F9GQMHA?tag=eloabder-20&linkCode=osi&th=1&psc=1">View Product</a></div><div class="product"><a href="https://www.amazon.com/dp/B002CI8G1I?tag=eloabder-20&linkCode=osi&th=1&psc=1"><img src="https://m.media-amazon.com/images/I/51PYQrQpbSL._SL500_.jpg" alt="Product Image"></a><p>EnviroCare Replacement Micro Filtration Vacuum Cleaner Dust Bags made to fit Kenmore Upright Type U/L/O 50688 and 50690, Panasonic Type U-2, Miele Type Z. 9 pack</p><p>$9.99</p><a href="https://www.amazon.com/dp/B002CI8G1I?tag=eloabder-20&linkCode=osi&th=1&psc=1">View Product</a></div>
<div class="product"><a href="https://www.amazon.com/dp/B07GNQJ67P?tag=eloabder-20&linkCode=osi&th=1&psc=1"><img src="https://m.media-amazon.com/images/I/41XHnKbgjAL._SL500_.jpg" alt="Product Image"></a><p>Kenmore 53292 Type Q HEPA Replacement Dust Bags for Canister Vacuum 81214, 81414, 81714, 21814, BC2005, BC3005, 81615, BC7005, 6 Count (Pack of 1)</p><p>$13.24 ($2.21 / Count)</p><a href="https://www.amazon.com/dp/B07GNQJ67P?tag=eloabder-20&linkCode=osi&th=1&psc=1">View Product</a></div><div class="product"><a href="https://www.amazon.com/dp/B01L0C0FVK?tag=eloabder-20&linkCode=osi&th=1&psc=1"><img src="https://m.media-amazon.com/images/I/51ZIjbo9NVL._SL500_.jpg" alt="Product Image"></a><p>Envirocare Replacement Vacuum Bags Compatible with Kenmore Canister Type C/Q. 5055, 50557 and 50558 Panasonic Type C-5 Vacuums,15 pack</p><p>$16.16</p><a href="https://www.amazon.com/dp/B01L0C0FVK?tag=eloabder-20&linkCode=osi&th=1&psc=1">View Product</a></div><div class="product"><a href="https://www.amazon.com/dp/B0BTRTP2PM?tag=eloabder-20&linkCode=osi&th=1&psc=1"><img src="https://m.media-amazon.com/images/I/41K295aRv9L._SL500_.jpg" alt="Product Image"></a><p>Vacuum Cleaner Bags Fit for Kenmore Canister Type C/Q 50555 50557 50558 and Type C-5, 10PCs</p><p>$15.99</p><a href="https://www.amazon.com/dp/B0BTRTP2PM?tag=eloabder-20&linkCode=osi&th=1&psc=1">View Product</a></div><div class="product"><a href="https://www.amazon.com/dp/B0CRQYGLZX?tag=eloabder-20&linkCode=osi&th=1&psc=1"><img src="https://m.media-amazon.com/images/I/413iXp+j3ML._SL500_.jpg" alt="Product Image"></a><p>15 Pack Canister Vacuum Cleaner Bags Compatible with Kenmore Canister Type C/Q 5055, 50555, 50557, 50558 and Type C-5, C-18, 53292, 200 Series, 400 Series, 600 Series, 700 Series, 800 Series Vacuum</p><p>$11.69</p><a href="https://www.amazon.com/dp/B0CRQYGLZX?tag=eloabder-20&linkCode=osi&th=1&psc=1">View Product</a></div><div class="product"><a href="https://www.amazon.com/dp/B00QGD3SBI?tag=eloabder-20&linkCode=osi&th=1&psc=1"><img src="https://m.media-amazon.com/images/I/51xw0asyqTL._SL500_.jpg" alt="Product Image"></a><p>EnviroCare Replacement Vacuum Bags made to fit Kenmore Canister Type C or Q 50555, 50558, 50557 and Panasonic Type C-5 Vacuums, 9 pack</p><p>$9.79</p><a href="https://www.amazon.com/dp/B00QGD3SBI?tag=eloabder-20&linkCode=osi&th=1&psc=1">View Product</a></div><div class="product"><a href="https://www.amazon.com/dp/B0CQP9NP5N?tag=eloabder-20&linkCode=osi&th=1&psc=1"><img src="https://m.media-amazon.com/images/I/41WnNkTz8zL._SL500_.jpg" alt="Product Image"></a><p>8 Pack Replacement Vacuum Bags Compatible with Kenmore Canister Type C/Q. 5055, 50104, 50557 and 50558 Panasonic Type C-5 Vacuums</p><p>$9.99 ($1.25 / Count)</p><a href="https://www.amazon.com/dp/B0CQP9NP5N?tag=eloabder-20&linkCode=osi&th=1&psc=1">View Product</a></div>
<div class="product"><a href="https://www.amazon.com/dp/B09M3Y2BHR?tag=eloabder-20&linkCode=osi&th=1&psc=1"><img src="https://m.media-amazon.com/images/I/31tevngai1L._SL500_.jpg" alt="Product Image"></a><p>Ymimi Vacuum Filter Compatible with Eureka WhirlWind Bagless Canister Vacuum Cleaner,Fits NEN110A,NEN110B,NEN110Dï¼ˆ2-Packï¼‰</p><p>$11.99 ($6.00 / Count)</p><a href="https://www.amazon.com/dp/B09M3Y2BHR?tag=eloabder-20&linkCode=osi&th=1&psc=1">View Product</a></div><div class="product"><a href="https://www.amazon.com/dp/B07J1WWBHN?tag=eloabder-20&linkCode=osi&th=1&psc=1"><img src="https://m.media-amazon.com/images/I/51gmkDrnR2L._SL500_.jpg" alt="Product Image"></a><p>Bissell Powerforce Helix Bagless Washable Premotor Filter #1608225, Black</p><p>$7.78</p><a href="https://www.amazon.com/dp/B07J1WWBHN?tag=eloabder-20&linkCode=osi&th=1&psc=1">View Product</a></div><div class="product"><a href="https://www.amazon.com/dp/B0BK64TMMK?tag=eloabder-20&linkCode=osi&th=1&psc=1"><img src="https://m.media-amazon.com/images/I/41OBMvET7eL._SL500_.jpg" alt="Product Image"></a><p>Vacuum Belt Replacement for Bissell Cleanview Swivel Pet Upright Bagless/Powerlifter Vacuum Cleaner, fits model: 2252, 2254, 22543, 2258,2259, 2260,2316, 2739, 1793, Parts # 3031120, 32074</p><p>$6.99</p><a href="https://www.amazon.com/dp/B0BK64TMMK?tag=eloabder-20&linkCode=osi&th=1&psc=1">View Product</a></div><div class="product"><a href="https://www.amazon.com/dp/B0BKKL3WRB?tag=eloabder-20&linkCode=osi&th=1&psc=1"><img src="https://m.media-amazon.com/images/I/410jMe-FjIL._SL500_.jpg" alt="Product Image"></a><p>Aolleteau F1 HEPA Filter Compatible with Dirt Devil Bagless Upright Cleaner Models Extra Lite, Breeze, Featherlite Bagless, Jaguar Bagless,Platinum Force Vision, Scorpion and Vision Bagless (2 Pack)</p><p>$13.99 ($7.00 / Count)</p><a href="https://www.amazon.com/dp/B0BKKL3WRB?tag=eloabder-20&linkCode=osi&th=1&psc=1">View Product</a></div><div class="product"><a href="https://www.amazon.com/dp/B09SG1P4WN?tag=eloabder-20&linkCode=osi&th=1&psc=1"><img src="https://m.media-amazon.com/images/I/51+Mr+Wq5ML._SL500_.jpg" alt="Product Image"></a><p>NEN110A Vacuum Filter, Inlet Frame and Sponge Filter Compatible with Eureka Whirlwind Bagless Canister Vacuum Cleaner, Fits NEN110A, NEN110B, NEN110D(4-Pack)</p><p>$15.99 ($4.00 / Count)</p><a href="https://www.amazon.com/dp/B09SG1P4WN?tag=eloabder-20&linkCode=osi&th=1&psc=1">View Product</a></div>
<div class="product"><a href="https://www.amazon.com/dp/B07GT9VB9X?tag=eloabder-20&linkCode=osi&th=1&psc=1"><img src="https://m.media-amazon.com/images/I/41IokheYtNL._SL500_.jpg" alt="Product Image"></a><p>6 Pack 1940 Bissell Steam Mop Pads for Bissell PowerFresh Steam Mop 1806 1544 1440 2075A 2685A 1940W 19404 Series, Model 19402 19408 1940a 1940f 1940q 1940t B0006 B0017, Part #5938#203-2633</p><p>$16.99 ($2.83 / Count)</p><a href="https://www.amazon.com/dp/B07GT9VB9X?tag=eloabder-20&linkCode=osi&th=1&psc=1">View Product</a></div><div class="product"><a href="https://www.amazon.com/dp/B07H3MYZLD?tag=eloabder-20&linkCode=osi&th=1&psc=1"><img src="https://m.media-amazon.com/images/I/511p6MPxQ0L._SL500_.jpg" alt="Product Image"></a><p>Flammi Steam Pocket Mop Replacement Pads for Shark S3500 Series S3501 S3601 S3550 S3901 SE450 S3801CO S3601D S2901 S2902 Steam Pocket Mop, 4 Pack</p><p>$16.97 ($4.24 / Count)</p><a href="https://www.amazon.com/dp/B07H3MYZLD?tag=eloabder-20&linkCode=osi&th=1&psc=1">View Product</a></div><div class="product"><a href="https://www.amazon.com/dp/B0C8SH97HN?tag=eloabder-20&linkCode=osi&th=1&psc=1"><img src="https://m.media-amazon.com/images/I/31Mex4y7odL._SL500_.jpg" alt="Product Image"></a><p>HOMEXCEL Steam Mop Replacement Pads Compatible with Bissell Powerfresh Steam Mop 1940 1806 1440 1544 Series, Model 19402 19404 19408 2685A 2075A 1940A 1940Q 1940T 1940W, Steam Mop Pads Refills,4 Pack</p><p>$9.99 ($2.50 / Count)</p><a href="https://www.amazon.com/dp/B0C8SH97HN?tag=eloabder-20&linkCode=osi&th=1&psc=1">View Product</a></div><div class="product"><a href="https://www.amazon.com/dp/B0BFWTXS33?tag=eloabder-20&linkCode=osi&th=1&psc=1"><img src="https://m.media-amazon.com/images/I/51pa2h7o0EL._SL500_.jpg" alt="Product Image"></a><p>12 Pack 1940 Steam Mop Replacement Pads for Bissell Powerfresh Steam Mop 1940 1440 1806 1544 2075 2685A 2814 Series, Model 19402 19404 19408 19409 1940A 1940F 1940Q 1940T 1940W B0006 B0017 2075A 15441</p><p>$24.99</p><a href="https://www.amazon.com/dp/B0BFWTXS33?tag=eloabder-20&linkCode=osi&th=1&psc=1">View Product</a></div><div class="product"><a href="https://www.amazon.com/dp/B0CLP5QGTY?tag=eloabder-20&linkCode=osi&th=1&psc=1"><img src="https://m.media-amazon.com/images/I/414HqpKde9L._SL500_.jpg" alt="Product Image"></a><p>10 Pack 1940 1806 2685A Steam Mop Pads For Bissell Powerfresh Steam Mop Deluxe Pet Lift-Off Plus Slim Scrubbing Steam Mop Replacement Pad 1940A 2814 1544A 2075A Power Fresh Steamer Pad Refill Washable</p><p>$22.99 ($2.30 / Count)</p><a href="https://www.amazon.com/dp/B0CLP5QGTY?tag=eloabder-20&linkCode=osi&th=1&psc=1">View Product</a></div><div class="product"><a href="https://www.amazon.com/dp/B078BBKBPV?tag=eloabder-20&linkCode=osi&th=1&psc=1"><img src="https://m.media-amazon.com/images/I/51WcJqtOUIL._SL500_.jpg" alt="Product Image"></a><p>Tidy Monster Steam Mop Replacement Pads Compatible with Bissell Powerfresh Steam Mop 1940 1806 1544 1440 2075A 2685A Series, Part # 5938 & 203-2633, 1606668 & 1606669 (4 Pack Scrub Plush)</p><p>$9.99</p><a href="https://www.amazon.com/dp/B078BBKBPV?tag=eloabder-20&linkCode=osi&th=1&psc=1">View Product</a></div><div class="product"><a href="https://www.amazon.com/dp/B00A6G37SU?tag=eloabder-20&linkCode=osi&th=1&psc=1"><img src="https://m.media-amazon.com/images/I/51xo0LB-SpL._SL500_.jpg" alt="Product Image"></a><p>BISSELL PowerFresh Steam Mop Pads (Pack of 2) with Fragrance discs (4 ct), 5938</p><p>$21.26 ($10.63 / Count)</p><a href="https://www.amazon.com/dp/B00A6G37SU?tag=eloabder-20&linkCode=osi&th=1&psc=1">View Product</a></div>
<div class="product"><a href="https://www.amazon.com/dp/B0D2QFVY7H?tag=eloabder-20&linkCode=osi&th=1&psc=1"><img src="https://m.media-amazon.com/images/I/417B7H+vvML._SL500_.jpg" alt="Product Image"></a><p>Kenmore KS1010 Deep Clean & Revitalize Pet Carpet Cleaner Formula, 64 oz, White, 64 Fl Oz</p><p>$22.73 ($0.36 / Fl Oz)</p><a href="https://www.amazon.com/dp/B0D2QFVY7H?tag=eloabder-20&linkCode=osi&th=1&psc=1">View Product</a></div><div class="product"><a href="https://www.amazon.com/dp/B0BNK8ZJJ1?tag=eloabder-20&linkCode=osi&th=1&psc=1"><img src="https://m.media-amazon.com/images/I/51z0Pc4xcNL._SL500_.jpg" alt="Product Image"></a><p>Bissell Spotlifter Pet Carpet and Upholstery Cleaner with Brush Head - 4 Pack, 93523</p><p>$23.88 ($0.50 / Fl Oz)</p><a href="https://www.amazon.com/dp/B0BNK8ZJJ1?tag=eloabder-20&linkCode=osi&th=1&psc=1">View Product</a></div><div class="product"><a href="https://www.amazon.com/dp/B0CX245D26?tag=eloabder-20&linkCode=osi&th=1&psc=1"><img src="https://m.media-amazon.com/images/I/411CSXvvO1L._SL500_.jpg" alt="Product Image"></a><p>BISSELLÂ® Spot & Stain with Febreze + Gain Original Scent Formula for Little Green Devices, Portable Carpet Cleaners (3968)</p><p>$12.99 ($0.41 / Fl Oz)</p><a href="https://www.amazon.com/dp/B0CX245D26?tag=eloabder-20&linkCode=osi&th=1&psc=1">View Product</a></div><div class="product"><a href="https://www.amazon.com/dp/B083VZW4R5?tag=eloabder-20&linkCode=osi&th=1&psc=1"><img src="https://m.media-amazon.com/images/I/413BULPLmBL._SL500_.jpg" alt="Product Image"></a><p>BISSELL Multi-Surface Pet Formula with Febreze Freshness for Crosswave (80 oz), 2295L</p><p>$22.99 ($0.29 / Fl Oz)</p><a href="https://www.amazon.com/dp/B083VZW4R5?tag=eloabder-20&linkCode=osi&th=1&psc=1">View Product</a></div><div class="product"><a href="https://www.amazon.com/dp/B0D2RGW219?tag=eloabder-20&linkCode=osi&th=1&psc=1"><img src="https://m.media-amazon.com/images/I/41gD+82tnAL._SL500_.jpg" alt="Product Image"></a><p>Vacmaster Clean & Restore Carpet Cleaner Formula â€“ CCS03</p><p>$19.99 ($0.31 / Fl Oz)</p><a href="https://www.amazon.com/dp/B0D2RGW219?tag=eloabder-20&linkCode=osi&th=1&psc=1">View Product</a></div>






<div class="product"><a href="https://www.amazon.com/dp/B0BY64HQTP?tag=eloabder-20&linkCode=osi&th=1&psc=1"><img src="https://m.media-amazon.com/images/I/41hUxHuASYL._SL500_.jpg" alt="Product Image"></a><p>Air Conditioning Motor WZDK13-38G-1(RD-310-13-8) DC Brushless Fan Motor, 13W Inverter air Conditioner Motor DC Motor for Central air Conditioner</p><p>$39.95</p><a href="https://www.amazon.com/dp/B0BY64HQTP?tag=eloabder-20&linkCode=osi&th=1&psc=1">View Product</a></div><div class="product"><a href="https://www.amazon.com/dp/B0CM5YB884?tag=eloabder-20&linkCode=osi&th=1&psc=1"><img src="https://m.media-amazon.com/images/I/310lQ2tAvLL._SL500_.jpg" alt="Product Image"></a><p>Sparkfix OEM WZDK20-38G (ZKFP-20-8-6) Air Conditioner Replacement Motors DC280V 20W Air Conditioning Fan Motor Inverter Air Conditioner Brushless DC Motor 1300RPM CCW</p><p>$42.79</p><a href="https://www.amazon.com/dp/B0CM5YB884?tag=eloabder-20&linkCode=osi&th=1&psc=1">View Product</a></div>













<div class="product"><a href="https://www.amazon.com/dp/B009PCI2JU?tag=eloabder-20&linkCode=osi&th=1&psc=1"><img src="https://m.media-amazon.com/images/I/310ZJurANUL._SL500_.jpg" alt="Product Image"></a><p>GE RPWFE Refrigerator Water Filter | Certified to Reduce Lead, Sulfur, and 50+ Other Impurities | Replace Every 6 Months for Best Results | Pack of 1</p><p>$49.98</p><a href="https://www.amazon.com/dp/B009PCI2JU?tag=eloabder-20&linkCode=osi&th=1&psc=1">View Product</a></div><div class="product"><a href="https://www.amazon.com/dp/B0882ZJ48W?tag=eloabder-20&linkCode=osi&th=1&psc=1"><img src="https://m.media-amazon.com/images/I/41110o9sUoL._SL500_.jpg" alt="Product Image"></a><p>GE XWFE Refrigerator Water Filter | Certified to Reduce Lead, Sulfur, and 50+ Other Impurities | Replace Every 6 Months for Best Results | Pack of 1, White</p><p>$49.00</p><a href="https://www.amazon.com/dp/B0882ZJ48W?tag=eloabder-20&linkCode=osi&th=1&psc=1">View Product</a></div><div class="product"><a href="https://www.amazon.com/dp/B074HLRXMP?tag=eloabder-20&linkCode=osi&th=1&psc=1"><img src="https://m.media-amazon.com/images/I/21oDpGCQXiL._SL500_.jpg" alt="Product Image"></a><p>LG LT1000P - 6 Month / 200 Gallon Capacity Replacement Refrigerator Water Filter (NSF42, NSF53, and NSF401) ADQ74793501, ADQ75795105, or AGF80300704 , White</p><p>$47.00</p><a href="https://www.amazon.com/dp/B074HLRXMP?tag=eloabder-20&linkCode=osi&th=1&psc=1">View Product</a></div><div class="product"><a href="https://www.amazon.com/dp/B01BKWSHHE?tag=eloabder-20&linkCode=osi&th=1&psc=1"><img src="https://m.media-amazon.com/images/I/31E2+zlkvjL._SL500_.jpg" alt="Product Image"></a><p>Frigidaire EPTWFU01 Water Filtration Filter, 1 Count, White</p><p>$42.99</p><a href="https://www.amazon.com/dp/B01BKWSHHE?tag=eloabder-20&linkCode=osi&th=1&psc=1">View Product</a></div><div class="product"><a href="https://www.amazon.com/dp/B08V6JB9R7?tag=eloabder-20&linkCode=osi&th=1&psc=1"><img src="https://m.media-amazon.com/images/I/31PRPEffCZL._SL500_.jpg" alt="Product Image"></a><p>Frigidaire FPPWFU01 PurePour PWF-1 Water Filter 1 Count (Pack of 1)</p><p>$45.81</p><a href="https://www.amazon.com/dp/B08V6JB9R7?tag=eloabder-20&linkCode=osi&th=1&psc=1">View Product</a></div><div class="product"><a href="https://www.amazon.com/dp/B000AST3AK?tag=eloabder-20&linkCode=osi&th=1&psc=1"><img src="https://m.media-amazon.com/images/I/41DUoSxpwTS._SL500_.jpg" alt="Product Image"></a><p>GE MWF Refrigerator Water Filter | Certified to Reduce Lead, Sulfur, and 50+ Other Impurities | Replace Every 6 Months for Best Results | Pack of 1</p><p>$39.98</p><a href="https://www.amazon.com/dp/B000AST3AK?tag=eloabder-20&linkCode=osi&th=1&psc=1">View Product</a></div><div class="product"><a href="https://www.amazon.com/dp/B0CFZR7K8D?tag=eloabder-20&linkCode=osi&th=1&psc=1"><img src="https://m.media-amazon.com/images/I/31WM5sdhKLL._SL500_.jpg" alt="Product Image"></a><p>HMASAV W10295370A water filter replacement, Compatible with EDR1RXD1,EDR1RXD1B,W10295370,Filter 1,WHR1RXD1,KAD1RXD1,P4RFWB,P8RFWB2L,46-9930,46-9081 2PACK</p><p>$29.99 ($15.00 / Count)</p><a href="https://www.amazon.com/dp/B0CFZR7K8D?tag=eloabder-20&linkCode=osi&th=1&psc=1">View Product</a></div><div class="product"><a href="https://www.amazon.com/dp/B07JM9TTTT?tag=eloabder-20&linkCode=osi&th=1&psc=1"><img src="https://m.media-amazon.com/images/I/41CfAtJ8TPL._SL500_.jpg" alt="Product Image"></a><p>GLACIER FRESH LT1000PC Replacement Water Filter, Compatible with LT1000PC/PCS, LT1000PC, LT-1000PC, MDJ64844601, ADQ747935 ADQ74793504 Filter and LT120F ADQ73334008 Fresh Air (3+3)</p><p>$39.99 ($13.33 / Count)</p><a href="https://www.amazon.com/dp/B07JM9TTTT?tag=eloabder-20&linkCode=osi&th=1&psc=1">View Product</a></div><div class="product"><a href="https://www.amazon.com/dp/B003N1ZSYG?tag=eloabder-20&linkCode=osi&th=1&psc=1"><img src="https://m.media-amazon.com/images/I/31Mbrkrxu1L._SL500_.jpg" alt="Product Image"></a><p>SAMSUNG Genuine Filter for Refrigerator Water and Ice, Carbon Block Filtration for Clean, Clear Drinking Water, 6-Month Life, HAF-CIN/EXP, 1 Pack</p><p>$39.99</p><a href="https://www.amazon.com/dp/B003N1ZSYG?tag=eloabder-20&linkCode=osi&th=1&psc=1">View Product</a></div>









<div class="product"><a href="https://www.amazon.com/dp/B0B2NZ47HN?tag=eloabder-20&linkCode=osi&th=1&psc=1"><img src="https://m.media-amazon.com/images/I/41nC6c2XxJL._SL500_.jpg" alt="Product Image"></a><p>OTE Portable Sparkling Water Maker Soda Maker Machine for home with 20PCS Cylinders 450ml Personal seltzer Carbonators Electroless Double Layer PET Bottle BPA Free Double Pressure Relief Valves -Pink</p><p>$49.99</p><a href="https://www.amazon.com/dp/B0B2NZ47HN?tag=eloabder-20&linkCode=osi&th=1&psc=1">View Product</a></div><div class="product"><a href="https://www.amazon.com/dp/B09DY54L7M?tag=eloabder-20&linkCode=osi&th=1&psc=1"><img src="https://m.media-amazon.com/images/I/31LSpnm3G8L._SL500_.jpg" alt="Product Image"></a><p>MOSOLAN Bottle Cleaning Brush, 17 Inches Extra Long Handle Water Bottle Brush, Flexible Bendable Cleaner for Washing Narrow Neck Bottles, Wine Decanter, Kombucha, Pipes, Beer Brewing Supplies, 2 Pack</p><p>$11.95 ($5.98 / Count)</p><a href="https://www.amazon.com/dp/B09DY54L7M?tag=eloabder-20&linkCode=osi&th=1&psc=1">View Product</a></div><div class="product"><a href="https://www.amazon.com/dp/B0736CBNDN?tag=eloabder-20&linkCode=osi&th=1&psc=1"><img src="https://m.media-amazon.com/images/I/41tWXmwP5KL._SL500_.jpg" alt="Product Image"></a><p>#2 Filter Pads (10 Pack Bulk) Compatible with Mini Jet Machine | #2 1.8-2.5 micron | 2 Micron Filtering pads. Filter Wine Beer, Kombucha, Mead Mash. Polishing filtration| Not a Buon Vino product.</p><p>$18.99</p><a href="https://www.amazon.com/dp/B0736CBNDN?tag=eloabder-20&linkCode=osi&th=1&psc=1">View Product</a></div>









<div class="product"><a href="https://www.amazon.com/dp/B07YGN577Y?tag=eloabder-20&linkCode=osi&th=1&psc=1"><img src="https://m.media-amazon.com/images/I/31kfZiyDMUL._SL500_.jpg" alt="Product Image"></a><p>9870163 Trash Power Nut WP9870163 L8</p><p>$50.36</p><a href="https://www.amazon.com/dp/B07YGN577Y?tag=eloabder-20&linkCode=osi&th=1&psc=1">View Product</a></div>

<div class="product"><a href="https://www.amazon.com/dp/B0CWQLM4C7?tag=eloabder-20&linkCode=osi&th=1&psc=1"><img src="https://m.media-amazon.com/images/I/41gTEIOjtlL._SL500_.jpg" alt="Product Image"></a><p>7" Seven Seconds Lazy Kitchen Food Making Tools - Multifunctional Fruit Vegetable Chopper Quick Garlic Peeling Machine Convenient Food Chopper for Slicing,Juice,Grinding</p><p>$32.99</p><a href="https://www.amazon.com/dp/B0CWQLM4C7?tag=eloabder-20&linkCode=osi&th=1&psc=1">View Product</a></div>



















<div class="product"><a href="https://www.amazon.com/dp/B00UTFZAII?tag=eloabder-20&linkCode=osi&th=1&psc=1"><img src="https://m.media-amazon.com/images/I/31z7hZ6KbXL._SL500_.jpg" alt="Product Image"></a><p>Miele 10123210 AirClean 3D Efficiency Dust Bag, Type GN, 4 Bags & 2 Filters, White</p><p>$21.86 ($21.86 / Count)</p><a href="https://www.amazon.com/dp/B00UTFZAII?tag=eloabder-20&linkCode=osi&th=1&psc=1">View Product</a></div><div class="product"><a href="https://www.amazon.com/dp/B07WHG6J5S?tag=eloabder-20&linkCode=osi&th=1&psc=1"><img src="https://m.media-amazon.com/images/I/41hnaEOxB9L._SL500_.jpg" alt="Product Image"></a><p>KEEPOW Vacuum Filters for Eureka, Power Speed Vacuum Filters Replacement for Eureka NEU182A, NEU182B, NEU280, NEU180, NEU181, NEU188, NEU202 Bagless Upright Vacuum Cleaner, Part E0202 (4 Pack)</p><p>$9.99 ($2.50 / Count)</p><a href="https://www.amazon.com/dp/B07WHG6J5S?tag=eloabder-20&linkCode=osi&th=1&psc=1">View Product</a></div><div class="product"><a href="https://www.amazon.com/dp/B00UTFZB82?tag=eloabder-20&linkCode=osi&th=1&psc=1"><img src="https://m.media-amazon.com/images/I/41WdlL5T0dL._SL500_.jpg" alt="Product Image"></a><p>Miele AirClean 3D Efficiency Dust Bag, Type FJM, 4 Bags & 2 Filters, White</p><p>$18.99</p><a href="https://www.amazon.com/dp/B00UTFZB82?tag=eloabder-20&linkCode=osi&th=1&psc=1">View Product</a></div><div class="product"><a href="https://www.amazon.com/dp/B09NKP346M?tag=eloabder-20&linkCode=osi&th=1&psc=1"><img src="https://m.media-amazon.com/images/I/41o25nqkODL._SL500_.jpg" alt="Product Image"></a><p>Anewise 6 Pack Filter Replacement for Bissell Powerforce Compact Lightweight Upright 2112 1520 for Bissel Turbo Bagless 2690 Cleanview 3437 3508 Vacuum Cleaner, Compare to Parts #1604896/160-4896</p><p>$12.99</p><a href="https://www.amazon.com/dp/B09NKP346M?tag=eloabder-20&linkCode=osi&th=1&psc=1">View Product</a></div><div class="product"><a href="https://www.amazon.com/dp/B01MQ5NITB?tag=eloabder-20&linkCode=osi&th=1&psc=1"><img src="https://m.media-amazon.com/images/I/41J6lG4H1bL._SL500_.jpg" alt="Product Image"></a><p>Bissell Style 7 3 Pack Vacuum Cleaner Bags, White, 3 Count</p><p>$8.69 ($2.90 / Count)</p><a href="https://www.amazon.com/dp/B01MQ5NITB?tag=eloabder-20&linkCode=osi&th=1&psc=1">View Product</a></div><div class="product"><a href="https://www.amazon.com/dp/B0CDH1JY5D?tag=eloabder-20&linkCode=osi&th=1&psc=1"><img src="https://m.media-amazon.com/images/I/516DPXu4siL._SL500_.jpg" alt="Product Image"></a><p>4 Pack Replacement Filters Compatiable with Wyze Cordless Vacuum Cleaner, Removable and Washable HEPA Filter Accessories Part Set with 1 Cleaning Brush for Wyze Handheld Cordless Vacuum Cleaner</p><p>$15.99 ($4.00 / Count)</p><a href="https://www.amazon.com/dp/B0CDH1JY5D?tag=eloabder-20&linkCode=osi&th=1&psc=1">View Product</a></div><div class="product"><a href="https://www.amazon.com/dp/B07P3WB37F?tag=eloabder-20&linkCode=osi&th=1&psc=1"><img src="https://m.media-amazon.com/images/I/51WaYrkiVXL._SL500_.jpg" alt="Product Image"></a><p>Miele AirClean 3D Efficiency Dust Bag, Type GN, XL Value Pack, 8 Bags and 4 Filters</p><p>$36.99</p><a href="https://www.amazon.com/dp/B07P3WB37F?tag=eloabder-20&linkCode=osi&th=1&psc=1">View Product</a></div><div class="product"><a href="https://www.amazon.com/dp/B09DSY4Z2T?tag=eloabder-20&linkCode=osi&th=1&psc=1"><img src="https://m.media-amazon.com/images/I/51+ref3EeAL._SL500_.jpg" alt="Product Image"></a><p>Filter Replacement for Tineco A10 A11 Hero A10/A11 Master PURE ONE S11 Series, S12, X Cordless Vacuum Cleaner (3 PACK) â€¦</p><p>$12.99 ($4.33 / Count)</p><a href="https://www.amazon.com/dp/B09DSY4Z2T?tag=eloabder-20&linkCode=osi&th=1&psc=1">View Product</a></div>


<div class="product"><a href="https://www.amazon.com/dp/B0BXRR5QFV?tag=eloabder-20&linkCode=osi&th=1&psc=1"><img src="https://m.media-amazon.com/images/I/41sjdBkCp8L._SL500_.jpg" alt="Product Image"></a><p>AC Infinity CLOUDFORGE T7, Plant Humidifier 15L with VPD Humidity Controls, 10-Level Precision Vaporizer, Extendable Hose, Targeting Pipe, and No-Leak Seal for Grow Tents</p><p>$159.00</p><a href="https://www.amazon.com/dp/B0BXRR5QFV?tag=eloabder-20&linkCode=osi&th=1&psc=1">View Product</a></div><div class="product"><a href="https://www.amazon.com/dp/B01N6MV8SA?tag=eloabder-20&linkCode=osi&th=1&psc=1"><img src="https://m.media-amazon.com/images/I/41hX08+W1xL._SL500_.jpg" alt="Product Image"></a><p>Protec Humidifier Tank Cleaner, 1 Count - Colors May Vary</p><p>$5.98</p><a href="https://www.amazon.com/dp/B01N6MV8SA?tag=eloabder-20&linkCode=osi&th=1&psc=1">View Product</a></div><div class="product"><a href="https://www.amazon.com/dp/B07GXBTH82?tag=eloabder-20&linkCode=osi&th=1&psc=1"><img src="https://m.media-amazon.com/images/I/41ibxK12JPL._SL500_.jpg" alt="Product Image"></a><p>Essick Air 1970-2 Humidifier, 2-Quart Bacteriostatic Treatment, 2 Pack, Clear, 2</p><p>$22.99</p><a href="https://www.amazon.com/dp/B07GXBTH82?tag=eloabder-20&linkCode=osi&th=1&psc=1">View Product</a></div><div class="product"><a href="https://www.amazon.com/dp/B08TTT3K9B?tag=eloabder-20&linkCode=osi&th=1&psc=1"><img src="https://m.media-amazon.com/images/I/41U6j9SexmL._SL500_.jpg" alt="Product Image"></a><p>Leemone Humidifier Cleaner 12 Pack, Demineralization Cleaning Ball, Works in All humidifiers and Fish Tanks, Purifies Water, Prevents Hard Water Build-Up, Eliminates White Dust and Odor</p><p>$14.44</p><a href="https://www.amazon.com/dp/B08TTT3K9B?tag=eloabder-20&linkCode=osi&th=1&psc=1">View Product</a></div>
<div class="product"><a href="https://www.amazon.com/dp/B07YD4XCT3?tag=eloabder-20&linkCode=osi&th=1&psc=1"><img src="https://m.media-amazon.com/images/I/41hR81iKyJL._SL500_.jpg" alt="Product Image"></a><p>Vacplus Moisture Absorber Packets, Fragrance Free(10 Pack), Humidity Packs, Hanging Closet Dehumidifier Bags, Desiccant 9.8OZ</p><p>$21.99</p><a href="https://www.amazon.com/dp/B07YD4XCT3?tag=eloabder-20&linkCode=osi&th=1&psc=1">View Product</a></div><div class="product"><a href="https://www.amazon.com/dp/B09LQF5V5K?tag=eloabder-20&linkCode=osi&th=1&psc=1"><img src="https://m.media-amazon.com/images/I/51Cx5ECAotL._SL500_.jpg" alt="Product Image"></a><p>CLEVAST Moisture Absorbers Packets 10 Pack, Dehumidifier Bags for Closet, Unscented Hanging Humidity Absorber in Wardrobes, Bedrooms, Bathrooms(230g/pack)</p><p>$16.98</p><a href="https://www.amazon.com/dp/B09LQF5V5K?tag=eloabder-20&linkCode=osi&th=1&psc=1">View Product</a></div><div class="product"><a href="https://www.amazon.com/dp/B0B8L9QRW8?tag=eloabder-20&linkCode=osi&th=1&psc=1"><img src="https://m.media-amazon.com/images/I/518LgtpPi8L._SL500_.jpg" alt="Product Image"></a><p>Arm & Hammer Essentials Disposable Moisture Absorber and Odor Eliminator Tub, Fragrance Free, 1 lb, 3-Pack, Attracts and Traps Excess Moisture, Ideal Closet Dehumidifier, White</p><p>$24.94 ($0.52 / Ounce)</p><a href="https://www.amazon.com/dp/B0B8L9QRW8?tag=eloabder-20&linkCode=osi&th=1&psc=1">View Product</a></div><div class="product"><a href="https://www.amazon.com/dp/B09W9TPJGZ?tag=eloabder-20&linkCode=osi&th=1&psc=1"><img src="https://m.media-amazon.com/images/I/51pVTVMwHbL._SL500_.jpg" alt="Product Image"></a><p>THECOSKY Dehumidifier and Air Purifier Combo,HEPA H13 Filter and Negative Air Ion Function,54oz(1.6L) Water Tank with Drain Hose,24hrs Auto-Off Timer,Idea for Bedroom,Bathroom,Closet,RV</p><p>$109.99</p><a href="https://www.amazon.com/dp/B09W9TPJGZ?tag=eloabder-20&linkCode=osi&th=1&psc=1">View Product</a></div><div class="product"><a href="https://www.amazon.com/dp/B0CXDG65LZ?tag=eloabder-20&linkCode=osi&th=1&psc=1"><img src="https://m.media-amazon.com/images/I/41HNflmbKHL._SL500_.jpg" alt="Product Image"></a><p>14 x 17.5 x1.75 MERV 13 Replacement Dehumidifier Filter Compatible with Santa Fe Advance90, Advance100, Advance120, Honeywell DR90 & DR120 dehumidifier models, 2 Pack</p><p>$42.99</p><a href="https://www.amazon.com/dp/B0CXDG65LZ?tag=eloabder-20&linkCode=osi&th=1&psc=1">View Product</a></div>
<div class="product"><a href="https://www.amazon.com/dp/B088B921NQ?tag=eloabder-20&linkCode=osi&th=1&psc=1"><img src="https://m.media-amazon.com/images/I/612e4cT3RYL._SL500_.jpg" alt="Product Image"></a><p>ULTTY H13 HEPA Replacement Filter with Medical Coating, True HEPA Filter For R021/ R020 Purifying Fan, Medium</p><p>$29.99</p><a href="https://www.amazon.com/dp/B088B921NQ?tag=eloabder-20&linkCode=osi&th=1&psc=1">View Product</a></div><div class="product"><a href="https://www.amazon.com/dp/B0D2MZ4Y7Z?tag=eloabder-20&linkCode=osi&th=1&psc=1"><img src="https://m.media-amazon.com/images/I/51KgTHizWyL._SL500_.jpg" alt="Product Image"></a><p>Butto 5-Pack Ceiling Fan Filters for Blades - Strong Adhesive Ceiling Fan Filters for Common Household Contaminants - Unscented Coconut Carbon Fan Air Purifier Pads to Make Air Fresh and Natural</p><p>$9.98</p><a href="https://www.amazon.com/dp/B0D2MZ4Y7Z?tag=eloabder-20&linkCode=osi&th=1&psc=1">View Product</a></div><div class="product"><a href="https://www.amazon.com/dp/B0C42HCM21?tag=eloabder-20&linkCode=osi&th=1&psc=1"><img src="https://m.media-amazon.com/images/I/31jk3lpoygL._SL500_.jpg" alt="Product Image"></a><p>Barnakl Ceiling Fan Filters | Activated Coconut Shell Carbon Filter | Easy-Stick Universal Ceiling Fan Air Filters | Unscented Ceiling Fan Blade Filters for Common Household Contaminants, (3-Count)</p><p>$19.99 ($6.66 / Count)</p><a href="https://www.amazon.com/dp/B0C42HCM21?tag=eloabder-20&linkCode=osi&th=1&psc=1">View Product</a></div>
<div class="product"><a href="https://www.amazon.com/dp/B08LZWP29P?tag=eloabder-20&linkCode=osi&th=1&psc=1"><img src="https://m.media-amazon.com/images/I/41NLuzzFW9L._SL500_.jpg" alt="Product Image"></a><p>Chromex Tankless Water Heater Descaling Solution | Highly Effective Descaler Restores Heating Efficiency, Quart, 32 fl oz (1)</p><p>$26.99</p><a href="https://www.amazon.com/dp/B08LZWP29P?tag=eloabder-20&linkCode=osi&th=1&psc=1">View Product</a></div>

<div class="product"><a href="https://www.amazon.com/dp/B005UO4OWQ?tag=eloabder-20&linkCode=osi&th=1&psc=1"><img src="https://m.media-amazon.com/images/I/41oQPKFofoL._SL500_.jpg" alt="Product Image"></a><p>Bissell 203-7458 Brushroll, Bg10/86T3, Black</p><p>$21.26 ($21.26 / Count)</p><a href="https://www.amazon.com/dp/B005UO4OWQ?tag=eloabder-20&linkCode=osi&th=1&psc=1">View Product</a></div>





















<div class="product"><a href="https://www.amazon.com/dp/B0014J7FUY?tag=eloabder-20&linkCode=osi&th=1&psc=1"><img src="https://m.media-amazon.com/images/I/31QrM+IPxOL._SL500_.jpg" alt="Product Image"></a><p>Urnex Grindz Professional Coffee Grinder Cleaning Tablets - 430 Grams - All Natural Food Safe Gluten Free - Cleans Burr and Casing - Help Extend Life of Your Grinder</p><p>$25.99 ($1.71 / Ounce)</p><a href="https://www.amazon.com/dp/B0014J7FUY?tag=eloabder-20&linkCode=osi&th=1&psc=1">View Product</a></div>



<div class="product"><a href="https://www.amazon.com/dp/B0CHW317SG?tag=eloabder-20&linkCode=osi&th=1&psc=1"><img src="https://m.media-amazon.com/images/I/41Qd5Iu3qBL._SL500_.jpg" alt="Product Image"></a><p>EUHOMY 55 Can Beverage Refrigerator cooler-Mini Fridge Glass Door for Beer Drinks Wines, Freestanding Beverage Fridge with Adjustable Shelves Blue LED for Home/Office/Dorm/Bar (1.3cu.ft)</p><p>$128.99</p><a href="https://www.amazon.com/dp/B0CHW317SG?tag=eloabder-20&linkCode=osi&th=1&psc=1">View Product</a></div>

<div class="product"><a href="https://www.amazon.com/dp/B099CN2MRK?tag=eloabder-20&linkCode=osi&th=1&psc=1"><img src="https://m.media-amazon.com/images/I/31CvUCIUX5L._SL500_.jpg" alt="Product Image"></a><p>Genuine PuroAir 240 Replacement Filter - Replacement HEPA Filter for PuroAir 240 Purifier - Captures up to 99% of Pollen, Smoke, Pollen, Dust and Common Household Pollutants</p><p>$48.00</p><a href="https://www.amazon.com/dp/B099CN2MRK?tag=eloabder-20&linkCode=osi&th=1&psc=1">View Product</a></div><div class="product"><a href="https://www.amazon.com/dp/B0055521W0?tag=eloabder-20&linkCode=osi&th=1&psc=1"><img src="https://m.media-amazon.com/images/I/41Hs7ixdyXL._SL500_.jpg" alt="Product Image"></a><p>GermGuardian Filter B HEPA Pure Genuine Air Purifier Replacement Filter, Removes 99.97% of Pollutants for AC4825, AC4300, AC4900, AC4825DLX, AC4850, CDAP4500, AP2200, Black/Yellow, FLT4825</p><p>$17.90 ($17.90 / Count)</p><a href="https://www.amazon.com/dp/B0055521W0?tag=eloabder-20&linkCode=osi&th=1&psc=1">View Product</a></div><div class="product"><a href="https://www.amazon.com/dp/B0BNMYKZPV?tag=eloabder-20&linkCode=osi&th=1&psc=1"><img src="https://m.media-amazon.com/images/I/41-K3mB6KkL._SL500_.jpg" alt="Product Image"></a><p>2 Pack True HEPA KILO Filter Compatible with Afloia KILO, KILOPLUS, KILOPRO, MIRO,MIRO PRO and MORENTO MR-Kilo, Kalo Air Purifier, 360Â° 3-Stage Filtration</p><p>$34.99 ($17.50 / Count)</p><a href="https://www.amazon.com/dp/B0BNMYKZPV?tag=eloabder-20&linkCode=osi&th=1&psc=1">View Product</a></div><div class="product"><a href="https://www.amazon.com/dp/B0D3M4Y9W7?tag=eloabder-20&linkCode=osi&th=1&psc=1"><img src="https://m.media-amazon.com/images/I/41tzW+mkZuL._SL500_.jpg" alt="Product Image"></a><p>Breshair 14 True HEPA Filter Replacement Compatible with PuroAir 240 Air Purifier, 3-in-1 Filtration System with Activated Carbon Filter, 2-Pack</p><p>$31.56 ($15.78 / Count)</p><a href="https://www.amazon.com/dp/B0D3M4Y9W7?tag=eloabder-20&linkCode=osi&th=1&psc=1">View Product</a></div><div class="product"><a href="https://www.amazon.com/dp/B0CB18MVX6?tag=eloabder-20&linkCode=osi&th=1&psc=1"><img src="https://m.media-amazon.com/images/I/519ZmmLOrzL._SL500_.jpg" alt="Product Image"></a><p>2 Pack 3-in-1 H13 True HEPA Replacement Filter Compatible with Pure Enrichment PureZone Air Purifier Part# PEAIRPLG</p><p>$23.99 ($12.00 / Count)</p><a href="https://www.amazon.com/dp/B0CB18MVX6?tag=eloabder-20&linkCode=osi&th=1&psc=1">View Product</a></div><div class="product"><a href="https://www.amazon.com/dp/B08JTZMRML?tag=eloabder-20&linkCode=osi&th=1&psc=1"><img src="https://m.media-amazon.com/images/I/51yx60sCjHL._SL500_.jpg" alt="Product Image"></a><p>6 Pack HPA300 HEPA Filter Replacement for Honeywell HPA300 Series Air Purifiers HPA300, HPA300VP, HPA304, HPA3300, Replace HRF-R3 (6 Ture HEPA R Replacement Filter + 8 Activated Carbon Pre-Filter)</p><p>$47.99 ($3.43 / Count)</p><a href="https://www.amazon.com/dp/B08JTZMRML?tag=eloabder-20&linkCode=osi&th=1&psc=1">View Product</a></div><div class="product"><a href="https://www.amazon.com/dp/B0CF1GLSYS?tag=eloabder-20&linkCode=osi&th=1&psc=1"><img src="https://m.media-amazon.com/images/I/41709EXRzXL._SL500_.jpg" alt="Product Image"></a><p>CHIVALZ 4 Pack HY4866 True HEPA Replacement Filters Compatible with MORENTO HY4866 Air Purifier, WESTHEY HY4866 Air Purifier and YIOU M1 Air Cleaner Purifier, Original Version</p><p>$39.99 ($10.00 / Count)</p><a href="https://www.amazon.com/dp/B0CF1GLSYS?tag=eloabder-20&linkCode=osi&th=1&psc=1">View Product</a></div>







<div class="product"><a href="https://www.amazon.com/dp/B0CYKMFKR9?tag=eloabder-20&linkCode=osi&th=1&psc=1"><img src="https://m.media-amazon.com/images/I/316zU-ozoxL._SL500_.jpg" alt="Product Image"></a><p>Air Purifier Replacement Filter for Space Heater Bladeless Fan</p><p>$29.99</p><a href="https://www.amazon.com/dp/B0CYKMFKR9?tag=eloabder-20&linkCode=osi&th=1&psc=1">View Product</a></div>
<div class="product"><a href="https://www.amazon.com/dp/B07MRH6VY7?tag=eloabder-20&linkCode=osi&th=1&psc=1"><img src="https://m.media-amazon.com/images/I/51g-nuN4A5L._SL500_.jpg" alt="Product Image"></a><p>Colorfullife Replacement Air Purifier Filter for Dyson Tower Purifier Pure Cool Link TP01, TP02, TP03, BP01, Compare to Part 968126-03ï¼Œ2 Pack</p><p>$26.99</p><a href="https://www.amazon.com/dp/B07MRH6VY7?tag=eloabder-20&linkCode=osi&th=1&psc=1">View Product</a></div><div class="product"><a href="https://www.amazon.com/dp/B07TX5SW7J?tag=eloabder-20&linkCode=osi&th=1&psc=1"><img src="https://m.media-amazon.com/images/I/512Kn+cPglL._SL500_.jpg" alt="Product Image"></a><p>TP01 HEPA Filter Replacement Compatible with Dyson Tower Purifier Pure Cool Link TP01, TP02, TP03, AM11, BP01 Models, Compare to Part # 968126-03 (Pack of 2)</p><p>$27.95 ($13.98 / Count)</p><a href="https://www.amazon.com/dp/B07TX5SW7J?tag=eloabder-20&linkCode=osi&th=1&psc=1">View Product</a></div><div class="product"><a href="https://www.amazon.com/dp/B0CC24GZGB?tag=eloabder-20&linkCode=osi&th=1&psc=1"><img src="https://m.media-amazon.com/images/I/41woNpZ9VgL._SL500_.jpg" alt="Product Image"></a><p>TP01 TP02 Filter Compatible with Dyson Pure Cool Link Purifying Tower Fan TP00 TP03 AM11 and Cool Me BP01 Personal Series, 360Â° Air Purifier Filter Replacement 968126-03, 1-Pack</p><p>$25.99</p><a href="https://www.amazon.com/dp/B0CC24GZGB?tag=eloabder-20&linkCode=osi&th=1&psc=1">View Product</a></div><div class="product"><a href="https://www.amazon.com/dp/B0CX23N2JJ?tag=eloabder-20&linkCode=osi&th=1&psc=1"><img src="https://m.media-amazon.com/images/I/3145hmd5j7L._SL500_.jpg" alt="Product Image"></a><p>Dreo Air Purifiers Replacement Filter, HEPA Filter for Dreo Purifier Tower Fan MC710S, with 2 Stage Filtration, Black, Standard(DR-HPA019)</p><p>$39.99</p><a href="https://www.amazon.com/dp/B0CX23N2JJ?tag=eloabder-20&linkCode=osi&th=1&psc=1">View Product</a></div>










<div class="product"><a href="https://www.amazon.com/dp/B001U0OJ7O?tag=eloabder-20&linkCode=osi&th=1&psc=1"><img src="https://m.media-amazon.com/images/I/41XEg3QV-wL._SL500_.jpg" alt="Product Image"></a><p>Whirlpool W10165294RB 15-Inch Plastic Trash Compactor ct, 60 Bags, Count</p><p>$48.34</p><a href="https://www.amazon.com/dp/B001U0OJ7O?tag=eloabder-20&linkCode=osi&th=1&psc=1">View Product</a></div><div class="product"><a href="https://www.amazon.com/dp/B0CC3V4ZZ4?tag=eloabder-20&linkCode=osi&th=1&psc=1"><img src="https://m.media-amazon.com/images/I/31bbvodHnjL._SL500_.jpg" alt="Product Image"></a><p>Waste Smasher- Hand-Held Manual Trash Compactor Dishwasher Safe Black</p><p>$24.95</p><a href="https://www.amazon.com/dp/B0CC3V4ZZ4?tag=eloabder-20&linkCode=osi&th=1&psc=1">View Product</a></div><div class="product"><a href="https://www.amazon.com/dp/B00IYO5914?tag=eloabder-20&linkCode=osi&th=1&psc=1"><img src="https://m.media-amazon.com/images/I/51SLpTXIYNL._SL500_.jpg" alt="Product Image"></a><p>Kitchen Master Super Strong Compactor Bags Pre Cuffed (12 Pack)</p><p>$34.95</p><a href="https://www.amazon.com/dp/B00IYO5914?tag=eloabder-20&linkCode=osi&th=1&psc=1">View Product</a></div><div class="product"><a href="https://www.amazon.com/dp/B075DJ4ZVQ?tag=eloabder-20&linkCode=osi&th=1&psc=1"><img src="https://m.media-amazon.com/images/I/51Vaek4I89L._SL500_.jpg" alt="Product Image"></a><p>Dano Pre-Cuffed Compactor Bags</p><p>$32.95 ($2.75 / Count)</p><a href="https://www.amazon.com/dp/B075DJ4ZVQ?tag=eloabder-20&linkCode=osi&th=1&psc=1">View Product</a></div><div class="product"><a href="https://www.amazon.com/dp/B0C2DCVCBJ?tag=eloabder-20&linkCode=osi&th=1&psc=1"><img src="https://m.media-amazon.com/images/I/51072CtaKuL._SL500_.jpg" alt="Product Image"></a><p>60-pack W10165294RB Trash Compactor Bags - leak-proof trash compactor bags for kitchen 60-ct 15 inches - Fits 15-inch Rectangular Drawer Compactors</p><p>$45.99 ($0.77 / Count)</p><a href="https://www.amazon.com/dp/B0C2DCVCBJ?tag=eloabder-20&linkCode=osi&th=1&psc=1">View Product</a></div><div class="product"><a href="https://www.amazon.com/dp/B001U0OJ7E?tag=eloabder-20&linkCode=osi&th=1&psc=1"><img src="https://m.media-amazon.com/images/I/41c0z26RyvL._SL500_.jpg" alt="Product Image"></a><p>Whirlpool W10165293RB Genuine OEM 60 Pack-Plastic Compactor Bags-18" Models â€“ 1394369, 4178058, 4318932, 4318933, 4318935, 4318937, 4318939, AH1964576, EA1964576, PS1964576</p><p>$48.64 ($0.81 / Count)</p><a href="https://www.amazon.com/dp/B001U0OJ7E?tag=eloabder-20&linkCode=osi&th=1&psc=1">View Product</a></div><div class="product"><a href="https://www.amazon.com/dp/B00W27J16S?tag=eloabder-20&linkCode=osi&th=1&psc=1"><img src="https://m.media-amazon.com/images/I/41RaOjAGlrL._SL500_.jpg" alt="Product Image"></a><p>Compactor Bags Pre Cuffed (50 Pack)</p><p>$84.95 ($1.70 / count)</p><a href="https://www.amazon.com/dp/B00W27J16S?tag=eloabder-20&linkCode=osi&th=1&psc=1">View Product</a></div><div class="product"><a href="https://www.amazon.com/dp/B00MOCYY2W?tag=eloabder-20&linkCode=osi&th=1&psc=1"><img src="https://m.media-amazon.com/images/I/41SH8mDsAnL._SL500_.jpg" alt="Product Image"></a><p>GE WX60X1 Genuine OEM Universal Trash Compactor Bags for GE Trash Compactors</p><p>$19.00</p><a href="https://www.amazon.com/dp/B00MOCYY2W?tag=eloabder-20&linkCode=osi&th=1&psc=1">View Product</a></div><div class="product"><a href="https://www.amazon.com/dp/B0D7SFSTNG?tag=eloabder-20&linkCode=osi&th=1&psc=1"><img src="https://m.media-amazon.com/images/I/41szt9tZJPL._SL500_.jpg" alt="Product Image"></a><p>4PCS Trash Compactor Charcoal Air Filter Fit for Whirlpool/KitchenAid/Maytag/Jenn-Air/Amana/Inglis/Magic Chef Trash Compactor, Replaces 4151750 554358 WP4151750 AP6009134 PS11742279</p><p>$23.59 ($5.90 / Count)</p><a href="https://www.amazon.com/dp/B0D7SFSTNG?tag=eloabder-20&linkCode=osi&th=1&psc=1">View Product</a></div>
<div class="product"><a href="https://www.amazon.com/dp/B0CGLX5ZB9?tag=eloabder-20&linkCode=osi&th=1&psc=1"><img src="https://m.media-amazon.com/images/I/51qeRZQS98L._SL500_.jpg" alt="Product Image"></a><p>Spare Replacement Parts Compatible with MAMNV BR150 BR151, ZCWA BR150 BR151, MANVINS G20 Robot Vacuum and Mop Combo Accessories Include: 3 Hepa Filters 3 Mop Pads 6 Side Spin Brushes</p><p>$9.98</p><a href="https://www.amazon.com/dp/B0CGLX5ZB9?tag=eloabder-20&linkCode=osi&th=1&psc=1">View Product</a></div><div class="product"><a href="https://www.amazon.com/dp/B0B28DGZBG?tag=eloabder-20&linkCode=osi&th=1&psc=1"><img src="https://m.media-amazon.com/images/I/51ooMN4RqML._SL500_.jpg" alt="Product Image"></a><p>Replacement Parts for Shark AI AV2511AE AV2501S AV2610WA AV2501AE RV2502AE RV2610WA RV2520 AV2510 2-In-1 AI Ultra Robot Vacuum Cleaner Accessories Kits. Main Brush, HEPA Filter, Foam Filter,Side Brush</p><p>$19.99 ($1.05 / Count)</p><a href="https://www.amazon.com/dp/B0B28DGZBG?tag=eloabder-20&linkCode=osi&th=1&psc=1">View Product</a></div><div class="product"><a href="https://www.amazon.com/dp/B0782T7L6P?tag=eloabder-20&linkCode=osi&th=1&psc=1"><img src="https://m.media-amazon.com/images/I/41hTVkuzMJL._SL500_.jpg" alt="Product Image"></a><p>10pcs HEPA Filters Replacement for ILIFE V3s V3s pro V5 V5s V5s Pro V5s Pro 2 V5s Plus Noisz S5 Robotic Vacuum Cleaner ILIFE V3s pro Filters ILIFE Robot Vacuum Filter</p><p>$9.80 ($0.98 / Count)</p><a href="https://www.amazon.com/dp/B0782T7L6P?tag=eloabder-20&linkCode=osi&th=1&psc=1">View Product</a></div><div class="product"><a href="https://www.amazon.com/dp/B0CXLVHTTC?tag=eloabder-20&linkCode=osi&th=1&psc=1"><img src="https://m.media-amazon.com/images/I/51BT3phYzKL._SL500_.jpg" alt="Product Image"></a><p>HUIZHEN Spare Accessories for MAMNV BR150/BR151, for ZCWA BR150/BR151, for MANVINS G20,for GTTVO BR150/BR151,for ONSON BR150/BR151 Robot Vacuum Replacement Parts,6 Side Brush,4 HEPA Filters,4 Mop Pads</p><p>$9.99</p><a href="https://www.amazon.com/dp/B0CXLVHTTC?tag=eloabder-20&linkCode=osi&th=1&psc=1">View Product</a></div><div class="product"><a href="https://www.amazon.com/dp/B08RYDDQL8?tag=eloabder-20&linkCode=osi&th=1&psc=1"><img src="https://m.media-amazon.com/images/I/314Xd7+oBXL._SL500_.jpg" alt="Product Image"></a><p>AirClean 4 Pack 3.7" High Replacement Base Pre-Motor Foam Filters Compatible with Shark IQ Robot Vacuum R101AE RV1001AE UR1005AE Self-Empty Base</p><p>$12.99 ($3.25 / Count)</p><a href="https://www.amazon.com/dp/B08RYDDQL8?tag=eloabder-20&linkCode=osi&th=1&psc=1">View Product</a></div><div class="product"><a href="https://www.amazon.com/dp/B0CJLHJ557?tag=eloabder-20&linkCode=osi&th=1&psc=1"><img src="https://m.media-amazon.com/images/I/41iQm8hUjiL._SL500_.jpg" alt="Product Image"></a><p>Replacement Parts Compatible with WYZE Robot Vacuum Cleaner WVCR200S Accessories, 2 Main Brushes, 6 Hepa Filters, 8 Side Brushes Attachment Spare Pack</p><p>$14.99 ($0.94 / Count)</p><a href="https://www.amazon.com/dp/B0CJLHJ557?tag=eloabder-20&linkCode=osi&th=1&psc=1">View Product</a></div>
<div class="product"><a href="https://www.amazon.com/dp/B0C4595Q8P?tag=eloabder-20&linkCode=osi&th=1&psc=1"><img src="https://m.media-amazon.com/images/I/51k23SAtRxL._SL500_.jpg" alt="Product Image"></a><p>4 Pack FSV001 HEPA Filter Compatiable with Fabuletta FSV101, FSV001, Girnoor G160&G165, Afoddon A300, Lubluelu 202, Oraimo Cordless Vacuum Cleaner, Besswin W26 Cordless Stick Vacuum Cleaners</p><p>$15.99 ($4.00 / Count)</p><a href="https://www.amazon.com/dp/B0C4595Q8P?tag=eloabder-20&linkCode=osi&th=1&psc=1">View Product</a></div>
<div class="product"><a href="https://www.amazon.com/dp/B0BNKJX96X?tag=eloabder-20&linkCode=osi&th=1&psc=1"><img src="https://m.media-amazon.com/images/I/41OPeLFppoL._SL500_.jpg" alt="Product Image"></a><p>6 PACK 2033 Replacement Filter Compatible with Bissell Featherweight Stick Lightweight Bagless Vacuum Cleaner 20331, 20333, 20334, 20336, 20339, 2033M,6 Mesh Filter 6 Foam Filters, Replace # 1611508</p><p>$14.99 ($2.50 / Count)</p><a href="https://www.amazon.com/dp/B0BNKJX96X?tag=eloabder-20&linkCode=osi&th=1&psc=1">View Product</a></div><div class="product"><a href="https://www.amazon.com/dp/B0CMBWLTSM?tag=eloabder-20&linkCode=osi&th=1&psc=1"><img src="https://m.media-amazon.com/images/I/41PHqKaLTDL._SL500_.jpg" alt="Product Image"></a><p>18V ONE + Cordless Pet Stick Vacuum Filter for Ryobi, PCL720, PBLSV716, PBLSV717 Stick Vacuum, Reusable Washable Filters, Compare to Part A32SV720N, 6 Pack</p><p>$15.99 ($2.66 / Count)</p><a href="https://www.amazon.com/dp/B0CMBWLTSM?tag=eloabder-20&linkCode=osi&th=1&psc=1">View Product</a></div><div class="product"><a href="https://www.amazon.com/dp/B0CXDYWWT9?tag=eloabder-20&linkCode=osi&th=1&psc=1"><img src="https://m.media-amazon.com/images/I/41F1csTT8jL._SL500_.jpg" alt="Product Image"></a><p>2 Replacement Filters for Craftsman V20 Cordless Stick Vacuum CMCVS001D1, for Black Decker BSVF1 BSV2020 BSV2020G BSV2020P Cordless Stick Vacuum Cleaner with 1 Cleaning Brush</p><p>$14.99</p><a href="https://www.amazon.com/dp/B0CXDYWWT9?tag=eloabder-20&linkCode=osi&th=1&psc=1">View Product</a></div><div class="product"><a href="https://www.amazon.com/dp/B0CCJ5N5DH?tag=eloabder-20&linkCode=osi&th=1&psc=1"><img src="https://m.media-amazon.com/images/I/41xmhDPqk8L._SL500_.jpg" alt="Product Image"></a><p>Aolleteau 1 Pack Brush Roller Compatible with Black + Decker BSV2020, BSV2020P, BSV2020G Powerseries Extreme Cordless Stick Vacuum and Compatible with Craftsman V20 Cordless Stick Vacuum CMCVS001D1</p><p>$17.99</p><a href="https://www.amazon.com/dp/B0CCJ5N5DH?tag=eloabder-20&linkCode=osi&th=1&psc=1">View Product</a></div><div class="product"><a href="https://www.amazon.com/dp/B0CQY61LFD?tag=eloabder-20&linkCode=osi&th=1&psc=1"><img src="https://m.media-amazon.com/images/I/31swBBC444L._SL500_.jpg" alt="Product Image"></a><p>Tablenco for Shark HZ602 Filter Replacement Ultralight Pet Pro Corded Stick Vacuum and HZ2002 Vertex DuoClean PowerFins fit HZ2000 HZ251 HZ250 HH200 HH202,4 Foam Felt 4 Motor Kit (No cleaning brush)</p><p>$9.98</p><a href="https://www.amazon.com/dp/B0CQY61LFD?tag=eloabder-20&linkCode=osi&th=1&psc=1">View Product</a></div><div class="product"><a href="https://www.amazon.com/dp/B09Q55KW8W?tag=eloabder-20&linkCode=osi&th=1&psc=1"><img src="https://m.media-amazon.com/images/I/51MKsJy6nSL._SL500_.jpg" alt="Product Image"></a><p>Anicell 2033 Featherweight Filter for Bissell Featherweight Stick Lightweight Bagless Vacuum 20331 20333 20334 20336 20339 2033M, 4 Mesh Filters 6 Foam Filters Replacement, Replace part# 1611508</p><p>$11.99</p><a href="https://www.amazon.com/dp/B09Q55KW8W?tag=eloabder-20&linkCode=osi&th=1&psc=1">View Product</a></div><div class="product"><a href="https://www.amazon.com/dp/B0CDVG7LHD?tag=eloabder-20&linkCode=osi&th=1&psc=1"><img src="https://m.media-amazon.com/images/I/41hjN1Te6sL._SL500_.jpg" alt="Product Image"></a><p>Moreffi 3 Pack Filter Replacement For HART Cordless Stick Vacuum HPSV01 and HPSV50, Compare to Part Number HASV01</p><p>$19.99 ($6.66 / Count)</p><a href="https://www.amazon.com/dp/B0CDVG7LHD?tag=eloabder-20&linkCode=osi&th=1&psc=1">View Product</a></div>
<div class="product"><a href="https://www.amazon.com/dp/B07DQ9TZC8?tag=eloabder-20&linkCode=osi&th=1&psc=1"><img src="https://m.media-amazon.com/images/I/41PHyZ20FuL._SL500_.jpg" alt="Product Image"></a><p>Kenmore 53294 Style O HEPA Cloth Vacuum Bags for Kenmore Upright Vacuum Cleaners 6 Pack,White</p><p>$20.99 ($3.50 / Count)</p><a href="https://www.amazon.com/dp/B07DQ9TZC8?tag=eloabder-20&linkCode=osi&th=1&psc=1">View Product</a></div><div class="product"><a href="https://www.amazon.com/dp/B08MXVTTT2?tag=eloabder-20&linkCode=osi&th=1&psc=1"><img src="https://m.media-amazon.com/images/I/41T6wRpIMzL._SL500_.jpg" alt="Product Image"></a><p>Kenmore IB600 HEPA Replacement Intuition Upright Vacuum Cleaner Bags for BU4022, BU4020, BU4018, BU4050, BU3040,White</p><p>$18.75</p><a href="https://www.amazon.com/dp/B08MXVTTT2?tag=eloabder-20&linkCode=osi&th=1&psc=1">View Product</a></div><div class="product"><a href="https://www.amazon.com/dp/B01010JVYO?tag=eloabder-20&linkCode=osi&th=1&psc=1"><img src="https://m.media-amazon.com/images/I/51Anluh47GL._SL500_.jpg" alt="Product Image"></a><p>EnviroCare Replacement Micro Filtration Vacuum Cleaner Dust Bags Designed to fit Hoover Windtunnel Upright Type Y 9 pack</p><p>$9.89 ($1.10 / Count)</p><a href="https://www.amazon.com/dp/B01010JVYO?tag=eloabder-20&linkCode=osi&th=1&psc=1">View Product</a></div><div class="product"><a href="https://www.amazon.com/dp/B0D5CP3WBY?tag=eloabder-20&linkCode=osi&th=1&psc=1"><img src="https://m.media-amazon.com/images/I/31MaGmsVOwL._SL500_.jpg" alt="Product Image"></a><p>Bagless Upright Kenmore Vacuum HEPA Filters, Compatible with Foam Filters, Felt Filters and Upright vacuum cleaner for Models K4010,DU2015,DU2012(includes 1 Hepa Filters,2 Foam and 2 Felt Filters)</p><p>$12.99</p><a href="https://www.amazon.com/dp/B0D5CP3WBY?tag=eloabder-20&linkCode=osi&th=1&psc=1">View Product</a></div><div class="product"><a href="https://www.amazon.com/dp/B0CBFV28WX?tag=eloabder-20&linkCode=osi&th=1&psc=1"><img src="https://m.media-amazon.com/images/I/51LIYI0wXSL._SL500_.jpg" alt="Product Image"></a><p>16 Packs Vacuum Bags for Oreck Type CC, Compatible with All Oreck XL Upright Vacuum Cleaner - Replaces Part # CCPK8DW</p><p>$21.99 ($1.37 / Count)</p><a href="https://www.amazon.com/dp/B0CBFV28WX?tag=eloabder-20&linkCode=osi&th=1&psc=1">View Product</a></div><div class="product"><a href="https://www.amazon.com/dp/B00F9GQMHA?tag=eloabder-20&linkCode=osi&th=1&psc=1"><img src="https://m.media-amazon.com/images/I/51lhelurelL._SL500_.jpg" alt="Product Image"></a><p>EnviroCare Replacement Premium Vacuum Cleaner Dust Bags made to fit Eureka F&G Uprights 9 bags</p><p>$11.09</p><a href="https://www.amazon.com/dp/B00F9GQMHA?tag=eloabder-20&linkCode=osi&th=1&psc=1">View Product</a></div><div class="product"><a href="https://www.amazon.com/dp/B002CI8G1I?tag=eloabder-20&linkCode=osi&th=1&psc=1"><img src="https://m.media-amazon.com/images/I/51PYQrQpbSL._SL500_.jpg" alt="Product Image"></a><p>EnviroCare Replacement Micro Filtration Vacuum Cleaner Dust Bags made to fit Kenmore Upright Type U/L/O 50688 and 50690, Panasonic Type U-2, Miele Type Z. 9 pack</p><p>$9.99</p><a href="https://www.amazon.com/dp/B002CI8G1I?tag=eloabder-20&linkCode=osi&th=1&psc=1">View Product</a></div>
<div class="product"><a href="https://www.amazon.com/dp/B07GNQJ67P?tag=eloabder-20&linkCode=osi&th=1&psc=1"><img src="https://m.media-amazon.com/images/I/41XHnKbgjAL._SL500_.jpg" alt="Product Image"></a><p>Kenmore 53292 Type Q HEPA Replacement Dust Bags for Canister Vacuum 81214, 81414, 81714, 21814, BC2005, BC3005, 81615, BC7005, 6 Count (Pack of 1)</p><p>$13.24 ($2.21 / Count)</p><a href="https://www.amazon.com/dp/B07GNQJ67P?tag=eloabder-20&linkCode=osi&th=1&psc=1">View Product</a></div><div class="product"><a href="https://www.amazon.com/dp/B01L0C0FVK?tag=eloabder-20&linkCode=osi&th=1&psc=1"><img src="https://m.media-amazon.com/images/I/51ZIjbo9NVL._SL500_.jpg" alt="Product Image"></a><p>Envirocare Replacement Vacuum Bags Compatible with Kenmore Canister Type C/Q. 5055, 50557 and 50558 Panasonic Type C-5 Vacuums,15 pack</p><p>$16.16</p><a href="https://www.amazon.com/dp/B01L0C0FVK?tag=eloabder-20&linkCode=osi&th=1&psc=1">View Product</a></div><div class="product"><a href="https://www.amazon.com/dp/B0BTRTP2PM?tag=eloabder-20&linkCode=osi&th=1&psc=1"><img src="https://m.media-amazon.com/images/I/41K295aRv9L._SL500_.jpg" alt="Product Image"></a><p>Vacuum Cleaner Bags Fit for Kenmore Canister Type C/Q 50555 50557 50558 and Type C-5, 10PCs</p><p>$15.99</p><a href="https://www.amazon.com/dp/B0BTRTP2PM?tag=eloabder-20&linkCode=osi&th=1&psc=1">View Product</a></div><div class="product"><a href="https://www.amazon.com/dp/B0CRQYGLZX?tag=eloabder-20&linkCode=osi&th=1&psc=1"><img src="https://m.media-amazon.com/images/I/413iXp+j3ML._SL500_.jpg" alt="Product Image"></a><p>15 Pack Canister Vacuum Cleaner Bags Compatible with Kenmore Canister Type C/Q 5055, 50555, 50557, 50558 and Type C-5, C-18, 53292, 200 Series, 400 Series, 600 Series, 700 Series, 800 Series Vacuum</p><p>$11.69</p><a href="https://www.amazon.com/dp/B0CRQYGLZX?tag=eloabder-20&linkCode=osi&th=1&psc=1">View Product</a></div><div class="product"><a href="https://www.amazon.com/dp/B00QGD3SBI?tag=eloabder-20&linkCode=osi&th=1&psc=1"><img src="https://m.media-amazon.com/images/I/51xw0asyqTL._SL500_.jpg" alt="Product Image"></a><p>EnviroCare Replacement Vacuum Bags made to fit Kenmore Canister Type C or Q 50555, 50558, 50557 and Panasonic Type C-5 Vacuums, 9 pack</p><p>$9.79</p><a href="https://www.amazon.com/dp/B00QGD3SBI?tag=eloabder-20&linkCode=osi&th=1&psc=1">View Product</a></div><div class="product"><a href="https://www.amazon.com/dp/B0CQP9NP5N?tag=eloabder-20&linkCode=osi&th=1&psc=1"><img src="https://m.media-amazon.com/images/I/41WnNkTz8zL._SL500_.jpg" alt="Product Image"></a><p>8 Pack Replacement Vacuum Bags Compatible with Kenmore Canister Type C/Q. 5055, 50104, 50557 and 50558 Panasonic Type C-5 Vacuums</p><p>$9.99 ($1.25 / Count)</p><a href="https://www.amazon.com/dp/B0CQP9NP5N?tag=eloabder-20&linkCode=osi&th=1&psc=1">View Product</a></div>
<div class="product"><a href="https://www.amazon.com/dp/B09M3Y2BHR?tag=eloabder-20&linkCode=osi&th=1&psc=1"><img src="https://m.media-amazon.com/images/I/31tevngai1L._SL500_.jpg" alt="Product Image"></a><p>Ymimi Vacuum Filter Compatible with Eureka WhirlWind Bagless Canister Vacuum Cleaner,Fits NEN110A,NEN110B,NEN110Dï¼ˆ2-Packï¼‰</p><p>$11.99 ($6.00 / Count)</p><a href="https://www.amazon.com/dp/B09M3Y2BHR?tag=eloabder-20&linkCode=osi&th=1&psc=1">View Product</a></div><div class="product"><a href="https://www.amazon.com/dp/B07J1WWBHN?tag=eloabder-20&linkCode=osi&th=1&psc=1"><img src="https://m.media-amazon.com/images/I/51gmkDrnR2L._SL500_.jpg" alt="Product Image"></a><p>Bissell Powerforce Helix Bagless Washable Premotor Filter #1608225, Black</p><p>$7.78</p><a href="https://www.amazon.com/dp/B07J1WWBHN?tag=eloabder-20&linkCode=osi&th=1&psc=1">View Product</a></div><div class="product"><a href="https://www.amazon.com/dp/B0BK64TMMK?tag=eloabder-20&linkCode=osi&th=1&psc=1"><img src="https://m.media-amazon.com/images/I/41OBMvET7eL._SL500_.jpg" alt="Product Image"></a><p>Vacuum Belt Replacement for Bissell Cleanview Swivel Pet Upright Bagless/Powerlifter Vacuum Cleaner, fits model: 2252, 2254, 22543, 2258,2259, 2260,2316, 2739, 1793, Parts # 3031120, 32074</p><p>$6.99</p><a href="https://www.amazon.com/dp/B0BK64TMMK?tag=eloabder-20&linkCode=osi&th=1&psc=1">View Product</a></div><div class="product"><a href="https://www.amazon.com/dp/B0BKKL3WRB?tag=eloabder-20&linkCode=osi&th=1&psc=1"><img src="https://m.media-amazon.com/images/I/410jMe-FjIL._SL500_.jpg" alt="Product Image"></a><p>Aolleteau F1 HEPA Filter Compatible with Dirt Devil Bagless Upright Cleaner Models Extra Lite, Breeze, Featherlite Bagless, Jaguar Bagless,Platinum Force Vision, Scorpion and Vision Bagless (2 Pack)</p><p>$13.99 ($7.00 / Count)</p><a href="https://www.amazon.com/dp/B0BKKL3WRB?tag=eloabder-20&linkCode=osi&th=1&psc=1">View Product</a></div><div class="product"><a href="https://www.amazon.com/dp/B09SG1P4WN?tag=eloabder-20&linkCode=osi&th=1&psc=1"><img src="https://m.media-amazon.com/images/I/51+Mr+Wq5ML._SL500_.jpg" alt="Product Image"></a><p>NEN110A Vacuum Filter, Inlet Frame and Sponge Filter Compatible with Eureka Whirlwind Bagless Canister Vacuum Cleaner, Fits NEN110A, NEN110B, NEN110D(4-Pack)</p><p>$15.99 ($4.00 / Count)</p><a href="https://www.amazon.com/dp/B09SG1P4WN?tag=eloabder-20&linkCode=osi&th=1&psc=1">View Product</a></div>
<div class="product"><a href="https://www.amazon.com/dp/B07GT9VB9X?tag=eloabder-20&linkCode=osi&th=1&psc=1"><img src="https://m.media-amazon.com/images/I/41IokheYtNL._SL500_.jpg" alt="Product Image"></a><p>6 Pack 1940 Bissell Steam Mop Pads for Bissell PowerFresh Steam Mop 1806 1544 1440 2075A 2685A 1940W 19404 Series, Model 19402 19408 1940a 1940f 1940q 1940t B0006 B0017, Part #5938#203-2633</p><p>$16.99 ($2.83 / Count)</p><a href="https://www.amazon.com/dp/B07GT9VB9X?tag=eloabder-20&linkCode=osi&th=1&psc=1">View Product</a></div><div class="product"><a href="https://www.amazon.com/dp/B07H3MYZLD?tag=eloabder-20&linkCode=osi&th=1&psc=1"><img src="https://m.media-amazon.com/images/I/511p6MPxQ0L._SL500_.jpg" alt="Product Image"></a><p>Flammi Steam Pocket Mop Replacement Pads for Shark S3500 Series S3501 S3601 S3550 S3901 SE450 S3801CO S3601D S2901 S2902 Steam Pocket Mop, 4 Pack</p><p>$16.97 ($4.24 / Count)</p><a href="https://www.amazon.com/dp/B07H3MYZLD?tag=eloabder-20&linkCode=osi&th=1&psc=1">View Product</a></div><div class="product"><a href="https://www.amazon.com/dp/B0C8SH97HN?tag=eloabder-20&linkCode=osi&th=1&psc=1"><img src="https://m.media-amazon.com/images/I/31Mex4y7odL._SL500_.jpg" alt="Product Image"></a><p>HOMEXCEL Steam Mop Replacement Pads Compatible with Bissell Powerfresh Steam Mop 1940 1806 1440 1544 Series, Model 19402 19404 19408 2685A 2075A 1940A 1940Q 1940T 1940W, Steam Mop Pads Refills,4 Pack</p><p>$9.99 ($2.50 / Count)</p><a href="https://www.amazon.com/dp/B0C8SH97HN?tag=eloabder-20&linkCode=osi&th=1&psc=1">View Product</a></div><div class="product"><a href="https://www.amazon.com/dp/B0BFWTXS33?tag=eloabder-20&linkCode=osi&th=1&psc=1"><img src="https://m.media-amazon.com/images/I/51pa2h7o0EL._SL500_.jpg" alt="Product Image"></a><p>12 Pack 1940 Steam Mop Replacement Pads for Bissell Powerfresh Steam Mop 1940 1440 1806 1544 2075 2685A 2814 Series, Model 19402 19404 19408 19409 1940A 1940F 1940Q 1940T 1940W B0006 B0017 2075A 15441</p><p>$24.99</p><a href="https://www.amazon.com/dp/B0BFWTXS33?tag=eloabder-20&linkCode=osi&th=1&psc=1">View Product</a></div><div class="product"><a href="https://www.amazon.com/dp/B0CLP5QGTY?tag=eloabder-20&linkCode=osi&th=1&psc=1"><img src="https://m.media-amazon.com/images/I/414HqpKde9L._SL500_.jpg" alt="Product Image"></a><p>10 Pack 1940 1806 2685A Steam Mop Pads For Bissell Powerfresh Steam Mop Deluxe Pet Lift-Off Plus Slim Scrubbing Steam Mop Replacement Pad 1940A 2814 1544A 2075A Power Fresh Steamer Pad Refill Washable</p><p>$22.99 ($2.30 / Count)</p><a href="https://www.amazon.com/dp/B0CLP5QGTY?tag=eloabder-20&linkCode=osi&th=1&psc=1">View Product</a></div><div class="product"><a href="https://www.amazon.com/dp/B078BBKBPV?tag=eloabder-20&linkCode=osi&th=1&psc=1"><img src="https://m.media-amazon.com/images/I/51WcJqtOUIL._SL500_.jpg" alt="Product Image"></a><p>Tidy Monster Steam Mop Replacement Pads Compatible with Bissell Powerfresh Steam Mop 1940 1806 1544 1440 2075A 2685A Series, Part # 5938 & 203-2633, 1606668 & 1606669 (4 Pack Scrub Plush)</p><p>$9.99</p><a href="https://www.amazon.com/dp/B078BBKBPV?tag=eloabder-20&linkCode=osi&th=1&psc=1">View Product</a></div><div class="product"><a href="https://www.amazon.com/dp/B00A6G37SU?tag=eloabder-20&linkCode=osi&th=1&psc=1"><img src="https://m.media-amazon.com/images/I/51xo0LB-SpL._SL500_.jpg" alt="Product Image"></a><p>BISSELL PowerFresh Steam Mop Pads (Pack of 2) with Fragrance discs (4 ct), 5938</p><p>$21.26 ($10.63 / Count)</p><a href="https://www.amazon.com/dp/B00A6G37SU?tag=eloabder-20&linkCode=osi&th=1&psc=1">View Product</a></div>
<div class="product"><a href="https://www.amazon.com/dp/B0D2QFVY7H?tag=eloabder-20&linkCode=osi&th=1&psc=1"><img src="https://m.media-amazon.com/images/I/417B7H+vvML._SL500_.jpg" alt="Product Image"></a><p>Kenmore KS1010 Deep Clean & Revitalize Pet Carpet Cleaner Formula, 64 oz, White, 64 Fl Oz</p><p>$22.73 ($0.36 / Fl Oz)</p><a href="https://www.amazon.com/dp/B0D2QFVY7H?tag=eloabder-20&linkCode=osi&th=1&psc=1">View Product</a></div><div class="product"><a href="https://www.amazon.com/dp/B0BNK8ZJJ1?tag=eloabder-20&linkCode=osi&th=1&psc=1"><img src="https://m.media-amazon.com/images/I/51z0Pc4xcNL._SL500_.jpg" alt="Product Image"></a><p>Bissell Spotlifter Pet Carpet and Upholstery Cleaner with Brush Head - 4 Pack, 93523</p><p>$23.88 ($0.50 / Fl Oz)</p><a href="https://www.amazon.com/dp/B0BNK8ZJJ1?tag=eloabder-20&linkCode=osi&th=1&psc=1">View Product</a></div><div class="product"><a href="https://www.amazon.com/dp/B0CX245D26?tag=eloabder-20&linkCode=osi&th=1&psc=1"><img src="https://m.media-amazon.com/images/I/411CSXvvO1L._SL500_.jpg" alt="Product Image"></a><p>BISSELLÂ® Spot & Stain with Febreze + Gain Original Scent Formula for Little Green Devices, Portable Carpet Cleaners (3968)</p><p>$12.99 ($0.41 / Fl Oz)</p><a href="https://www.amazon.com/dp/B0CX245D26?tag=eloabder-20&linkCode=osi&th=1&psc=1">View Product</a></div><div class="product"><a href="https://www.amazon.com/dp/B083VZW4R5?tag=eloabder-20&linkCode=osi&th=1&psc=1"><img src="https://m.media-amazon.com/images/I/413BULPLmBL._SL500_.jpg" alt="Product Image"></a><p>BISSELL Multi-Surface Pet Formula with Febreze Freshness for Crosswave (80 oz), 2295L</p><p>$22.99 ($0.29 / Fl Oz)</p><a href="https://www.amazon.com/dp/B083VZW4R5?tag=eloabder-20&linkCode=osi&th=1&psc=1">View Product</a></div><div class="product"><a href="https://www.amazon.com/dp/B0D2RGW219?tag=eloabder-20&linkCode=osi&th=1&psc=1"><img src="https://m.media-amazon.com/images/I/41gD+82tnAL._SL500_.jpg" alt="Product Image"></a><p>Vacmaster Clean & Restore Carpet Cleaner Formula â€“ CCS03</p><p>$19.99 ($0.31 / Fl Oz)</p><a href="https://www.amazon.com/dp/B0D2RGW219?tag=eloabder-20&linkCode=osi&th=1&psc=1">View Product</a></div>






<div class="product"><a href="https://www.amazon.com/dp/B0BY64HQTP?tag=eloabder-20&linkCode=osi&th=1&psc=1"><img src="https://m.media-amazon.com/images/I/41hUxHuASYL._SL500_.jpg" alt="Product Image"></a><p>Air Conditioning Motor WZDK13-38G-1(RD-310-13-8) DC Brushless Fan Motor, 13W Inverter air Conditioner Motor DC Motor for Central air Conditioner</p><p>$39.95</p><a href="https://www.amazon.com/dp/B0BY64HQTP?tag=eloabder-20&linkCode=osi&th=1&psc=1">View Product</a></div><div class="product"><a href="https://www.amazon.com/dp/B0CM5YB884?tag=eloabder-20&linkCode=osi&th=1&psc=1"><img src="https://m.media-amazon.com/images/I/310lQ2tAvLL._SL500_.jpg" alt="Product Image"></a><p>Sparkfix OEM WZDK20-38G (ZKFP-20-8-6) Air Conditioner Replacement Motors DC280V 20W Air Conditioning Fan Motor Inverter Air Conditioner Brushless DC Motor 1300RPM CCW</p><p>$42.79</p><a href="https://www.amazon.com/dp/B0CM5YB884?tag=eloabder-20&linkCode=osi&th=1&psc=1">View Product</a></div>













<div class="product"><a href="https://www.amazon.com/dp/B009PCI2JU?tag=eloabder-20&linkCode=osi&th=1&psc=1"><img src="https://m.media-amazon.com/images/I/310ZJurANUL._SL500_.jpg" alt="Product Image"></a><p>GE RPWFE Refrigerator Water Filter | Certified to Reduce Lead, Sulfur, and 50+ Other Impurities | Replace Every 6 Months for Best Results | Pack of 1</p><p>$49.98</p><a href="https://www.amazon.com/dp/B009PCI2JU?tag=eloabder-20&linkCode=osi&th=1&psc=1">View Product</a></div><div class="product"><a href="https://www.amazon.com/dp/B0882ZJ48W?tag=eloabder-20&linkCode=osi&th=1&psc=1"><img src="https://m.media-amazon.com/images/I/41110o9sUoL._SL500_.jpg" alt="Product Image"></a><p>GE XWFE Refrigerator Water Filter | Certified to Reduce Lead, Sulfur, and 50+ Other Impurities | Replace Every 6 Months for Best Results | Pack of 1, White</p><p>$49.00</p><a href="https://www.amazon.com/dp/B0882ZJ48W?tag=eloabder-20&linkCode=osi&th=1&psc=1">View Product</a></div><div class="product"><a href="https://www.amazon.com/dp/B074HLRXMP?tag=eloabder-20&linkCode=osi&th=1&psc=1"><img src="https://m.media-amazon.com/images/I/21oDpGCQXiL._SL500_.jpg" alt="Product Image"></a><p>LG LT1000P - 6 Month / 200 Gallon Capacity Replacement Refrigerator Water Filter (NSF42, NSF53, and NSF401) ADQ74793501, ADQ75795105, or AGF80300704 , White</p><p>$47.00</p><a href="https://www.amazon.com/dp/B074HLRXMP?tag=eloabder-20&linkCode=osi&th=1&psc=1">View Product</a></div><div class="product"><a href="https://www.amazon.com/dp/B01BKWSHHE?tag=eloabder-20&linkCode=osi&th=1&psc=1"><img src="https://m.media-amazon.com/images/I/31E2+zlkvjL._SL500_.jpg" alt="Product Image"></a><p>Frigidaire EPTWFU01 Water Filtration Filter, 1 Count, White</p><p>$42.99</p><a href="https://www.amazon.com/dp/B01BKWSHHE?tag=eloabder-20&linkCode=osi&th=1&psc=1">View Product</a></div><div class="product"><a href="https://www.amazon.com/dp/B08V6JB9R7?tag=eloabder-20&linkCode=osi&th=1&psc=1"><img src="https://m.media-amazon.com/images/I/31PRPEffCZL._SL500_.jpg" alt="Product Image"></a><p>Frigidaire FPPWFU01 PurePour PWF-1 Water Filter 1 Count (Pack of 1)</p><p>$45.81</p><a href="https://www.amazon.com/dp/B08V6JB9R7?tag=eloabder-20&linkCode=osi&th=1&psc=1">View Product</a></div><div class="product"><a href="https://www.amazon.com/dp/B000AST3AK?tag=eloabder-20&linkCode=osi&th=1&psc=1"><img src="https://m.media-amazon.com/images/I/41DUoSxpwTS._SL500_.jpg" alt="Product Image"></a><p>GE MWF Refrigerator Water Filter | Certified to Reduce Lead, Sulfur, and 50+ Other Impurities | Replace Every 6 Months for Best Results | Pack of 1</p><p>$39.98</p><a href="https://www.amazon.com/dp/B000AST3AK?tag=eloabder-20&linkCode=osi&th=1&psc=1">View Product</a></div><div class="product"><a href="https://www.amazon.com/dp/B0CFZR7K8D?tag=eloabder-20&linkCode=osi&th=1&psc=1"><img src="https://m.media-amazon.com/images/I/31WM5sdhKLL._SL500_.jpg" alt="Product Image"></a><p>HMASAV W10295370A water filter replacement, Compatible with EDR1RXD1,EDR1RXD1B,W10295370,Filter 1,WHR1RXD1,KAD1RXD1,P4RFWB,P8RFWB2L,46-9930,46-9081 2PACK</p><p>$29.99 ($15.00 / Count)</p><a href="https://www.amazon.com/dp/B0CFZR7K8D?tag=eloabder-20&linkCode=osi&th=1&psc=1">View Product</a></div><div class="product"><a href="https://www.amazon.com/dp/B07JM9TTTT?tag=eloabder-20&linkCode=osi&th=1&psc=1"><img src="https://m.media-amazon.com/images/I/41CfAtJ8TPL._SL500_.jpg" alt="Product Image"></a><p>GLACIER FRESH LT1000PC Replacement Water Filter, Compatible with LT1000PC/PCS, LT1000PC, LT-1000PC, MDJ64844601, ADQ747935 ADQ74793504 Filter and LT120F ADQ73334008 Fresh Air (3+3)</p><p>$39.99 ($13.33 / Count)</p><a href="https://www.amazon.com/dp/B07JM9TTTT?tag=eloabder-20&linkCode=osi&th=1&psc=1">View Product</a></div><div class="product"><a href="https://www.amazon.com/dp/B003N1ZSYG?tag=eloabder-20&linkCode=osi&th=1&psc=1"><img src="https://m.media-amazon.com/images/I/31Mbrkrxu1L._SL500_.jpg" alt="Product Image"></a><p>SAMSUNG Genuine Filter for Refrigerator Water and Ice, Carbon Block Filtration for Clean, Clear Drinking Water, 6-Month Life, HAF-CIN/EXP, 1 Pack</p><p>$39.99</p><a href="https://www.amazon.com/dp/B003N1ZSYG?tag=eloabder-20&linkCode=osi&th=1&psc=1">View Product</a></div>









<div class="product"><a href="https://www.amazon.com/dp/B0B2NZ47HN?tag=eloabder-20&linkCode=osi&th=1&psc=1"><img src="https://m.media-amazon.com/images/I/41nC6c2XxJL._SL500_.jpg" alt="Product Image"></a><p>OTE Portable Sparkling Water Maker Soda Maker Machine for home with 20PCS Cylinders 450ml Personal seltzer Carbonators Electroless Double Layer PET Bottle BPA Free Double Pressure Relief Valves -Pink</p><p>$49.99</p><a href="https://www.amazon.com/dp/B0B2NZ47HN?tag=eloabder-20&linkCode=osi&th=1&psc=1">View Product</a></div><div class="product"><a href="https://www.amazon.com/dp/B09DY54L7M?tag=eloabder-20&linkCode=osi&th=1&psc=1"><img src="https://m.media-amazon.com/images/I/31LSpnm3G8L._SL500_.jpg" alt="Product Image"></a><p>MOSOLAN Bottle Cleaning Brush, 17 Inches Extra Long Handle Water Bottle Brush, Flexible Bendable Cleaner for Washing Narrow Neck Bottles, Wine Decanter, Kombucha, Pipes, Beer Brewing Supplies, 2 Pack</p><p>$11.95 ($5.98 / Count)</p><a href="https://www.amazon.com/dp/B09DY54L7M?tag=eloabder-20&linkCode=osi&th=1&psc=1">View Product</a></div><div class="product"><a href="https://www.amazon.com/dp/B0736CBNDN?tag=eloabder-20&linkCode=osi&th=1&psc=1"><img src="https://m.media-amazon.com/images/I/41tWXmwP5KL._SL500_.jpg" alt="Product Image"></a><p>#2 Filter Pads (10 Pack Bulk) Compatible with Mini Jet Machine | #2 1.8-2.5 micron | 2 Micron Filtering pads. Filter Wine Beer, Kombucha, Mead Mash. Polishing filtration| Not a Buon Vino product.</p><p>$18.99</p><a href="https://www.amazon.com/dp/B0736CBNDN?tag=eloabder-20&linkCode=osi&th=1&psc=1">View Product</a></div>









<div class="product"><a href="https://www.amazon.com/dp/B07YGN577Y?tag=eloabder-20&linkCode=osi&th=1&psc=1"><img src="https://m.media-amazon.com/images/I/31kfZiyDMUL._SL500_.jpg" alt="Product Image"></a><p>9870163 Trash Power Nut WP9870163 L8</p><p>$50.36</p><a href="https://www.amazon.com/dp/B07YGN577Y?tag=eloabder-20&linkCode=osi&th=1&psc=1">View Product</a></div>

<div class="product"><a href="https://www.amazon.com/dp/B0CWQLM4C7?tag=eloabder-20&linkCode=osi&th=1&psc=1"><img src="https://m.media-amazon.com/images/I/41gTEIOjtlL._SL500_.jpg" alt="Product Image"></a><p>7" Seven Seconds Lazy Kitchen Food Making Tools - Multifunctional Fruit Vegetable Chopper Quick Garlic Peeling Machine Convenient Food Chopper for Slicing,Juice,Grinding</p><p>$32.99</p><a href="https://www.amazon.com/dp/B0CWQLM4C7?tag=eloabder-20&linkCode=osi&th=1&psc=1">View Product</a></div>







<div class="product"><a href="https://www.amazon.com/dp/B0CNKFM9WR?tag=eloabder-20&linkCode=osi&th=1&psc=1"><img src="https://m.media-amazon.com/images/I/31sGGIDic9L._SL500_.jpg" alt="Product Image"></a><p>hobbyme Pack of 4 Plastic Coffee Scoops with Brush & Espresso Grinder Brush for Ground Coffee Cleaning Tea Power Coffee Grinder Spoon</p><p>$6.49</p><a href="https://www.amazon.com/dp/B0CNKFM9WR?tag=eloabder-20&linkCode=osi&th=1&psc=1">View Product</a></div>












<div class="product"><a href="https://www.amazon.com/dp/B00UTFZAII?tag=eloabder-20&linkCode=osi&th=1&psc=1"><img src="https://m.media-amazon.com/images/I/31z7hZ6KbXL._SL500_.jpg" alt="Product Image"></a><p>Miele 10123210 AirClean 3D Efficiency Dust Bag, Type GN, 4 Bags & 2 Filters, White</p><p>$21.86 ($21.86 / Count)</p><a href="https://www.amazon.com/dp/B00UTFZAII?tag=eloabder-20&linkCode=osi&th=1&psc=1">View Product</a></div><div class="product"><a href="https://www.amazon.com/dp/B07WHG6J5S?tag=eloabder-20&linkCode=osi&th=1&psc=1"><img src="https://m.media-amazon.com/images/I/41hnaEOxB9L._SL500_.jpg" alt="Product Image"></a><p>KEEPOW Vacuum Filters for Eureka, Power Speed Vacuum Filters Replacement for Eureka NEU182A, NEU182B, NEU280, NEU180, NEU181, NEU188, NEU202 Bagless Upright Vacuum Cleaner, Part E0202 (4 Pack)</p><p>$9.99 ($2.50 / Count)</p><a href="https://www.amazon.com/dp/B07WHG6J5S?tag=eloabder-20&linkCode=osi&th=1&psc=1">View Product</a></div><div class="product"><a href="https://www.amazon.com/dp/B00UTFZB82?tag=eloabder-20&linkCode=osi&th=1&psc=1"><img src="https://m.media-amazon.com/images/I/41WdlL5T0dL._SL500_.jpg" alt="Product Image"></a><p>Miele AirClean 3D Efficiency Dust Bag, Type FJM, 4 Bags & 2 Filters, White</p><p>$18.99</p><a href="https://www.amazon.com/dp/B00UTFZB82?tag=eloabder-20&linkCode=osi&th=1&psc=1">View Product</a></div><div class="product"><a href="https://www.amazon.com/dp/B09NKP346M?tag=eloabder-20&linkCode=osi&th=1&psc=1"><img src="https://m.media-amazon.com/images/I/41o25nqkODL._SL500_.jpg" alt="Product Image"></a><p>Anewise 6 Pack Filter Replacement for Bissell Powerforce Compact Lightweight Upright 2112 1520 for Bissel Turbo Bagless 2690 Cleanview 3437 3508 Vacuum Cleaner, Compare to Parts #1604896/160-4896</p><p>$12.99</p><a href="https://www.amazon.com/dp/B09NKP346M?tag=eloabder-20&linkCode=osi&th=1&psc=1">View Product</a></div><div class="product"><a href="https://www.amazon.com/dp/B01MQ5NITB?tag=eloabder-20&linkCode=osi&th=1&psc=1"><img src="https://m.media-amazon.com/images/I/41J6lG4H1bL._SL500_.jpg" alt="Product Image"></a><p>Bissell Style 7 3 Pack Vacuum Cleaner Bags, White, 3 Count</p><p>$8.69 ($2.90 / Count)</p><a href="https://www.amazon.com/dp/B01MQ5NITB?tag=eloabder-20&linkCode=osi&th=1&psc=1">View Product</a></div><div class="product"><a href="https://www.amazon.com/dp/B0CDH1JY5D?tag=eloabder-20&linkCode=osi&th=1&psc=1"><img src="https://m.media-amazon.com/images/I/516DPXu4siL._SL500_.jpg" alt="Product Image"></a><p>4 Pack Replacement Filters Compatiable with Wyze Cordless Vacuum Cleaner, Removable and Washable HEPA Filter Accessories Part Set with 1 Cleaning Brush for Wyze Handheld Cordless Vacuum Cleaner</p><p>$15.99 ($4.00 / Count)</p><a href="https://www.amazon.com/dp/B0CDH1JY5D?tag=eloabder-20&linkCode=osi&th=1&psc=1">View Product</a></div><div class="product"><a href="https://www.amazon.com/dp/B07P3WB37F?tag=eloabder-20&linkCode=osi&th=1&psc=1"><img src="https://m.media-amazon.com/images/I/51WaYrkiVXL._SL500_.jpg" alt="Product Image"></a><p>Miele AirClean 3D Efficiency Dust Bag, Type GN, XL Value Pack, 8 Bags and 4 Filters</p><p>$36.99</p><a href="https://www.amazon.com/dp/B07P3WB37F?tag=eloabder-20&linkCode=osi&th=1&psc=1">View Product</a></div><div class="product"><a href="https://www.amazon.com/dp/B09DSY4Z2T?tag=eloabder-20&linkCode=osi&th=1&psc=1"><img src="https://m.media-amazon.com/images/I/51+ref3EeAL._SL500_.jpg" alt="Product Image"></a><p>Filter Replacement for Tineco A10 A11 Hero A10/A11 Master PURE ONE S11 Series, S12, X Cordless Vacuum Cleaner (3 PACK) â€¦</p><p>$12.99 ($4.33 / Count)</p><a href="https://www.amazon.com/dp/B09DSY4Z2T?tag=eloabder-20&linkCode=osi&th=1&psc=1">View Product</a></div>


<div class="product"><a href="https://www.amazon.com/dp/B0BXRR5QFV?tag=eloabder-20&linkCode=osi&th=1&psc=1"><img src="https://m.media-amazon.com/images/I/41sjdBkCp8L._SL500_.jpg" alt="Product Image"></a><p>AC Infinity CLOUDFORGE T7, Plant Humidifier 15L with VPD Humidity Controls, 10-Level Precision Vaporizer, Extendable Hose, Targeting Pipe, and No-Leak Seal for Grow Tents</p><p>$159.00</p><a href="https://www.amazon.com/dp/B0BXRR5QFV?tag=eloabder-20&linkCode=osi&th=1&psc=1">View Product</a></div><div class="product"><a href="https://www.amazon.com/dp/B01N6MV8SA?tag=eloabder-20&linkCode=osi&th=1&psc=1"><img src="https://m.media-amazon.com/images/I/41hX08+W1xL._SL500_.jpg" alt="Product Image"></a><p>Protec Humidifier Tank Cleaner, 1 Count - Colors May Vary</p><p>$5.98</p><a href="https://www.amazon.com/dp/B01N6MV8SA?tag=eloabder-20&linkCode=osi&th=1&psc=1">View Product</a></div><div class="product"><a href="https://www.amazon.com/dp/B07GXBTH82?tag=eloabder-20&linkCode=osi&th=1&psc=1"><img src="https://m.media-amazon.com/images/I/41ibxK12JPL._SL500_.jpg" alt="Product Image"></a><p>Essick Air 1970-2 Humidifier, 2-Quart Bacteriostatic Treatment, 2 Pack, Clear, 2</p><p>$22.99</p><a href="https://www.amazon.com/dp/B07GXBTH82?tag=eloabder-20&linkCode=osi&th=1&psc=1">View Product</a></div><div class="product"><a href="https://www.amazon.com/dp/B08TTT3K9B?tag=eloabder-20&linkCode=osi&th=1&psc=1"><img src="https://m.media-amazon.com/images/I/41U6j9SexmL._SL500_.jpg" alt="Product Image"></a><p>Leemone Humidifier Cleaner 12 Pack, Demineralization Cleaning Ball, Works in All humidifiers and Fish Tanks, Purifies Water, Prevents Hard Water Build-Up, Eliminates White Dust and Odor</p><p>$14.44</p><a href="https://www.amazon.com/dp/B08TTT3K9B?tag=eloabder-20&linkCode=osi&th=1&psc=1">View Product</a></div>
<div class="product"><a href="https://www.amazon.com/dp/B07YD4XCT3?tag=eloabder-20&linkCode=osi&th=1&psc=1"><img src="https://m.media-amazon.com/images/I/41hR81iKyJL._SL500_.jpg" alt="Product Image"></a><p>Vacplus Moisture Absorber Packets, Fragrance Free(10 Pack), Humidity Packs, Hanging Closet Dehumidifier Bags, Desiccant 9.8OZ</p><p>$21.99</p><a href="https://www.amazon.com/dp/B07YD4XCT3?tag=eloabder-20&linkCode=osi&th=1&psc=1">View Product</a></div><div class="product"><a href="https://www.amazon.com/dp/B09LQF5V5K?tag=eloabder-20&linkCode=osi&th=1&psc=1"><img src="https://m.media-amazon.com/images/I/51Cx5ECAotL._SL500_.jpg" alt="Product Image"></a><p>CLEVAST Moisture Absorbers Packets 10 Pack, Dehumidifier Bags for Closet, Unscented Hanging Humidity Absorber in Wardrobes, Bedrooms, Bathrooms(230g/pack)</p><p>$16.98</p><a href="https://www.amazon.com/dp/B09LQF5V5K?tag=eloabder-20&linkCode=osi&th=1&psc=1">View Product</a></div><div class="product"><a href="https://www.amazon.com/dp/B0B8L9QRW8?tag=eloabder-20&linkCode=osi&th=1&psc=1"><img src="https://m.media-amazon.com/images/I/518LgtpPi8L._SL500_.jpg" alt="Product Image"></a><p>Arm & Hammer Essentials Disposable Moisture Absorber and Odor Eliminator Tub, Fragrance Free, 1 lb, 3-Pack, Attracts and Traps Excess Moisture, Ideal Closet Dehumidifier, White</p><p>$24.94 ($0.52 / Ounce)</p><a href="https://www.amazon.com/dp/B0B8L9QRW8?tag=eloabder-20&linkCode=osi&th=1&psc=1">View Product</a></div><div class="product"><a href="https://www.amazon.com/dp/B09W9TPJGZ?tag=eloabder-20&linkCode=osi&th=1&psc=1"><img src="https://m.media-amazon.com/images/I/51pVTVMwHbL._SL500_.jpg" alt="Product Image"></a><p>THECOSKY Dehumidifier and Air Purifier Combo,HEPA H13 Filter and Negative Air Ion Function,54oz(1.6L) Water Tank with Drain Hose,24hrs Auto-Off Timer,Idea for Bedroom,Bathroom,Closet,RV</p><p>$109.99</p><a href="https://www.amazon.com/dp/B09W9TPJGZ?tag=eloabder-20&linkCode=osi&th=1&psc=1">View Product</a></div><div class="product"><a href="https://www.amazon.com/dp/B0CXDG65LZ?tag=eloabder-20&linkCode=osi&th=1&psc=1"><img src="https://m.media-amazon.com/images/I/41HNflmbKHL._SL500_.jpg" alt="Product Image"></a><p>14 x 17.5 x1.75 MERV 13 Replacement Dehumidifier Filter Compatible with Santa Fe Advance90, Advance100, Advance120, Honeywell DR90 & DR120 dehumidifier models, 2 Pack</p><p>$42.99</p><a href="https://www.amazon.com/dp/B0CXDG65LZ?tag=eloabder-20&linkCode=osi&th=1&psc=1">View Product</a></div>
<div class="product"><a href="https://www.amazon.com/dp/B088B921NQ?tag=eloabder-20&linkCode=osi&th=1&psc=1"><img src="https://m.media-amazon.com/images/I/612e4cT3RYL._SL500_.jpg" alt="Product Image"></a><p>ULTTY H13 HEPA Replacement Filter with Medical Coating, True HEPA Filter For R021/ R020 Purifying Fan, Medium</p><p>$29.99</p><a href="https://www.amazon.com/dp/B088B921NQ?tag=eloabder-20&linkCode=osi&th=1&psc=1">View Product</a></div><div class="product"><a href="https://www.amazon.com/dp/B0D2MZ4Y7Z?tag=eloabder-20&linkCode=osi&th=1&psc=1"><img src="https://m.media-amazon.com/images/I/51KgTHizWyL._SL500_.jpg" alt="Product Image"></a><p>Butto 5-Pack Ceiling Fan Filters for Blades - Strong Adhesive Ceiling Fan Filters for Common Household Contaminants - Unscented Coconut Carbon Fan Air Purifier Pads to Make Air Fresh and Natural</p><p>$9.98</p><a href="https://www.amazon.com/dp/B0D2MZ4Y7Z?tag=eloabder-20&linkCode=osi&th=1&psc=1">View Product</a></div><div class="product"><a href="https://www.amazon.com/dp/B0C42HCM21?tag=eloabder-20&linkCode=osi&th=1&psc=1"><img src="https://m.media-amazon.com/images/I/31jk3lpoygL._SL500_.jpg" alt="Product Image"></a><p>Barnakl Ceiling Fan Filters | Activated Coconut Shell Carbon Filter | Easy-Stick Universal Ceiling Fan Air Filters | Unscented Ceiling Fan Blade Filters for Common Household Contaminants, (3-Count)</p><p>$19.99 ($6.66 / Count)</p><a href="https://www.amazon.com/dp/B0C42HCM21?tag=eloabder-20&linkCode=osi&th=1&psc=1">View Product</a></div>
<div class="product"><a href="https://www.amazon.com/dp/B08LZWP29P?tag=eloabder-20&linkCode=osi&th=1&psc=1"><img src="https://m.media-amazon.com/images/I/41NLuzzFW9L._SL500_.jpg" alt="Product Image"></a><p>Chromex Tankless Water Heater Descaling Solution | Highly Effective Descaler Restores Heating Efficiency, Quart, 32 fl oz (1)</p><p>$26.99</p><a href="https://www.amazon.com/dp/B08LZWP29P?tag=eloabder-20&linkCode=osi&th=1&psc=1">View Product</a></div>

<div class="product"><a href="https://www.amazon.com/dp/B005UO4OWQ?tag=eloabder-20&linkCode=osi&th=1&psc=1"><img src="https://m.media-amazon.com/images/I/41oQPKFofoL._SL500_.jpg" alt="Product Image"></a><p>Bissell 203-7458 Brushroll, Bg10/86T3, Black</p><p>$21.26 ($21.26 / Count)</p><a href="https://www.amazon.com/dp/B005UO4OWQ?tag=eloabder-20&linkCode=osi&th=1&psc=1">View Product</a></div>





















<div class="product"><a href="https://www.amazon.com/dp/B0014J7FUY?tag=eloabder-20&linkCode=osi&th=1&psc=1"><img src="https://m.media-amazon.com/images/I/31QrM+IPxOL._SL500_.jpg" alt="Product Image"></a><p>Urnex Grindz Professional Coffee Grinder Cleaning Tablets - 430 Grams - All Natural Food Safe Gluten Free - Cleans Burr and Casing - Help Extend Life of Your Grinder</p><p>$25.99 ($1.71 / Ounce)</p><a href="https://www.amazon.com/dp/B0014J7FUY?tag=eloabder-20&linkCode=osi&th=1&psc=1">View Product</a></div>



<div class="product"><a href="https://www.amazon.com/dp/B0CHW317SG?tag=eloabder-20&linkCode=osi&th=1&psc=1"><img src="https://m.media-amazon.com/images/I/41Qd5Iu3qBL._SL500_.jpg" alt="Product Image"></a><p>EUHOMY 55 Can Beverage Refrigerator cooler-Mini Fridge Glass Door for Beer Drinks Wines, Freestanding Beverage Fridge with Adjustable Shelves Blue LED for Home/Office/Dorm/Bar (1.3cu.ft)</p><p>$128.99</p><a href="https://www.amazon.com/dp/B0CHW317SG?tag=eloabder-20&linkCode=osi&th=1&psc=1">View Product</a></div>

<div class="product"><a href="https://www.amazon.com/dp/B099CN2MRK?tag=eloabder-20&linkCode=osi&th=1&psc=1"><img src="https://m.media-amazon.com/images/I/31CvUCIUX5L._SL500_.jpg" alt="Product Image"></a><p>Genuine PuroAir 240 Replacement Filter - Replacement HEPA Filter for PuroAir 240 Purifier - Captures up to 99% of Pollen, Smoke, Pollen, Dust and Common Household Pollutants</p><p>$48.00</p><a href="https://www.amazon.com/dp/B099CN2MRK?tag=eloabder-20&linkCode=osi&th=1&psc=1">View Product</a></div><div class="product"><a href="https://www.amazon.com/dp/B0055521W0?tag=eloabder-20&linkCode=osi&th=1&psc=1"><img src="https://m.media-amazon.com/images/I/41Hs7ixdyXL._SL500_.jpg" alt="Product Image"></a><p>GermGuardian Filter B HEPA Pure Genuine Air Purifier Replacement Filter, Removes 99.97% of Pollutants for AC4825, AC4300, AC4900, AC4825DLX, AC4850, CDAP4500, AP2200, Black/Yellow, FLT4825</p><p>$17.90 ($17.90 / Count)</p><a href="https://www.amazon.com/dp/B0055521W0?tag=eloabder-20&linkCode=osi&th=1&psc=1">View Product</a></div><div class="product"><a href="https://www.amazon.com/dp/B0BNMYKZPV?tag=eloabder-20&linkCode=osi&th=1&psc=1"><img src="https://m.media-amazon.com/images/I/41-K3mB6KkL._SL500_.jpg" alt="Product Image"></a><p>2 Pack True HEPA KILO Filter Compatible with Afloia KILO, KILOPLUS, KILOPRO, MIRO,MIRO PRO and MORENTO MR-Kilo, Kalo Air Purifier, 360Â° 3-Stage Filtration</p><p>$34.99 ($17.50 / Count)</p><a href="https://www.amazon.com/dp/B0BNMYKZPV?tag=eloabder-20&linkCode=osi&th=1&psc=1">View Product</a></div><div class="product"><a href="https://www.amazon.com/dp/B0D3M4Y9W7?tag=eloabder-20&linkCode=osi&th=1&psc=1"><img src="https://m.media-amazon.com/images/I/41tzW+mkZuL._SL500_.jpg" alt="Product Image"></a><p>Breshair 14 True HEPA Filter Replacement Compatible with PuroAir 240 Air Purifier, 3-in-1 Filtration System with Activated Carbon Filter, 2-Pack</p><p>$31.56 ($15.78 / Count)</p><a href="https://www.amazon.com/dp/B0D3M4Y9W7?tag=eloabder-20&linkCode=osi&th=1&psc=1">View Product</a></div><div class="product"><a href="https://www.amazon.com/dp/B0CB18MVX6?tag=eloabder-20&linkCode=osi&th=1&psc=1"><img src="https://m.media-amazon.com/images/I/519ZmmLOrzL._SL500_.jpg" alt="Product Image"></a><p>2 Pack 3-in-1 H13 True HEPA Replacement Filter Compatible with Pure Enrichment PureZone Air Purifier Part# PEAIRPLG</p><p>$23.99 ($12.00 / Count)</p><a href="https://www.amazon.com/dp/B0CB18MVX6?tag=eloabder-20&linkCode=osi&th=1&psc=1">View Product</a></div><div class="product"><a href="https://www.amazon.com/dp/B08JTZMRML?tag=eloabder-20&linkCode=osi&th=1&psc=1"><img src="https://m.media-amazon.com/images/I/51yx60sCjHL._SL500_.jpg" alt="Product Image"></a><p>6 Pack HPA300 HEPA Filter Replacement for Honeywell HPA300 Series Air Purifiers HPA300, HPA300VP, HPA304, HPA3300, Replace HRF-R3 (6 Ture HEPA R Replacement Filter + 8 Activated Carbon Pre-Filter)</p><p>$47.99 ($3.43 / Count)</p><a href="https://www.amazon.com/dp/B08JTZMRML?tag=eloabder-20&linkCode=osi&th=1&psc=1">View Product</a></div><div class="product"><a href="https://www.amazon.com/dp/B0CF1GLSYS?tag=eloabder-20&linkCode=osi&th=1&psc=1"><img src="https://m.media-amazon.com/images/I/41709EXRzXL._SL500_.jpg" alt="Product Image"></a><p>CHIVALZ 4 Pack HY4866 True HEPA Replacement Filters Compatible with MORENTO HY4866 Air Purifier, WESTHEY HY4866 Air Purifier and YIOU M1 Air Cleaner Purifier, Original Version</p><p>$39.99 ($10.00 / Count)</p><a href="https://www.amazon.com/dp/B0CF1GLSYS?tag=eloabder-20&linkCode=osi&th=1&psc=1">View Product</a></div>







<div class="product"><a href="https://www.amazon.com/dp/B0CYKMFKR9?tag=eloabder-20&linkCode=osi&th=1&psc=1"><img src="https://m.media-amazon.com/images/I/316zU-ozoxL._SL500_.jpg" alt="Product Image"></a><p>Air Purifier Replacement Filter for Space Heater Bladeless Fan</p><p>$29.99</p><a href="https://www.amazon.com/dp/B0CYKMFKR9?tag=eloabder-20&linkCode=osi&th=1&psc=1">View Product</a></div>
<div class="product"><a href="https://www.amazon.com/dp/B07MRH6VY7?tag=eloabder-20&linkCode=osi&th=1&psc=1"><img src="https://m.media-amazon.com/images/I/51g-nuN4A5L._SL500_.jpg" alt="Product Image"></a><p>Colorfullife Replacement Air Purifier Filter for Dyson Tower Purifier Pure Cool Link TP01, TP02, TP03, BP01, Compare to Part 968126-03ï¼Œ2 Pack</p><p>$26.99</p><a href="https://www.amazon.com/dp/B07MRH6VY7?tag=eloabder-20&linkCode=osi&th=1&psc=1">View Product</a></div><div class="product"><a href="https://www.amazon.com/dp/B07TX5SW7J?tag=eloabder-20&linkCode=osi&th=1&psc=1"><img src="https://m.media-amazon.com/images/I/512Kn+cPglL._SL500_.jpg" alt="Product Image"></a><p>TP01 HEPA Filter Replacement Compatible with Dyson Tower Purifier Pure Cool Link TP01, TP02, TP03, AM11, BP01 Models, Compare to Part # 968126-03 (Pack of 2)</p><p>$27.95 ($13.98 / Count)</p><a href="https://www.amazon.com/dp/B07TX5SW7J?tag=eloabder-20&linkCode=osi&th=1&psc=1">View Product</a></div><div class="product"><a href="https://www.amazon.com/dp/B0CC24GZGB?tag=eloabder-20&linkCode=osi&th=1&psc=1"><img src="https://m.media-amazon.com/images/I/41woNpZ9VgL._SL500_.jpg" alt="Product Image"></a><p>TP01 TP02 Filter Compatible with Dyson Pure Cool Link Purifying Tower Fan TP00 TP03 AM11 and Cool Me BP01 Personal Series, 360Â° Air Purifier Filter Replacement 968126-03, 1-Pack</p><p>$25.99</p><a href="https://www.amazon.com/dp/B0CC24GZGB?tag=eloabder-20&linkCode=osi&th=1&psc=1">View Product</a></div><div class="product"><a href="https://www.amazon.com/dp/B0CX23N2JJ?tag=eloabder-20&linkCode=osi&th=1&psc=1"><img src="https://m.media-amazon.com/images/I/3145hmd5j7L._SL500_.jpg" alt="Product Image"></a><p>Dreo Air Purifiers Replacement Filter, HEPA Filter for Dreo Purifier Tower Fan MC710S, with 2 Stage Filtration, Black, Standard(DR-HPA019)</p><p>$39.99</p><a href="https://www.amazon.com/dp/B0CX23N2JJ?tag=eloabder-20&linkCode=osi&th=1&psc=1">View Product</a></div>










<div class="product"><a href="https://www.amazon.com/dp/B001U0OJ7O?tag=eloabder-20&linkCode=osi&th=1&psc=1"><img src="https://m.media-amazon.com/images/I/41XEg3QV-wL._SL500_.jpg" alt="Product Image"></a><p>Whirlpool W10165294RB 15-Inch Plastic Trash Compactor ct, 60 Bags, Count</p><p>$48.34</p><a href="https://www.amazon.com/dp/B001U0OJ7O?tag=eloabder-20&linkCode=osi&th=1&psc=1">View Product</a></div><div class="product"><a href="https://www.amazon.com/dp/B0CC3V4ZZ4?tag=eloabder-20&linkCode=osi&th=1&psc=1"><img src="https://m.media-amazon.com/images/I/31bbvodHnjL._SL500_.jpg" alt="Product Image"></a><p>Waste Smasher- Hand-Held Manual Trash Compactor Dishwasher Safe Black</p><p>$24.95</p><a href="https://www.amazon.com/dp/B0CC3V4ZZ4?tag=eloabder-20&linkCode=osi&th=1&psc=1">View Product</a></div><div class="product"><a href="https://www.amazon.com/dp/B00IYO5914?tag=eloabder-20&linkCode=osi&th=1&psc=1"><img src="https://m.media-amazon.com/images/I/51SLpTXIYNL._SL500_.jpg" alt="Product Image"></a><p>Kitchen Master Super Strong Compactor Bags Pre Cuffed (12 Pack)</p><p>$34.95</p><a href="https://www.amazon.com/dp/B00IYO5914?tag=eloabder-20&linkCode=osi&th=1&psc=1">View Product</a></div><div class="product"><a href="https://www.amazon.com/dp/B075DJ4ZVQ?tag=eloabder-20&linkCode=osi&th=1&psc=1"><img src="https://m.media-amazon.com/images/I/51Vaek4I89L._SL500_.jpg" alt="Product Image"></a><p>Dano Pre-Cuffed Compactor Bags</p><p>$32.95 ($2.75 / Count)</p><a href="https://www.amazon.com/dp/B075DJ4ZVQ?tag=eloabder-20&linkCode=osi&th=1&psc=1">View Product</a></div><div class="product"><a href="https://www.amazon.com/dp/B0C2DCVCBJ?tag=eloabder-20&linkCode=osi&th=1&psc=1"><img src="https://m.media-amazon.com/images/I/51072CtaKuL._SL500_.jpg" alt="Product Image"></a><p>60-pack W10165294RB Trash Compactor Bags - leak-proof trash compactor bags for kitchen 60-ct 15 inches - Fits 15-inch Rectangular Drawer Compactors</p><p>$45.99 ($0.77 / Count)</p><a href="https://www.amazon.com/dp/B0C2DCVCBJ?tag=eloabder-20&linkCode=osi&th=1&psc=1">View Product</a></div><div class="product"><a href="https://www.amazon.com/dp/B001U0OJ7E?tag=eloabder-20&linkCode=osi&th=1&psc=1"><img src="https://m.media-amazon.com/images/I/41c0z26RyvL._SL500_.jpg" alt="Product Image"></a><p>Whirlpool W10165293RB Genuine OEM 60 Pack-Plastic Compactor Bags-18" Models â€“ 1394369, 4178058, 4318932, 4318933, 4318935, 4318937, 4318939, AH1964576, EA1964576, PS1964576</p><p>$48.64 ($0.81 / Count)</p><a href="https://www.amazon.com/dp/B001U0OJ7E?tag=eloabder-20&linkCode=osi&th=1&psc=1">View Product</a></div><div class="product"><a href="https://www.amazon.com/dp/B00W27J16S?tag=eloabder-20&linkCode=osi&th=1&psc=1"><img src="https://m.media-amazon.com/images/I/41RaOjAGlrL._SL500_.jpg" alt="Product Image"></a><p>Compactor Bags Pre Cuffed (50 Pack)</p><p>$84.95 ($1.70 / count)</p><a href="https://www.amazon.com/dp/B00W27J16S?tag=eloabder-20&linkCode=osi&th=1&psc=1">View Product</a></div><div class="product"><a href="https://www.amazon.com/dp/B00MOCYY2W?tag=eloabder-20&linkCode=osi&th=1&psc=1"><img src="https://m.media-amazon.com/images/I/41SH8mDsAnL._SL500_.jpg" alt="Product Image"></a><p>GE WX60X1 Genuine OEM Universal Trash Compactor Bags for GE Trash Compactors</p><p>$19.00</p><a href="https://www.amazon.com/dp/B00MOCYY2W?tag=eloabder-20&linkCode=osi&th=1&psc=1">View Product</a></div><div class="product"><a href="https://www.amazon.com/dp/B0D7SFSTNG?tag=eloabder-20&linkCode=osi&th=1&psc=1"><img src="https://m.media-amazon.com/images/I/41szt9tZJPL._SL500_.jpg" alt="Product Image"></a><p>4PCS Trash Compactor Charcoal Air Filter Fit for Whirlpool/KitchenAid/Maytag/Jenn-Air/Amana/Inglis/Magic Chef Trash Compactor, Replaces 4151750 554358 WP4151750 AP6009134 PS11742279</p><p>$23.59 ($5.90 / Count)</p><a href="https://www.amazon.com/dp/B0D7SFSTNG?tag=eloabder-20&linkCode=osi&th=1&psc=1">View Product</a></div>
<div class="product"><a href="https://www.amazon.com/dp/B0CGLX5ZB9?tag=eloabder-20&linkCode=osi&th=1&psc=1"><img src="https://m.media-amazon.com/images/I/51qeRZQS98L._SL500_.jpg" alt="Product Image"></a><p>Spare Replacement Parts Compatible with MAMNV BR150 BR151, ZCWA BR150 BR151, MANVINS G20 Robot Vacuum and Mop Combo Accessories Include: 3 Hepa Filters 3 Mop Pads 6 Side Spin Brushes</p><p>$9.98</p><a href="https://www.amazon.com/dp/B0CGLX5ZB9?tag=eloabder-20&linkCode=osi&th=1&psc=1">View Product</a></div><div class="product"><a href="https://www.amazon.com/dp/B0B28DGZBG?tag=eloabder-20&linkCode=osi&th=1&psc=1"><img src="https://m.media-amazon.com/images/I/51ooMN4RqML._SL500_.jpg" alt="Product Image"></a><p>Replacement Parts for Shark AI AV2511AE AV2501S AV2610WA AV2501AE RV2502AE RV2610WA RV2520 AV2510 2-In-1 AI Ultra Robot Vacuum Cleaner Accessories Kits. Main Brush, HEPA Filter, Foam Filter,Side Brush</p><p>$19.99 ($1.05 / Count)</p><a href="https://www.amazon.com/dp/B0B28DGZBG?tag=eloabder-20&linkCode=osi&th=1&psc=1">View Product</a></div><div class="product"><a href="https://www.amazon.com/dp/B0782T7L6P?tag=eloabder-20&linkCode=osi&th=1&psc=1"><img src="https://m.media-amazon.com/images/I/41hTVkuzMJL._SL500_.jpg" alt="Product Image"></a><p>10pcs HEPA Filters Replacement for ILIFE V3s V3s pro V5 V5s V5s Pro V5s Pro 2 V5s Plus Noisz S5 Robotic Vacuum Cleaner ILIFE V3s pro Filters ILIFE Robot Vacuum Filter</p><p>$9.80 ($0.98 / Count)</p><a href="https://www.amazon.com/dp/B0782T7L6P?tag=eloabder-20&linkCode=osi&th=1&psc=1">View Product</a></div><div class="product"><a href="https://www.amazon.com/dp/B0CXLVHTTC?tag=eloabder-20&linkCode=osi&th=1&psc=1"><img src="https://m.media-amazon.com/images/I/51BT3phYzKL._SL500_.jpg" alt="Product Image"></a><p>HUIZHEN Spare Accessories for MAMNV BR150/BR151, for ZCWA BR150/BR151, for MANVINS G20,for GTTVO BR150/BR151,for ONSON BR150/BR151 Robot Vacuum Replacement Parts,6 Side Brush,4 HEPA Filters,4 Mop Pads</p><p>$9.99</p><a href="https://www.amazon.com/dp/B0CXLVHTTC?tag=eloabder-20&linkCode=osi&th=1&psc=1">View Product</a></div><div class="product"><a href="https://www.amazon.com/dp/B08RYDDQL8?tag=eloabder-20&linkCode=osi&th=1&psc=1"><img src="https://m.media-amazon.com/images/I/314Xd7+oBXL._SL500_.jpg" alt="Product Image"></a><p>AirClean 4 Pack 3.7" High Replacement Base Pre-Motor Foam Filters Compatible with Shark IQ Robot Vacuum R101AE RV1001AE UR1005AE Self-Empty Base</p><p>$12.99 ($3.25 / Count)</p><a href="https://www.amazon.com/dp/B08RYDDQL8?tag=eloabder-20&linkCode=osi&th=1&psc=1">View Product</a></div><div class="product"><a href="https://www.amazon.com/dp/B0CJLHJ557?tag=eloabder-20&linkCode=osi&th=1&psc=1"><img src="https://m.media-amazon.com/images/I/41iQm8hUjiL._SL500_.jpg" alt="Product Image"></a><p>Replacement Parts Compatible with WYZE Robot Vacuum Cleaner WVCR200S Accessories, 2 Main Brushes, 6 Hepa Filters, 8 Side Brushes Attachment Spare Pack</p><p>$14.99 ($0.94 / Count)</p><a href="https://www.amazon.com/dp/B0CJLHJ557?tag=eloabder-20&linkCode=osi&th=1&psc=1">View Product</a></div>
<div class="product"><a href="https://www.amazon.com/dp/B0C4595Q8P?tag=eloabder-20&linkCode=osi&th=1&psc=1"><img src="https://m.media-amazon.com/images/I/51k23SAtRxL._SL500_.jpg" alt="Product Image"></a><p>4 Pack FSV001 HEPA Filter Compatiable with Fabuletta FSV101, FSV001, Girnoor G160&G165, Afoddon A300, Lubluelu 202, Oraimo Cordless Vacuum Cleaner, Besswin W26 Cordless Stick Vacuum Cleaners</p><p>$15.99 ($4.00 / Count)</p><a href="https://www.amazon.com/dp/B0C4595Q8P?tag=eloabder-20&linkCode=osi&th=1&psc=1">View Product</a></div>
<div class="product"><a href="https://www.amazon.com/dp/B0BNKJX96X?tag=eloabder-20&linkCode=osi&th=1&psc=1"><img src="https://m.media-amazon.com/images/I/41OPeLFppoL._SL500_.jpg" alt="Product Image"></a><p>6 PACK 2033 Replacement Filter Compatible with Bissell Featherweight Stick Lightweight Bagless Vacuum Cleaner 20331, 20333, 20334, 20336, 20339, 2033M,6 Mesh Filter 6 Foam Filters, Replace # 1611508</p><p>$14.99 ($2.50 / Count)</p><a href="https://www.amazon.com/dp/B0BNKJX96X?tag=eloabder-20&linkCode=osi&th=1&psc=1">View Product</a></div><div class="product"><a href="https://www.amazon.com/dp/B0CMBWLTSM?tag=eloabder-20&linkCode=osi&th=1&psc=1"><img src="https://m.media-amazon.com/images/I/41PHqKaLTDL._SL500_.jpg" alt="Product Image"></a><p>18V ONE + Cordless Pet Stick Vacuum Filter for Ryobi, PCL720, PBLSV716, PBLSV717 Stick Vacuum, Reusable Washable Filters, Compare to Part A32SV720N, 6 Pack</p><p>$15.99 ($2.66 / Count)</p><a href="https://www.amazon.com/dp/B0CMBWLTSM?tag=eloabder-20&linkCode=osi&th=1&psc=1">View Product</a></div><div class="product"><a href="https://www.amazon.com/dp/B0CXDYWWT9?tag=eloabder-20&linkCode=osi&th=1&psc=1"><img src="https://m.media-amazon.com/images/I/41F1csTT8jL._SL500_.jpg" alt="Product Image"></a><p>2 Replacement Filters for Craftsman V20 Cordless Stick Vacuum CMCVS001D1, for Black Decker BSVF1 BSV2020 BSV2020G BSV2020P Cordless Stick Vacuum Cleaner with 1 Cleaning Brush</p><p>$14.99</p><a href="https://www.amazon.com/dp/B0CXDYWWT9?tag=eloabder-20&linkCode=osi&th=1&psc=1">View Product</a></div><div class="product"><a href="https://www.amazon.com/dp/B0CCJ5N5DH?tag=eloabder-20&linkCode=osi&th=1&psc=1"><img src="https://m.media-amazon.com/images/I/41xmhDPqk8L._SL500_.jpg" alt="Product Image"></a><p>Aolleteau 1 Pack Brush Roller Compatible with Black + Decker BSV2020, BSV2020P, BSV2020G Powerseries Extreme Cordless Stick Vacuum and Compatible with Craftsman V20 Cordless Stick Vacuum CMCVS001D1</p><p>$17.99</p><a href="https://www.amazon.com/dp/B0CCJ5N5DH?tag=eloabder-20&linkCode=osi&th=1&psc=1">View Product</a></div><div class="product"><a href="https://www.amazon.com/dp/B0CQY61LFD?tag=eloabder-20&linkCode=osi&th=1&psc=1"><img src="https://m.media-amazon.com/images/I/31swBBC444L._SL500_.jpg" alt="Product Image"></a><p>Tablenco for Shark HZ602 Filter Replacement Ultralight Pet Pro Corded Stick Vacuum and HZ2002 Vertex DuoClean PowerFins fit HZ2000 HZ251 HZ250 HH200 HH202,4 Foam Felt 4 Motor Kit (No cleaning brush)</p><p>$9.98</p><a href="https://www.amazon.com/dp/B0CQY61LFD?tag=eloabder-20&linkCode=osi&th=1&psc=1">View Product</a></div><div class="product"><a href="https://www.amazon.com/dp/B09Q55KW8W?tag=eloabder-20&linkCode=osi&th=1&psc=1"><img src="https://m.media-amazon.com/images/I/51MKsJy6nSL._SL500_.jpg" alt="Product Image"></a><p>Anicell 2033 Featherweight Filter for Bissell Featherweight Stick Lightweight Bagless Vacuum 20331 20333 20334 20336 20339 2033M, 4 Mesh Filters 6 Foam Filters Replacement, Replace part# 1611508</p><p>$11.99</p><a href="https://www.amazon.com/dp/B09Q55KW8W?tag=eloabder-20&linkCode=osi&th=1&psc=1">View Product</a></div><div class="product"><a href="https://www.amazon.com/dp/B0CDVG7LHD?tag=eloabder-20&linkCode=osi&th=1&psc=1"><img src="https://m.media-amazon.com/images/I/41hjN1Te6sL._SL500_.jpg" alt="Product Image"></a><p>Moreffi 3 Pack Filter Replacement For HART Cordless Stick Vacuum HPSV01 and HPSV50, Compare to Part Number HASV01</p><p>$19.99 ($6.66 / Count)</p><a href="https://www.amazon.com/dp/B0CDVG7LHD?tag=eloabder-20&linkCode=osi&th=1&psc=1">View Product</a></div>
<div class="product"><a href="https://www.amazon.com/dp/B07DQ9TZC8?tag=eloabder-20&linkCode=osi&th=1&psc=1"><img src="https://m.media-amazon.com/images/I/41PHyZ20FuL._SL500_.jpg" alt="Product Image"></a><p>Kenmore 53294 Style O HEPA Cloth Vacuum Bags for Kenmore Upright Vacuum Cleaners 6 Pack,White</p><p>$20.99 ($3.50 / Count)</p><a href="https://www.amazon.com/dp/B07DQ9TZC8?tag=eloabder-20&linkCode=osi&th=1&psc=1">View Product</a></div><div class="product"><a href="https://www.amazon.com/dp/B08MXVTTT2?tag=eloabder-20&linkCode=osi&th=1&psc=1"><img src="https://m.media-amazon.com/images/I/41T6wRpIMzL._SL500_.jpg" alt="Product Image"></a><p>Kenmore IB600 HEPA Replacement Intuition Upright Vacuum Cleaner Bags for BU4022, BU4020, BU4018, BU4050, BU3040,White</p><p>$18.75</p><a href="https://www.amazon.com/dp/B08MXVTTT2?tag=eloabder-20&linkCode=osi&th=1&psc=1">View Product</a></div><div class="product"><a href="https://www.amazon.com/dp/B01010JVYO?tag=eloabder-20&linkCode=osi&th=1&psc=1"><img src="https://m.media-amazon.com/images/I/51Anluh47GL._SL500_.jpg" alt="Product Image"></a><p>EnviroCare Replacement Micro Filtration Vacuum Cleaner Dust Bags Designed to fit Hoover Windtunnel Upright Type Y 9 pack</p><p>$9.89 ($1.10 / Count)</p><a href="https://www.amazon.com/dp/B01010JVYO?tag=eloabder-20&linkCode=osi&th=1&psc=1">View Product</a></div><div class="product"><a href="https://www.amazon.com/dp/B0D5CP3WBY?tag=eloabder-20&linkCode=osi&th=1&psc=1"><img src="https://m.media-amazon.com/images/I/31MaGmsVOwL._SL500_.jpg" alt="Product Image"></a><p>Bagless Upright Kenmore Vacuum HEPA Filters, Compatible with Foam Filters, Felt Filters and Upright vacuum cleaner for Models K4010,DU2015,DU2012(includes 1 Hepa Filters,2 Foam and 2 Felt Filters)</p><p>$12.99</p><a href="https://www.amazon.com/dp/B0D5CP3WBY?tag=eloabder-20&linkCode=osi&th=1&psc=1">View Product</a></div><div class="product"><a href="https://www.amazon.com/dp/B0CBFV28WX?tag=eloabder-20&linkCode=osi&th=1&psc=1"><img src="https://m.media-amazon.com/images/I/51LIYI0wXSL._SL500_.jpg" alt="Product Image"></a><p>16 Packs Vacuum Bags for Oreck Type CC, Compatible with All Oreck XL Upright Vacuum Cleaner - Replaces Part # CCPK8DW</p><p>$21.99 ($1.37 / Count)</p><a href="https://www.amazon.com/dp/B0CBFV28WX?tag=eloabder-20&linkCode=osi&th=1&psc=1">View Product</a></div><div class="product"><a href="https://www.amazon.com/dp/B00F9GQMHA?tag=eloabder-20&linkCode=osi&th=1&psc=1"><img src="https://m.media-amazon.com/images/I/51lhelurelL._SL500_.jpg" alt="Product Image"></a><p>EnviroCare Replacement Premium Vacuum Cleaner Dust Bags made to fit Eureka F&G Uprights 9 bags</p><p>$11.09</p><a href="https://www.amazon.com/dp/B00F9GQMHA?tag=eloabder-20&linkCode=osi&th=1&psc=1">View Product</a></div><div class="product"><a href="https://www.amazon.com/dp/B002CI8G1I?tag=eloabder-20&linkCode=osi&th=1&psc=1"><img src="https://m.media-amazon.com/images/I/51PYQrQpbSL._SL500_.jpg" alt="Product Image"></a><p>EnviroCare Replacement Micro Filtration Vacuum Cleaner Dust Bags made to fit Kenmore Upright Type U/L/O 50688 and 50690, Panasonic Type U-2, Miele Type Z. 9 pack</p><p>$9.99</p><a href="https://www.amazon.com/dp/B002CI8G1I?tag=eloabder-20&linkCode=osi&th=1&psc=1">View Product</a></div>
<div class="product"><a href="https://www.amazon.com/dp/B07GNQJ67P?tag=eloabder-20&linkCode=osi&th=1&psc=1"><img src="https://m.media-amazon.com/images/I/41XHnKbgjAL._SL500_.jpg" alt="Product Image"></a><p>Kenmore 53292 Type Q HEPA Replacement Dust Bags for Canister Vacuum 81214, 81414, 81714, 21814, BC2005, BC3005, 81615, BC7005, 6 Count (Pack of 1)</p><p>$13.24 ($2.21 / Count)</p><a href="https://www.amazon.com/dp/B07GNQJ67P?tag=eloabder-20&linkCode=osi&th=1&psc=1">View Product</a></div><div class="product"><a href="https://www.amazon.com/dp/B01L0C0FVK?tag=eloabder-20&linkCode=osi&th=1&psc=1"><img src="https://m.media-amazon.com/images/I/51ZIjbo9NVL._SL500_.jpg" alt="Product Image"></a><p>Envirocare Replacement Vacuum Bags Compatible with Kenmore Canister Type C/Q. 5055, 50557 and 50558 Panasonic Type C-5 Vacuums,15 pack</p><p>$16.16</p><a href="https://www.amazon.com/dp/B01L0C0FVK?tag=eloabder-20&linkCode=osi&th=1&psc=1">View Product</a></div><div class="product"><a href="https://www.amazon.com/dp/B0BTRTP2PM?tag=eloabder-20&linkCode=osi&th=1&psc=1"><img src="https://m.media-amazon.com/images/I/41K295aRv9L._SL500_.jpg" alt="Product Image"></a><p>Vacuum Cleaner Bags Fit for Kenmore Canister Type C/Q 50555 50557 50558 and Type C-5, 10PCs</p><p>$15.99</p><a href="https://www.amazon.com/dp/B0BTRTP2PM?tag=eloabder-20&linkCode=osi&th=1&psc=1">View Product</a></div><div class="product"><a href="https://www.amazon.com/dp/B0CRQYGLZX?tag=eloabder-20&linkCode=osi&th=1&psc=1"><img src="https://m.media-amazon.com/images/I/413iXp+j3ML._SL500_.jpg" alt="Product Image"></a><p>15 Pack Canister Vacuum Cleaner Bags Compatible with Kenmore Canister Type C/Q 5055, 50555, 50557, 50558 and Type C-5, C-18, 53292, 200 Series, 400 Series, 600 Series, 700 Series, 800 Series Vacuum</p><p>$11.69</p><a href="https://www.amazon.com/dp/B0CRQYGLZX?tag=eloabder-20&linkCode=osi&th=1&psc=1">View Product</a></div><div class="product"><a href="https://www.amazon.com/dp/B00QGD3SBI?tag=eloabder-20&linkCode=osi&th=1&psc=1"><img src="https://m.media-amazon.com/images/I/51xw0asyqTL._SL500_.jpg" alt="Product Image"></a><p>EnviroCare Replacement Vacuum Bags made to fit Kenmore Canister Type C or Q 50555, 50558, 50557 and Panasonic Type C-5 Vacuums, 9 pack</p><p>$9.79</p><a href="https://www.amazon.com/dp/B00QGD3SBI?tag=eloabder-20&linkCode=osi&th=1&psc=1">View Product</a></div><div class="product"><a href="https://www.amazon.com/dp/B0CQP9NP5N?tag=eloabder-20&linkCode=osi&th=1&psc=1"><img src="https://m.media-amazon.com/images/I/41WnNkTz8zL._SL500_.jpg" alt="Product Image"></a><p>8 Pack Replacement Vacuum Bags Compatible with Kenmore Canister Type C/Q. 5055, 50104, 50557 and 50558 Panasonic Type C-5 Vacuums</p><p>$9.99 ($1.25 / Count)</p><a href="https://www.amazon.com/dp/B0CQP9NP5N?tag=eloabder-20&linkCode=osi&th=1&psc=1">View Product</a></div>
<div class="product"><a href="https://www.amazon.com/dp/B09M3Y2BHR?tag=eloabder-20&linkCode=osi&th=1&psc=1"><img src="https://m.media-amazon.com/images/I/31tevngai1L._SL500_.jpg" alt="Product Image"></a><p>Ymimi Vacuum Filter Compatible with Eureka WhirlWind Bagless Canister Vacuum Cleaner,Fits NEN110A,NEN110B,NEN110Dï¼ˆ2-Packï¼‰</p><p>$11.99 ($6.00 / Count)</p><a href="https://www.amazon.com/dp/B09M3Y2BHR?tag=eloabder-20&linkCode=osi&th=1&psc=1">View Product</a></div><div class="product"><a href="https://www.amazon.com/dp/B07J1WWBHN?tag=eloabder-20&linkCode=osi&th=1&psc=1"><img src="https://m.media-amazon.com/images/I/51gmkDrnR2L._SL500_.jpg" alt="Product Image"></a><p>Bissell Powerforce Helix Bagless Washable Premotor Filter #1608225, Black</p><p>$7.78</p><a href="https://www.amazon.com/dp/B07J1WWBHN?tag=eloabder-20&linkCode=osi&th=1&psc=1">View Product</a></div><div class="product"><a href="https://www.amazon.com/dp/B0BK64TMMK?tag=eloabder-20&linkCode=osi&th=1&psc=1"><img src="https://m.media-amazon.com/images/I/41OBMvET7eL._SL500_.jpg" alt="Product Image"></a><p>Vacuum Belt Replacement for Bissell Cleanview Swivel Pet Upright Bagless/Powerlifter Vacuum Cleaner, fits model: 2252, 2254, 22543, 2258,2259, 2260,2316, 2739, 1793, Parts # 3031120, 32074</p><p>$6.99</p><a href="https://www.amazon.com/dp/B0BK64TMMK?tag=eloabder-20&linkCode=osi&th=1&psc=1">View Product</a></div><div class="product"><a href="https://www.amazon.com/dp/B0BKKL3WRB?tag=eloabder-20&linkCode=osi&th=1&psc=1"><img src="https://m.media-amazon.com/images/I/410jMe-FjIL._SL500_.jpg" alt="Product Image"></a><p>Aolleteau F1 HEPA Filter Compatible with Dirt Devil Bagless Upright Cleaner Models Extra Lite, Breeze, Featherlite Bagless, Jaguar Bagless,Platinum Force Vision, Scorpion and Vision Bagless (2 Pack)</p><p>$13.99 ($7.00 / Count)</p><a href="https://www.amazon.com/dp/B0BKKL3WRB?tag=eloabder-20&linkCode=osi&th=1&psc=1">View Product</a></div><div class="product"><a href="https://www.amazon.com/dp/B09SG1P4WN?tag=eloabder-20&linkCode=osi&th=1&psc=1"><img src="https://m.media-amazon.com/images/I/51+Mr+Wq5ML._SL500_.jpg" alt="Product Image"></a><p>NEN110A Vacuum Filter, Inlet Frame and Sponge Filter Compatible with Eureka Whirlwind Bagless Canister Vacuum Cleaner, Fits NEN110A, NEN110B, NEN110D(4-Pack)</p><p>$15.99 ($4.00 / Count)</p><a href="https://www.amazon.com/dp/B09SG1P4WN?tag=eloabder-20&linkCode=osi&th=1&psc=1">View Product</a></div>
<div class="product"><a href="https://www.amazon.com/dp/B07GT9VB9X?tag=eloabder-20&linkCode=osi&th=1&psc=1"><img src="https://m.media-amazon.com/images/I/41IokheYtNL._SL500_.jpg" alt="Product Image"></a><p>6 Pack 1940 Bissell Steam Mop Pads for Bissell PowerFresh Steam Mop 1806 1544 1440 2075A 2685A 1940W 19404 Series, Model 19402 19408 1940a 1940f 1940q 1940t B0006 B0017, Part #5938#203-2633</p><p>$16.99 ($2.83 / Count)</p><a href="https://www.amazon.com/dp/B07GT9VB9X?tag=eloabder-20&linkCode=osi&th=1&psc=1">View Product</a></div><div class="product"><a href="https://www.amazon.com/dp/B07H3MYZLD?tag=eloabder-20&linkCode=osi&th=1&psc=1"><img src="https://m.media-amazon.com/images/I/511p6MPxQ0L._SL500_.jpg" alt="Product Image"></a><p>Flammi Steam Pocket Mop Replacement Pads for Shark S3500 Series S3501 S3601 S3550 S3901 SE450 S3801CO S3601D S2901 S2902 Steam Pocket Mop, 4 Pack</p><p>$16.97 ($4.24 / Count)</p><a href="https://www.amazon.com/dp/B07H3MYZLD?tag=eloabder-20&linkCode=osi&th=1&psc=1">View Product</a></div><div class="product"><a href="https://www.amazon.com/dp/B0C8SH97HN?tag=eloabder-20&linkCode=osi&th=1&psc=1"><img src="https://m.media-amazon.com/images/I/31Mex4y7odL._SL500_.jpg" alt="Product Image"></a><p>HOMEXCEL Steam Mop Replacement Pads Compatible with Bissell Powerfresh Steam Mop 1940 1806 1440 1544 Series, Model 19402 19404 19408 2685A 2075A 1940A 1940Q 1940T 1940W, Steam Mop Pads Refills,4 Pack</p><p>$9.99 ($2.50 / Count)</p><a href="https://www.amazon.com/dp/B0C8SH97HN?tag=eloabder-20&linkCode=osi&th=1&psc=1">View Product</a></div><div class="product"><a href="https://www.amazon.com/dp/B0BFWTXS33?tag=eloabder-20&linkCode=osi&th=1&psc=1"><img src="https://m.media-amazon.com/images/I/51pa2h7o0EL._SL500_.jpg" alt="Product Image"></a><p>12 Pack 1940 Steam Mop Replacement Pads for Bissell Powerfresh Steam Mop 1940 1440 1806 1544 2075 2685A 2814 Series, Model 19402 19404 19408 19409 1940A 1940F 1940Q 1940T 1940W B0006 B0017 2075A 15441</p><p>$24.99</p><a href="https://www.amazon.com/dp/B0BFWTXS33?tag=eloabder-20&linkCode=osi&th=1&psc=1">View Product</a></div><div class="product"><a href="https://www.amazon.com/dp/B0CLP5QGTY?tag=eloabder-20&linkCode=osi&th=1&psc=1"><img src="https://m.media-amazon.com/images/I/414HqpKde9L._SL500_.jpg" alt="Product Image"></a><p>10 Pack 1940 1806 2685A Steam Mop Pads For Bissell Powerfresh Steam Mop Deluxe Pet Lift-Off Plus Slim Scrubbing Steam Mop Replacement Pad 1940A 2814 1544A 2075A Power Fresh Steamer Pad Refill Washable</p><p>$22.99 ($2.30 / Count)</p><a href="https://www.amazon.com/dp/B0CLP5QGTY?tag=eloabder-20&linkCode=osi&th=1&psc=1">View Product</a></div><div class="product"><a href="https://www.amazon.com/dp/B078BBKBPV?tag=eloabder-20&linkCode=osi&th=1&psc=1"><img src="https://m.media-amazon.com/images/I/51WcJqtOUIL._SL500_.jpg" alt="Product Image"></a><p>Tidy Monster Steam Mop Replacement Pads Compatible with Bissell Powerfresh Steam Mop 1940 1806 1544 1440 2075A 2685A Series, Part # 5938 & 203-2633, 1606668 & 1606669 (4 Pack Scrub Plush)</p><p>$9.99</p><a href="https://www.amazon.com/dp/B078BBKBPV?tag=eloabder-20&linkCode=osi&th=1&psc=1">View Product</a></div><div class="product"><a href="https://www.amazon.com/dp/B00A6G37SU?tag=eloabder-20&linkCode=osi&th=1&psc=1"><img src="https://m.media-amazon.com/images/I/51xo0LB-SpL._SL500_.jpg" alt="Product Image"></a><p>BISSELL PowerFresh Steam Mop Pads (Pack of 2) with Fragrance discs (4 ct), 5938</p><p>$21.26 ($10.63 / Count)</p><a href="https://www.amazon.com/dp/B00A6G37SU?tag=eloabder-20&linkCode=osi&th=1&psc=1">View Product</a></div>
<div class="product"><a href="https://www.amazon.com/dp/B0D2QFVY7H?tag=eloabder-20&linkCode=osi&th=1&psc=1"><img src="https://m.media-amazon.com/images/I/417B7H+vvML._SL500_.jpg" alt="Product Image"></a><p>Kenmore KS1010 Deep Clean & Revitalize Pet Carpet Cleaner Formula, 64 oz, White, 64 Fl Oz</p><p>$22.73 ($0.36 / Fl Oz)</p><a href="https://www.amazon.com/dp/B0D2QFVY7H?tag=eloabder-20&linkCode=osi&th=1&psc=1">View Product</a></div><div class="product"><a href="https://www.amazon.com/dp/B0BNK8ZJJ1?tag=eloabder-20&linkCode=osi&th=1&psc=1"><img src="https://m.media-amazon.com/images/I/51z0Pc4xcNL._SL500_.jpg" alt="Product Image"></a><p>Bissell Spotlifter Pet Carpet and Upholstery Cleaner with Brush Head - 4 Pack, 93523</p><p>$23.88 ($0.50 / Fl Oz)</p><a href="https://www.amazon.com/dp/B0BNK8ZJJ1?tag=eloabder-20&linkCode=osi&th=1&psc=1">View Product</a></div><div class="product"><a href="https://www.amazon.com/dp/B0CX245D26?tag=eloabder-20&linkCode=osi&th=1&psc=1"><img src="https://m.media-amazon.com/images/I/411CSXvvO1L._SL500_.jpg" alt="Product Image"></a><p>BISSELLÂ® Spot & Stain with Febreze + Gain Original Scent Formula for Little Green Devices, Portable Carpet Cleaners (3968)</p><p>$12.99 ($0.41 / Fl Oz)</p><a href="https://www.amazon.com/dp/B0CX245D26?tag=eloabder-20&linkCode=osi&th=1&psc=1">View Product</a></div><div class="product"><a href="https://www.amazon.com/dp/B083VZW4R5?tag=eloabder-20&linkCode=osi&th=1&psc=1"><img src="https://m.media-amazon.com/images/I/413BULPLmBL._SL500_.jpg" alt="Product Image"></a><p>BISSELL Multi-Surface Pet Formula with Febreze Freshness for Crosswave (80 oz), 2295L</p><p>$22.99 ($0.29 / Fl Oz)</p><a href="https://www.amazon.com/dp/B083VZW4R5?tag=eloabder-20&linkCode=osi&th=1&psc=1">View Product</a></div><div class="product"><a href="https://www.amazon.com/dp/B0D2RGW219?tag=eloabder-20&linkCode=osi&th=1&psc=1"><img src="https://m.media-amazon.com/images/I/41gD+82tnAL._SL500_.jpg" alt="Product Image"></a><p>Vacmaster Clean & Restore Carpet Cleaner Formula â€“ CCS03</p><p>$19.99 ($0.31 / Fl Oz)</p><a href="https://www.amazon.com/dp/B0D2RGW219?tag=eloabder-20&linkCode=osi&th=1&psc=1">View Product</a></div>






<div class="product"><a href="https://www.amazon.com/dp/B0BY64HQTP?tag=eloabder-20&linkCode=osi&th=1&psc=1"><img src="https://m.media-amazon.com/images/I/41hUxHuASYL._SL500_.jpg" alt="Product Image"></a><p>Air Conditioning Motor WZDK13-38G-1(RD-310-13-8) DC Brushless Fan Motor, 13W Inverter air Conditioner Motor DC Motor for Central air Conditioner</p><p>$39.95</p><a href="https://www.amazon.com/dp/B0BY64HQTP?tag=eloabder-20&linkCode=osi&th=1&psc=1">View Product</a></div><div class="product"><a href="https://www.amazon.com/dp/B0CM5YB884?tag=eloabder-20&linkCode=osi&th=1&psc=1"><img src="https://m.media-amazon.com/images/I/310lQ2tAvLL._SL500_.jpg" alt="Product Image"></a><p>Sparkfix OEM WZDK20-38G (ZKFP-20-8-6) Air Conditioner Replacement Motors DC280V 20W Air Conditioning Fan Motor Inverter Air Conditioner Brushless DC Motor 1300RPM CCW</p><p>$42.79</p><a href="https://www.amazon.com/dp/B0CM5YB884?tag=eloabder-20&linkCode=osi&th=1&psc=1">View Product</a></div>













<div class="product"><a href="https://www.amazon.com/dp/B009PCI2JU?tag=eloabder-20&linkCode=osi&th=1&psc=1"><img src="https://m.media-amazon.com/images/I/310ZJurANUL._SL500_.jpg" alt="Product Image"></a><p>GE RPWFE Refrigerator Water Filter | Certified to Reduce Lead, Sulfur, and 50+ Other Impurities | Replace Every 6 Months for Best Results | Pack of 1</p><p>$49.98</p><a href="https://www.amazon.com/dp/B009PCI2JU?tag=eloabder-20&linkCode=osi&th=1&psc=1">View Product</a></div><div class="product"><a href="https://www.amazon.com/dp/B0882ZJ48W?tag=eloabder-20&linkCode=osi&th=1&psc=1"><img src="https://m.media-amazon.com/images/I/41110o9sUoL._SL500_.jpg" alt="Product Image"></a><p>GE XWFE Refrigerator Water Filter | Certified to Reduce Lead, Sulfur, and 50+ Other Impurities | Replace Every 6 Months for Best Results | Pack of 1, White</p><p>$49.00</p><a href="https://www.amazon.com/dp/B0882ZJ48W?tag=eloabder-20&linkCode=osi&th=1&psc=1">View Product</a></div><div class="product"><a href="https://www.amazon.com/dp/B074HLRXMP?tag=eloabder-20&linkCode=osi&th=1&psc=1"><img src="https://m.media-amazon.com/images/I/21oDpGCQXiL._SL500_.jpg" alt="Product Image"></a><p>LG LT1000P - 6 Month / 200 Gallon Capacity Replacement Refrigerator Water Filter (NSF42, NSF53, and NSF401) ADQ74793501, ADQ75795105, or AGF80300704 , White</p><p>$47.00</p><a href="https://www.amazon.com/dp/B074HLRXMP?tag=eloabder-20&linkCode=osi&th=1&psc=1">View Product</a></div><div class="product"><a href="https://www.amazon.com/dp/B01BKWSHHE?tag=eloabder-20&linkCode=osi&th=1&psc=1"><img src="https://m.media-amazon.com/images/I/31E2+zlkvjL._SL500_.jpg" alt="Product Image"></a><p>Frigidaire EPTWFU01 Water Filtration Filter, 1 Count, White</p><p>$42.99</p><a href="https://www.amazon.com/dp/B01BKWSHHE?tag=eloabder-20&linkCode=osi&th=1&psc=1">View Product</a></div><div class="product"><a href="https://www.amazon.com/dp/B08V6JB9R7?tag=eloabder-20&linkCode=osi&th=1&psc=1"><img src="https://m.media-amazon.com/images/I/31PRPEffCZL._SL500_.jpg" alt="Product Image"></a><p>Frigidaire FPPWFU01 PurePour PWF-1 Water Filter 1 Count (Pack of 1)</p><p>$45.81</p><a href="https://www.amazon.com/dp/B08V6JB9R7?tag=eloabder-20&linkCode=osi&th=1&psc=1">View Product</a></div><div class="product"><a href="https://www.amazon.com/dp/B000AST3AK?tag=eloabder-20&linkCode=osi&th=1&psc=1"><img src="https://m.media-amazon.com/images/I/41DUoSxpwTS._SL500_.jpg" alt="Product Image"></a><p>GE MWF Refrigerator Water Filter | Certified to Reduce Lead, Sulfur, and 50+ Other Impurities | Replace Every 6 Months for Best Results | Pack of 1</p><p>$39.98</p><a href="https://www.amazon.com/dp/B000AST3AK?tag=eloabder-20&linkCode=osi&th=1&psc=1">View Product</a></div><div class="product"><a href="https://www.amazon.com/dp/B0CFZR7K8D?tag=eloabder-20&linkCode=osi&th=1&psc=1"><img src="https://m.media-amazon.com/images/I/31WM5sdhKLL._SL500_.jpg" alt="Product Image"></a><p>HMASAV W10295370A water filter replacement, Compatible with EDR1RXD1,EDR1RXD1B,W10295370,Filter 1,WHR1RXD1,KAD1RXD1,P4RFWB,P8RFWB2L,46-9930,46-9081 2PACK</p><p>$29.99 ($15.00 / Count)</p><a href="https://www.amazon.com/dp/B0CFZR7K8D?tag=eloabder-20&linkCode=osi&th=1&psc=1">View Product</a></div><div class="product"><a href="https://www.amazon.com/dp/B07JM9TTTT?tag=eloabder-20&linkCode=osi&th=1&psc=1"><img src="https://m.media-amazon.com/images/I/41CfAtJ8TPL._SL500_.jpg" alt="Product Image"></a><p>GLACIER FRESH LT1000PC Replacement Water Filter, Compatible with LT1000PC/PCS, LT1000PC, LT-1000PC, MDJ64844601, ADQ747935 ADQ74793504 Filter and LT120F ADQ73334008 Fresh Air (3+3)</p><p>$39.99 ($13.33 / Count)</p><a href="https://www.amazon.com/dp/B07JM9TTTT?tag=eloabder-20&linkCode=osi&th=1&psc=1">View Product</a></div><div class="product"><a href="https://www.amazon.com/dp/B003N1ZSYG?tag=eloabder-20&linkCode=osi&th=1&psc=1"><img src="https://m.media-amazon.com/images/I/31Mbrkrxu1L._SL500_.jpg" alt="Product Image"></a><p>SAMSUNG Genuine Filter for Refrigerator Water and Ice, Carbon Block Filtration for Clean, Clear Drinking Water, 6-Month Life, HAF-CIN/EXP, 1 Pack</p><p>$39.99</p><a href="https://www.amazon.com/dp/B003N1ZSYG?tag=eloabder-20&linkCode=osi&th=1&psc=1">View Product</a></div>









<div class="product"><a href="https://www.amazon.com/dp/B0B2NZ47HN?tag=eloabder-20&linkCode=osi&th=1&psc=1"><img src="https://m.media-amazon.com/images/I/41nC6c2XxJL._SL500_.jpg" alt="Product Image"></a><p>OTE Portable Sparkling Water Maker Soda Maker Machine for home with 20PCS Cylinders 450ml Personal seltzer Carbonators Electroless Double Layer PET Bottle BPA Free Double Pressure Relief Valves -Pink</p><p>$49.99</p><a href="https://www.amazon.com/dp/B0B2NZ47HN?tag=eloabder-20&linkCode=osi&th=1&psc=1">View Product</a></div><div class="product"><a href="https://www.amazon.com/dp/B09DY54L7M?tag=eloabder-20&linkCode=osi&th=1&psc=1"><img src="https://m.media-amazon.com/images/I/31LSpnm3G8L._SL500_.jpg" alt="Product Image"></a><p>MOSOLAN Bottle Cleaning Brush, 17 Inches Extra Long Handle Water Bottle Brush, Flexible Bendable Cleaner for Washing Narrow Neck Bottles, Wine Decanter, Kombucha, Pipes, Beer Brewing Supplies, 2 Pack</p><p>$11.95 ($5.98 / Count)</p><a href="https://www.amazon.com/dp/B09DY54L7M?tag=eloabder-20&linkCode=osi&th=1&psc=1">View Product</a></div><div class="product"><a href="https://www.amazon.com/dp/B0736CBNDN?tag=eloabder-20&linkCode=osi&th=1&psc=1"><img src="https://m.media-amazon.com/images/I/41tWXmwP5KL._SL500_.jpg" alt="Product Image"></a><p>#2 Filter Pads (10 Pack Bulk) Compatible with Mini Jet Machine | #2 1.8-2.5 micron | 2 Micron Filtering pads. Filter Wine Beer, Kombucha, Mead Mash. Polishing filtration| Not a Buon Vino product.</p><p>$18.99</p><a href="https://www.amazon.com/dp/B0736CBNDN?tag=eloabder-20&linkCode=osi&th=1&psc=1">View Product</a></div>









<div class="product"><a href="https://www.amazon.com/dp/B07YGN577Y?tag=eloabder-20&linkCode=osi&th=1&psc=1"><img src="https://m.media-amazon.com/images/I/31kfZiyDMUL._SL500_.jpg" alt="Product Image"></a><p>9870163 Trash Power Nut WP9870163 L8</p><p>$50.36</p><a href="https://www.amazon.com/dp/B07YGN577Y?tag=eloabder-20&linkCode=osi&th=1&psc=1">View Product</a></div>

<div class="product"><a href="https://www.amazon.com/dp/B0CWQLM4C7?tag=eloabder-20&linkCode=osi&th=1&psc=1"><img src="https://m.media-amazon.com/images/I/41gTEIOjtlL._SL500_.jpg" alt="Product Image"></a><p>7" Seven Seconds Lazy Kitchen Food Making Tools - Multifunctional Fruit Vegetable Chopper Quick Garlic Peeling Machine Convenient Food Chopper for Slicing,Juice,Grinding</p><p>$32.99</p><a href="https://www.amazon.com/dp/B0CWQLM4C7?tag=eloabder-20&linkCode=osi&th=1&psc=1">View Product</a></div>







<div class="product"><a href="https://www.amazon.com/dp/B0CNKFM9WR?tag=eloabder-20&linkCode=osi&th=1&psc=1"><img src="https://m.media-amazon.com/images/I/31sGGIDic9L._SL500_.jpg" alt="Product Image"></a><p>hobbyme Pack of 4 Plastic Coffee Scoops with Brush & Espresso Grinder Brush for Ground Coffee Cleaning Tea Power Coffee Grinder Spoon</p><p>$6.49</p><a href="https://www.amazon.com/dp/B0CNKFM9WR?tag=eloabder-20&linkCode=osi&th=1&psc=1">View Product</a></div>













<div class="product"><a href="https://www.amazon.com/dp/B00UTFZAII?tag=eloabder-20&linkCode=osi&th=1&psc=1"><img src="https://m.media-amazon.com/images/I/31z7hZ6KbXL._SL500_.jpg" alt="Product Image"></a><p>Miele 10123210 AirClean 3D Efficiency Dust Bag, Type GN, 4 Bags & 2 Filters, White</p><p>$21.86 ($21.86 / Count)</p><a href="https://www.amazon.com/dp/B00UTFZAII?tag=eloabder-20&linkCode=osi&th=1&psc=1">View Product</a></div><div class="product"><a href="https://www.amazon.com/dp/B07WHG6J5S?tag=eloabder-20&linkCode=osi&th=1&psc=1"><img src="https://m.media-amazon.com/images/I/41hnaEOxB9L._SL500_.jpg" alt="Product Image"></a><p>KEEPOW Vacuum Filters for Eureka, Power Speed Vacuum Filters Replacement for Eureka NEU182A, NEU182B, NEU280, NEU180, NEU181, NEU188, NEU202 Bagless Upright Vacuum Cleaner, Part E0202 (4 Pack)</p><p>$9.99 ($2.50 / Count)</p><a href="https://www.amazon.com/dp/B07WHG6J5S?tag=eloabder-20&linkCode=osi&th=1&psc=1">View Product</a></div><div class="product"><a href="https://www.amazon.com/dp/B00UTFZB82?tag=eloabder-20&linkCode=osi&th=1&psc=1"><img src="https://m.media-amazon.com/images/I/41WdlL5T0dL._SL500_.jpg" alt="Product Image"></a><p>Miele AirClean 3D Efficiency Dust Bag, Type FJM, 4 Bags & 2 Filters, White</p><p>$18.99</p><a href="https://www.amazon.com/dp/B00UTFZB82?tag=eloabder-20&linkCode=osi&th=1&psc=1">View Product</a></div><div class="product"><a href="https://www.amazon.com/dp/B09NKP346M?tag=eloabder-20&linkCode=osi&th=1&psc=1"><img src="https://m.media-amazon.com/images/I/41o25nqkODL._SL500_.jpg" alt="Product Image"></a><p>Anewise 6 Pack Filter Replacement for Bissell Powerforce Compact Lightweight Upright 2112 1520 for Bissel Turbo Bagless 2690 Cleanview 3437 3508 Vacuum Cleaner, Compare to Parts #1604896/160-4896</p><p>$12.99</p><a href="https://www.amazon.com/dp/B09NKP346M?tag=eloabder-20&linkCode=osi&th=1&psc=1">View Product</a></div><div class="product"><a href="https://www.amazon.com/dp/B01MQ5NITB?tag=eloabder-20&linkCode=osi&th=1&psc=1"><img src="https://m.media-amazon.com/images/I/41J6lG4H1bL._SL500_.jpg" alt="Product Image"></a><p>Bissell Style 7 3 Pack Vacuum Cleaner Bags, White, 3 Count</p><p>$8.69 ($2.90 / Count)</p><a href="https://www.amazon.com/dp/B01MQ5NITB?tag=eloabder-20&linkCode=osi&th=1&psc=1">View Product</a></div><div class="product"><a href="https://www.amazon.com/dp/B0CDH1JY5D?tag=eloabder-20&linkCode=osi&th=1&psc=1"><img src="https://m.media-amazon.com/images/I/516DPXu4siL._SL500_.jpg" alt="Product Image"></a><p>4 Pack Replacement Filters Compatiable with Wyze Cordless Vacuum Cleaner, Removable and Washable HEPA Filter Accessories Part Set with 1 Cleaning Brush for Wyze Handheld Cordless Vacuum Cleaner</p><p>$15.99 ($4.00 / Count)</p><a href="https://www.amazon.com/dp/B0CDH1JY5D?tag=eloabder-20&linkCode=osi&th=1&psc=1">View Product</a></div><div class="product"><a href="https://www.amazon.com/dp/B07P3WB37F?tag=eloabder-20&linkCode=osi&th=1&psc=1"><img src="https://m.media-amazon.com/images/I/51WaYrkiVXL._SL500_.jpg" alt="Product Image"></a><p>Miele AirClean 3D Efficiency Dust Bag, Type GN, XL Value Pack, 8 Bags and 4 Filters</p><p>$36.99</p><a href="https://www.amazon.com/dp/B07P3WB37F?tag=eloabder-20&linkCode=osi&th=1&psc=1">View Product</a></div><div class="product"><a href="https://www.amazon.com/dp/B09DSY4Z2T?tag=eloabder-20&linkCode=osi&th=1&psc=1"><img src="https://m.media-amazon.com/images/I/51+ref3EeAL._SL500_.jpg" alt="Product Image"></a><p>Filter Replacement for Tineco A10 A11 Hero A10/A11 Master PURE ONE S11 Series, S12, X Cordless Vacuum Cleaner (3 PACK) â€¦</p><p>$12.99 ($4.33 / Count)</p><a href="https://www.amazon.com/dp/B09DSY4Z2T?tag=eloabder-20&linkCode=osi&th=1&psc=1">View Product</a></div>


<div class="product"><a href="https://www.amazon.com/dp/B0BXRR5QFV?tag=eloabder-20&linkCode=osi&th=1&psc=1"><img src="https://m.media-amazon.com/images/I/41sjdBkCp8L._SL500_.jpg" alt="Product Image"></a><p>AC Infinity CLOUDFORGE T7, Plant Humidifier 15L with VPD Humidity Controls, 10-Level Precision Vaporizer, Extendable Hose, Targeting Pipe, and No-Leak Seal for Grow Tents</p><p>$159.00</p><a href="https://www.amazon.com/dp/B0BXRR5QFV?tag=eloabder-20&linkCode=osi&th=1&psc=1">View Product</a></div><div class="product"><a href="https://www.amazon.com/dp/B01N6MV8SA?tag=eloabder-20&linkCode=osi&th=1&psc=1"><img src="https://m.media-amazon.com/images/I/41hX08+W1xL._SL500_.jpg" alt="Product Image"></a><p>Protec Humidifier Tank Cleaner, 1 Count - Colors May Vary</p><p>$5.98</p><a href="https://www.amazon.com/dp/B01N6MV8SA?tag=eloabder-20&linkCode=osi&th=1&psc=1">View Product</a></div><div class="product"><a href="https://www.amazon.com/dp/B07GXBTH82?tag=eloabder-20&linkCode=osi&th=1&psc=1"><img src="https://m.media-amazon.com/images/I/41ibxK12JPL._SL500_.jpg" alt="Product Image"></a><p>Essick Air 1970-2 Humidifier, 2-Quart Bacteriostatic Treatment, 2 Pack, Clear, 2</p><p>$22.99</p><a href="https://www.amazon.com/dp/B07GXBTH82?tag=eloabder-20&linkCode=osi&th=1&psc=1">View Product</a></div><div class="product"><a href="https://www.amazon.com/dp/B08TTT3K9B?tag=eloabder-20&linkCode=osi&th=1&psc=1"><img src="https://m.media-amazon.com/images/I/41U6j9SexmL._SL500_.jpg" alt="Product Image"></a><p>Leemone Humidifier Cleaner 12 Pack, Demineralization Cleaning Ball, Works in All humidifiers and Fish Tanks, Purifies Water, Prevents Hard Water Build-Up, Eliminates White Dust and Odor</p><p>$14.44</p><a href="https://www.amazon.com/dp/B08TTT3K9B?tag=eloabder-20&linkCode=osi&th=1&psc=1">View Product</a></div>
<div class="product"><a href="https://www.amazon.com/dp/B07YD4XCT3?tag=eloabder-20&linkCode=osi&th=1&psc=1"><img src="https://m.media-amazon.com/images/I/41hR81iKyJL._SL500_.jpg" alt="Product Image"></a><p>Vacplus Moisture Absorber Packets, Fragrance Free(10 Pack), Humidity Packs, Hanging Closet Dehumidifier Bags, Desiccant 9.8OZ</p><p>$21.99</p><a href="https://www.amazon.com/dp/B07YD4XCT3?tag=eloabder-20&linkCode=osi&th=1&psc=1">View Product</a></div><div class="product"><a href="https://www.amazon.com/dp/B09LQF5V5K?tag=eloabder-20&linkCode=osi&th=1&psc=1"><img src="https://m.media-amazon.com/images/I/51Cx5ECAotL._SL500_.jpg" alt="Product Image"></a><p>CLEVAST Moisture Absorbers Packets 10 Pack, Dehumidifier Bags for Closet, Unscented Hanging Humidity Absorber in Wardrobes, Bedrooms, Bathrooms(230g/pack)</p><p>$16.98</p><a href="https://www.amazon.com/dp/B09LQF5V5K?tag=eloabder-20&linkCode=osi&th=1&psc=1">View Product</a></div><div class="product"><a href="https://www.amazon.com/dp/B0B8L9QRW8?tag=eloabder-20&linkCode=osi&th=1&psc=1"><img src="https://m.media-amazon.com/images/I/518LgtpPi8L._SL500_.jpg" alt="Product Image"></a><p>Arm & Hammer Essentials Disposable Moisture Absorber and Odor Eliminator Tub, Fragrance Free, 1 lb, 3-Pack, Attracts and Traps Excess Moisture, Ideal Closet Dehumidifier, White</p><p>$24.94 ($0.52 / Ounce)</p><a href="https://www.amazon.com/dp/B0B8L9QRW8?tag=eloabder-20&linkCode=osi&th=1&psc=1">View Product</a></div><div class="product"><a href="https://www.amazon.com/dp/B09W9TPJGZ?tag=eloabder-20&linkCode=osi&th=1&psc=1"><img src="https://m.media-amazon.com/images/I/51pVTVMwHbL._SL500_.jpg" alt="Product Image"></a><p>THECOSKY Dehumidifier and Air Purifier Combo,HEPA H13 Filter and Negative Air Ion Function,54oz(1.6L) Water Tank with Drain Hose,24hrs Auto-Off Timer,Idea for Bedroom,Bathroom,Closet,RV</p><p>$109.99</p><a href="https://www.amazon.com/dp/B09W9TPJGZ?tag=eloabder-20&linkCode=osi&th=1&psc=1">View Product</a></div><div class="product"><a href="https://www.amazon.com/dp/B0CXDG65LZ?tag=eloabder-20&linkCode=osi&th=1&psc=1"><img src="https://m.media-amazon.com/images/I/41HNflmbKHL._SL500_.jpg" alt="Product Image"></a><p>14 x 17.5 x1.75 MERV 13 Replacement Dehumidifier Filter Compatible with Santa Fe Advance90, Advance100, Advance120, Honeywell DR90 & DR120 dehumidifier models, 2 Pack</p><p>$42.99</p><a href="https://www.amazon.com/dp/B0CXDG65LZ?tag=eloabder-20&linkCode=osi&th=1&psc=1">View Product</a></div>
<div class="product"><a href="https://www.amazon.com/dp/B088B921NQ?tag=eloabder-20&linkCode=osi&th=1&psc=1"><img src="https://m.media-amazon.com/images/I/612e4cT3RYL._SL500_.jpg" alt="Product Image"></a><p>ULTTY H13 HEPA Replacement Filter with Medical Coating, True HEPA Filter For R021/ R020 Purifying Fan, Medium</p><p>$29.99</p><a href="https://www.amazon.com/dp/B088B921NQ?tag=eloabder-20&linkCode=osi&th=1&psc=1">View Product</a></div><div class="product"><a href="https://www.amazon.com/dp/B0D2MZ4Y7Z?tag=eloabder-20&linkCode=osi&th=1&psc=1"><img src="https://m.media-amazon.com/images/I/51KgTHizWyL._SL500_.jpg" alt="Product Image"></a><p>Butto 5-Pack Ceiling Fan Filters for Blades - Strong Adhesive Ceiling Fan Filters for Common Household Contaminants - Unscented Coconut Carbon Fan Air Purifier Pads to Make Air Fresh and Natural</p><p>$9.98</p><a href="https://www.amazon.com/dp/B0D2MZ4Y7Z?tag=eloabder-20&linkCode=osi&th=1&psc=1">View Product</a></div><div class="product"><a href="https://www.amazon.com/dp/B0C42HCM21?tag=eloabder-20&linkCode=osi&th=1&psc=1"><img src="https://m.media-amazon.com/images/I/31jk3lpoygL._SL500_.jpg" alt="Product Image"></a><p>Barnakl Ceiling Fan Filters | Activated Coconut Shell Carbon Filter | Easy-Stick Universal Ceiling Fan Air Filters | Unscented Ceiling Fan Blade Filters for Common Household Contaminants, (3-Count)</p><p>$19.99 ($6.66 / Count)</p><a href="https://www.amazon.com/dp/B0C42HCM21?tag=eloabder-20&linkCode=osi&th=1&psc=1">View Product</a></div>
<div class="product"><a href="https://www.amazon.com/dp/B08LZWP29P?tag=eloabder-20&linkCode=osi&th=1&psc=1"><img src="https://m.media-amazon.com/images/I/41NLuzzFW9L._SL500_.jpg" alt="Product Image"></a><p>Chromex Tankless Water Heater Descaling Solution | Highly Effective Descaler Restores Heating Efficiency, Quart, 32 fl oz (1)</p><p>$26.99</p><a href="https://www.amazon.com/dp/B08LZWP29P?tag=eloabder-20&linkCode=osi&th=1&psc=1">View Product</a></div>

<div class="product"><a href="https://www.amazon.com/dp/B005UO4OWQ?tag=eloabder-20&linkCode=osi&th=1&psc=1"><img src="https://m.media-amazon.com/images/I/41oQPKFofoL._SL500_.jpg" alt="Product Image"></a><p>Bissell 203-7458 Brushroll, Bg10/86T3, Black</p><p>$21.26 ($21.26 / Count)</p><a href="https://www.amazon.com/dp/B005UO4OWQ?tag=eloabder-20&linkCode=osi&th=1&psc=1">View Product</a></div>





















<div class="product"><a href="https://www.amazon.com/dp/B0014J7FUY?tag=eloabder-20&linkCode=osi&th=1&psc=1"><img src="https://m.media-amazon.com/images/I/31QrM+IPxOL._SL500_.jpg" alt="Product Image"></a><p>Urnex Grindz Professional Coffee Grinder Cleaning Tablets - 430 Grams - All Natural Food Safe Gluten Free - Cleans Burr and Casing - Help Extend Life of Your Grinder</p><p>$25.99 ($1.71 / Ounce)</p><a href="https://www.amazon.com/dp/B0014J7FUY?tag=eloabder-20&linkCode=osi&th=1&psc=1">View Product</a></div>



<div class="product"><a href="https://www.amazon.com/dp/B0CHW317SG?tag=eloabder-20&linkCode=osi&th=1&psc=1"><img src="https://m.media-amazon.com/images/I/41Qd5Iu3qBL._SL500_.jpg" alt="Product Image"></a><p>EUHOMY 55 Can Beverage Refrigerator cooler-Mini Fridge Glass Door for Beer Drinks Wines, Freestanding Beverage Fridge with Adjustable Shelves Blue LED for Home/Office/Dorm/Bar (1.3cu.ft)</p><p>$128.99</p><a href="https://www.amazon.com/dp/B0CHW317SG?tag=eloabder-20&linkCode=osi&th=1&psc=1">View Product</a></div>

<div class="product"><a href="https://www.amazon.com/dp/B099CN2MRK?tag=eloabder-20&linkCode=osi&th=1&psc=1"><img src="https://m.media-amazon.com/images/I/31CvUCIUX5L._SL500_.jpg" alt="Product Image"></a><p>Genuine PuroAir 240 Replacement Filter - Replacement HEPA Filter for PuroAir 240 Purifier - Captures up to 99% of Pollen, Smoke, Pollen, Dust and Common Household Pollutants</p><p>$48.00</p><a href="https://www.amazon.com/dp/B099CN2MRK?tag=eloabder-20&linkCode=osi&th=1&psc=1">View Product</a></div><div class="product"><a href="https://www.amazon.com/dp/B0055521W0?tag=eloabder-20&linkCode=osi&th=1&psc=1"><img src="https://m.media-amazon.com/images/I/41Hs7ixdyXL._SL500_.jpg" alt="Product Image"></a><p>GermGuardian Filter B HEPA Pure Genuine Air Purifier Replacement Filter, Removes 99.97% of Pollutants for AC4825, AC4300, AC4900, AC4825DLX, AC4850, CDAP4500, AP2200, Black/Yellow, FLT4825</p><p>$17.90 ($17.90 / Count)</p><a href="https://www.amazon.com/dp/B0055521W0?tag=eloabder-20&linkCode=osi&th=1&psc=1">View Product</a></div><div class="product"><a href="https://www.amazon.com/dp/B0BNMYKZPV?tag=eloabder-20&linkCode=osi&th=1&psc=1"><img src="https://m.media-amazon.com/images/I/41-K3mB6KkL._SL500_.jpg" alt="Product Image"></a><p>2 Pack True HEPA KILO Filter Compatible with Afloia KILO, KILOPLUS, KILOPRO, MIRO,MIRO PRO and MORENTO MR-Kilo, Kalo Air Purifier, 360Â° 3-Stage Filtration</p><p>$34.99 ($17.50 / Count)</p><a href="https://www.amazon.com/dp/B0BNMYKZPV?tag=eloabder-20&linkCode=osi&th=1&psc=1">View Product</a></div><div class="product"><a href="https://www.amazon.com/dp/B0D3M4Y9W7?tag=eloabder-20&linkCode=osi&th=1&psc=1"><img src="https://m.media-amazon.com/images/I/41tzW+mkZuL._SL500_.jpg" alt="Product Image"></a><p>Breshair 14 True HEPA Filter Replacement Compatible with PuroAir 240 Air Purifier, 3-in-1 Filtration System with Activated Carbon Filter, 2-Pack</p><p>$31.56 ($15.78 / Count)</p><a href="https://www.amazon.com/dp/B0D3M4Y9W7?tag=eloabder-20&linkCode=osi&th=1&psc=1">View Product</a></div><div class="product"><a href="https://www.amazon.com/dp/B0CB18MVX6?tag=eloabder-20&linkCode=osi&th=1&psc=1"><img src="https://m.media-amazon.com/images/I/519ZmmLOrzL._SL500_.jpg" alt="Product Image"></a><p>2 Pack 3-in-1 H13 True HEPA Replacement Filter Compatible with Pure Enrichment PureZone Air Purifier Part# PEAIRPLG</p><p>$23.99 ($12.00 / Count)</p><a href="https://www.amazon.com/dp/B0CB18MVX6?tag=eloabder-20&linkCode=osi&th=1&psc=1">View Product</a></div><div class="product"><a href="https://www.amazon.com/dp/B08JTZMRML?tag=eloabder-20&linkCode=osi&th=1&psc=1"><img src="https://m.media-amazon.com/images/I/51yx60sCjHL._SL500_.jpg" alt="Product Image"></a><p>6 Pack HPA300 HEPA Filter Replacement for Honeywell HPA300 Series Air Purifiers HPA300, HPA300VP, HPA304, HPA3300, Replace HRF-R3 (6 Ture HEPA R Replacement Filter + 8 Activated Carbon Pre-Filter)</p><p>$47.99 ($3.43 / Count)</p><a href="https://www.amazon.com/dp/B08JTZMRML?tag=eloabder-20&linkCode=osi&th=1&psc=1">View Product</a></div><div class="product"><a href="https://www.amazon.com/dp/B0CF1GLSYS?tag=eloabder-20&linkCode=osi&th=1&psc=1"><img src="https://m.media-amazon.com/images/I/41709EXRzXL._SL500_.jpg" alt="Product Image"></a><p>CHIVALZ 4 Pack HY4866 True HEPA Replacement Filters Compatible with MORENTO HY4866 Air Purifier, WESTHEY HY4866 Air Purifier and YIOU M1 Air Cleaner Purifier, Original Version</p><p>$39.99 ($10.00 / Count)</p><a href="https://www.amazon.com/dp/B0CF1GLSYS?tag=eloabder-20&linkCode=osi&th=1&psc=1">View Product</a></div>







<div class="product"><a href="https://www.amazon.com/dp/B0CYKMFKR9?tag=eloabder-20&linkCode=osi&th=1&psc=1"><img src="https://m.media-amazon.com/images/I/316zU-ozoxL._SL500_.jpg" alt="Product Image"></a><p>Air Purifier Replacement Filter for Space Heater Bladeless Fan</p><p>$29.99</p><a href="https://www.amazon.com/dp/B0CYKMFKR9?tag=eloabder-20&linkCode=osi&th=1&psc=1">View Product</a></div>
<div class="product"><a href="https://www.amazon.com/dp/B07MRH6VY7?tag=eloabder-20&linkCode=osi&th=1&psc=1"><img src="https://m.media-amazon.com/images/I/51g-nuN4A5L._SL500_.jpg" alt="Product Image"></a><p>Colorfullife Replacement Air Purifier Filter for Dyson Tower Purifier Pure Cool Link TP01, TP02, TP03, BP01, Compare to Part 968126-03ï¼Œ2 Pack</p><p>$26.99</p><a href="https://www.amazon.com/dp/B07MRH6VY7?tag=eloabder-20&linkCode=osi&th=1&psc=1">View Product</a></div><div class="product"><a href="https://www.amazon.com/dp/B07TX5SW7J?tag=eloabder-20&linkCode=osi&th=1&psc=1"><img src="https://m.media-amazon.com/images/I/512Kn+cPglL._SL500_.jpg" alt="Product Image"></a><p>TP01 HEPA Filter Replacement Compatible with Dyson Tower Purifier Pure Cool Link TP01, TP02, TP03, AM11, BP01 Models, Compare to Part # 968126-03 (Pack of 2)</p><p>$27.95 ($13.98 / Count)</p><a href="https://www.amazon.com/dp/B07TX5SW7J?tag=eloabder-20&linkCode=osi&th=1&psc=1">View Product</a></div><div class="product"><a href="https://www.amazon.com/dp/B0CC24GZGB?tag=eloabder-20&linkCode=osi&th=1&psc=1"><img src="https://m.media-amazon.com/images/I/41woNpZ9VgL._SL500_.jpg" alt="Product Image"></a><p>TP01 TP02 Filter Compatible with Dyson Pure Cool Link Purifying Tower Fan TP00 TP03 AM11 and Cool Me BP01 Personal Series, 360Â° Air Purifier Filter Replacement 968126-03, 1-Pack</p><p>$25.99</p><a href="https://www.amazon.com/dp/B0CC24GZGB?tag=eloabder-20&linkCode=osi&th=1&psc=1">View Product</a></div><div class="product"><a href="https://www.amazon.com/dp/B0CX23N2JJ?tag=eloabder-20&linkCode=osi&th=1&psc=1"><img src="https://m.media-amazon.com/images/I/3145hmd5j7L._SL500_.jpg" alt="Product Image"></a><p>Dreo Air Purifiers Replacement Filter, HEPA Filter for Dreo Purifier Tower Fan MC710S, with 2 Stage Filtration, Black, Standard(DR-HPA019)</p><p>$39.99</p><a href="https://www.amazon.com/dp/B0CX23N2JJ?tag=eloabder-20&linkCode=osi&th=1&psc=1">View Product</a></div>










<div class="product"><a href="https://www.amazon.com/dp/B001U0OJ7O?tag=eloabder-20&linkCode=osi&th=1&psc=1"><img src="https://m.media-amazon.com/images/I/41XEg3QV-wL._SL500_.jpg" alt="Product Image"></a><p>Whirlpool W10165294RB 15-Inch Plastic Trash Compactor ct, 60 Bags, Count</p><p>$48.34</p><a href="https://www.amazon.com/dp/B001U0OJ7O?tag=eloabder-20&linkCode=osi&th=1&psc=1">View Product</a></div><div class="product"><a href="https://www.amazon.com/dp/B0CC3V4ZZ4?tag=eloabder-20&linkCode=osi&th=1&psc=1"><img src="https://m.media-amazon.com/images/I/31bbvodHnjL._SL500_.jpg" alt="Product Image"></a><p>Waste Smasher- Hand-Held Manual Trash Compactor Dishwasher Safe Black</p><p>$24.95</p><a href="https://www.amazon.com/dp/B0CC3V4ZZ4?tag=eloabder-20&linkCode=osi&th=1&psc=1">View Product</a></div><div class="product"><a href="https://www.amazon.com/dp/B00IYO5914?tag=eloabder-20&linkCode=osi&th=1&psc=1"><img src="https://m.media-amazon.com/images/I/51SLpTXIYNL._SL500_.jpg" alt="Product Image"></a><p>Kitchen Master Super Strong Compactor Bags Pre Cuffed (12 Pack)</p><p>$34.95</p><a href="https://www.amazon.com/dp/B00IYO5914?tag=eloabder-20&linkCode=osi&th=1&psc=1">View Product</a></div><div class="product"><a href="https://www.amazon.com/dp/B075DJ4ZVQ?tag=eloabder-20&linkCode=osi&th=1&psc=1"><img src="https://m.media-amazon.com/images/I/51Vaek4I89L._SL500_.jpg" alt="Product Image"></a><p>Dano Pre-Cuffed Compactor Bags</p><p>$32.95 ($2.75 / Count)</p><a href="https://www.amazon.com/dp/B075DJ4ZVQ?tag=eloabder-20&linkCode=osi&th=1&psc=1">View Product</a></div><div class="product"><a href="https://www.amazon.com/dp/B0C2DCVCBJ?tag=eloabder-20&linkCode=osi&th=1&psc=1"><img src="https://m.media-amazon.com/images/I/51072CtaKuL._SL500_.jpg" alt="Product Image"></a><p>60-pack W10165294RB Trash Compactor Bags - leak-proof trash compactor bags for kitchen 60-ct 15 inches - Fits 15-inch Rectangular Drawer Compactors</p><p>$45.99 ($0.77 / Count)</p><a href="https://www.amazon.com/dp/B0C2DCVCBJ?tag=eloabder-20&linkCode=osi&th=1&psc=1">View Product</a></div><div class="product"><a href="https://www.amazon.com/dp/B001U0OJ7E?tag=eloabder-20&linkCode=osi&th=1&psc=1"><img src="https://m.media-amazon.com/images/I/41c0z26RyvL._SL500_.jpg" alt="Product Image"></a><p>Whirlpool W10165293RB Genuine OEM 60 Pack-Plastic Compactor Bags-18" Models â€“ 1394369, 4178058, 4318932, 4318933, 4318935, 4318937, 4318939, AH1964576, EA1964576, PS1964576</p><p>$48.64 ($0.81 / Count)</p><a href="https://www.amazon.com/dp/B001U0OJ7E?tag=eloabder-20&linkCode=osi&th=1&psc=1">View Product</a></div><div class="product"><a href="https://www.amazon.com/dp/B00W27J16S?tag=eloabder-20&linkCode=osi&th=1&psc=1"><img src="https://m.media-amazon.com/images/I/41RaOjAGlrL._SL500_.jpg" alt="Product Image"></a><p>Compactor Bags Pre Cuffed (50 Pack)</p><p>$84.95 ($1.70 / count)</p><a href="https://www.amazon.com/dp/B00W27J16S?tag=eloabder-20&linkCode=osi&th=1&psc=1">View Product</a></div><div class="product"><a href="https://www.amazon.com/dp/B00MOCYY2W?tag=eloabder-20&linkCode=osi&th=1&psc=1"><img src="https://m.media-amazon.com/images/I/41SH8mDsAnL._SL500_.jpg" alt="Product Image"></a><p>GE WX60X1 Genuine OEM Universal Trash Compactor Bags for GE Trash Compactors</p><p>$19.00</p><a href="https://www.amazon.com/dp/B00MOCYY2W?tag=eloabder-20&linkCode=osi&th=1&psc=1">View Product</a></div><div class="product"><a href="https://www.amazon.com/dp/B0D7SFSTNG?tag=eloabder-20&linkCode=osi&th=1&psc=1"><img src="https://m.media-amazon.com/images/I/41szt9tZJPL._SL500_.jpg" alt="Product Image"></a><p>4PCS Trash Compactor Charcoal Air Filter Fit for Whirlpool/KitchenAid/Maytag/Jenn-Air/Amana/Inglis/Magic Chef Trash Compactor, Replaces 4151750 554358 WP4151750 AP6009134 PS11742279</p><p>$23.59 ($5.90 / Count)</p><a href="https://www.amazon.com/dp/B0D7SFSTNG?tag=eloabder-20&linkCode=osi&th=1&psc=1">View Product</a></div>
<div class="product"><a href="https://www.amazon.com/dp/B0CGLX5ZB9?tag=eloabder-20&linkCode=osi&th=1&psc=1"><img src="https://m.media-amazon.com/images/I/51qeRZQS98L._SL500_.jpg" alt="Product Image"></a><p>Spare Replacement Parts Compatible with MAMNV BR150 BR151, ZCWA BR150 BR151, MANVINS G20 Robot Vacuum and Mop Combo Accessories Include: 3 Hepa Filters 3 Mop Pads 6 Side Spin Brushes</p><p>$9.98</p><a href="https://www.amazon.com/dp/B0CGLX5ZB9?tag=eloabder-20&linkCode=osi&th=1&psc=1">View Product</a></div><div class="product"><a href="https://www.amazon.com/dp/B0B28DGZBG?tag=eloabder-20&linkCode=osi&th=1&psc=1"><img src="https://m.media-amazon.com/images/I/51ooMN4RqML._SL500_.jpg" alt="Product Image"></a><p>Replacement Parts for Shark AI AV2511AE AV2501S AV2610WA AV2501AE RV2502AE RV2610WA RV2520 AV2510 2-In-1 AI Ultra Robot Vacuum Cleaner Accessories Kits. Main Brush, HEPA Filter, Foam Filter,Side Brush</p><p>$19.99 ($1.05 / Count)</p><a href="https://www.amazon.com/dp/B0B28DGZBG?tag=eloabder-20&linkCode=osi&th=1&psc=1">View Product</a></div><div class="product"><a href="https://www.amazon.com/dp/B0782T7L6P?tag=eloabder-20&linkCode=osi&th=1&psc=1"><img src="https://m.media-amazon.com/images/I/41hTVkuzMJL._SL500_.jpg" alt="Product Image"></a><p>10pcs HEPA Filters Replacement for ILIFE V3s V3s pro V5 V5s V5s Pro V5s Pro 2 V5s Plus Noisz S5 Robotic Vacuum Cleaner ILIFE V3s pro Filters ILIFE Robot Vacuum Filter</p><p>$9.80 ($0.98 / Count)</p><a href="https://www.amazon.com/dp/B0782T7L6P?tag=eloabder-20&linkCode=osi&th=1&psc=1">View Product</a></div><div class="product"><a href="https://www.amazon.com/dp/B0CXLVHTTC?tag=eloabder-20&linkCode=osi&th=1&psc=1"><img src="https://m.media-amazon.com/images/I/51BT3phYzKL._SL500_.jpg" alt="Product Image"></a><p>HUIZHEN Spare Accessories for MAMNV BR150/BR151, for ZCWA BR150/BR151, for MANVINS G20,for GTTVO BR150/BR151,for ONSON BR150/BR151 Robot Vacuum Replacement Parts,6 Side Brush,4 HEPA Filters,4 Mop Pads</p><p>$9.99</p><a href="https://www.amazon.com/dp/B0CXLVHTTC?tag=eloabder-20&linkCode=osi&th=1&psc=1">View Product</a></div><div class="product"><a href="https://www.amazon.com/dp/B08RYDDQL8?tag=eloabder-20&linkCode=osi&th=1&psc=1"><img src="https://m.media-amazon.com/images/I/314Xd7+oBXL._SL500_.jpg" alt="Product Image"></a><p>AirClean 4 Pack 3.7" High Replacement Base Pre-Motor Foam Filters Compatible with Shark IQ Robot Vacuum R101AE RV1001AE UR1005AE Self-Empty Base</p><p>$12.99 ($3.25 / Count)</p><a href="https://www.amazon.com/dp/B08RYDDQL8?tag=eloabder-20&linkCode=osi&th=1&psc=1">View Product</a></div><div class="product"><a href="https://www.amazon.com/dp/B0CJLHJ557?tag=eloabder-20&linkCode=osi&th=1&psc=1"><img src="https://m.media-amazon.com/images/I/41iQm8hUjiL._SL500_.jpg" alt="Product Image"></a><p>Replacement Parts Compatible with WYZE Robot Vacuum Cleaner WVCR200S Accessories, 2 Main Brushes, 6 Hepa Filters, 8 Side Brushes Attachment Spare Pack</p><p>$14.99 ($0.94 / Count)</p><a href="https://www.amazon.com/dp/B0CJLHJ557?tag=eloabder-20&linkCode=osi&th=1&psc=1">View Product</a></div>
<div class="product"><a href="https://www.amazon.com/dp/B0C4595Q8P?tag=eloabder-20&linkCode=osi&th=1&psc=1"><img src="https://m.media-amazon.com/images/I/51k23SAtRxL._SL500_.jpg" alt="Product Image"></a><p>4 Pack FSV001 HEPA Filter Compatiable with Fabuletta FSV101, FSV001, Girnoor G160&G165, Afoddon A300, Lubluelu 202, Oraimo Cordless Vacuum Cleaner, Besswin W26 Cordless Stick Vacuum Cleaners</p><p>$15.99 ($4.00 / Count)</p><a href="https://www.amazon.com/dp/B0C4595Q8P?tag=eloabder-20&linkCode=osi&th=1&psc=1">View Product</a></div>
<div class="product"><a href="https://www.amazon.com/dp/B0BNKJX96X?tag=eloabder-20&linkCode=osi&th=1&psc=1"><img src="https://m.media-amazon.com/images/I/41OPeLFppoL._SL500_.jpg" alt="Product Image"></a><p>6 PACK 2033 Replacement Filter Compatible with Bissell Featherweight Stick Lightweight Bagless Vacuum Cleaner 20331, 20333, 20334, 20336, 20339, 2033M,6 Mesh Filter 6 Foam Filters, Replace # 1611508</p><p>$14.99 ($2.50 / Count)</p><a href="https://www.amazon.com/dp/B0BNKJX96X?tag=eloabder-20&linkCode=osi&th=1&psc=1">View Product</a></div><div class="product"><a href="https://www.amazon.com/dp/B0CMBWLTSM?tag=eloabder-20&linkCode=osi&th=1&psc=1"><img src="https://m.media-amazon.com/images/I/41PHqKaLTDL._SL500_.jpg" alt="Product Image"></a><p>18V ONE + Cordless Pet Stick Vacuum Filter for Ryobi, PCL720, PBLSV716, PBLSV717 Stick Vacuum, Reusable Washable Filters, Compare to Part A32SV720N, 6 Pack</p><p>$15.99 ($2.66 / Count)</p><a href="https://www.amazon.com/dp/B0CMBWLTSM?tag=eloabder-20&linkCode=osi&th=1&psc=1">View Product</a></div><div class="product"><a href="https://www.amazon.com/dp/B0CXDYWWT9?tag=eloabder-20&linkCode=osi&th=1&psc=1"><img src="https://m.media-amazon.com/images/I/41F1csTT8jL._SL500_.jpg" alt="Product Image"></a><p>2 Replacement Filters for Craftsman V20 Cordless Stick Vacuum CMCVS001D1, for Black Decker BSVF1 BSV2020 BSV2020G BSV2020P Cordless Stick Vacuum Cleaner with 1 Cleaning Brush</p><p>$14.99</p><a href="https://www.amazon.com/dp/B0CXDYWWT9?tag=eloabder-20&linkCode=osi&th=1&psc=1">View Product</a></div><div class="product"><a href="https://www.amazon.com/dp/B0CCJ5N5DH?tag=eloabder-20&linkCode=osi&th=1&psc=1"><img src="https://m.media-amazon.com/images/I/41xmhDPqk8L._SL500_.jpg" alt="Product Image"></a><p>Aolleteau 1 Pack Brush Roller Compatible with Black + Decker BSV2020, BSV2020P, BSV2020G Powerseries Extreme Cordless Stick Vacuum and Compatible with Craftsman V20 Cordless Stick Vacuum CMCVS001D1</p><p>$17.99</p><a href="https://www.amazon.com/dp/B0CCJ5N5DH?tag=eloabder-20&linkCode=osi&th=1&psc=1">View Product</a></div><div class="product"><a href="https://www.amazon.com/dp/B0CQY61LFD?tag=eloabder-20&linkCode=osi&th=1&psc=1"><img src="https://m.media-amazon.com/images/I/31swBBC444L._SL500_.jpg" alt="Product Image"></a><p>Tablenco for Shark HZ602 Filter Replacement Ultralight Pet Pro Corded Stick Vacuum and HZ2002 Vertex DuoClean PowerFins fit HZ2000 HZ251 HZ250 HH200 HH202,4 Foam Felt 4 Motor Kit (No cleaning brush)</p><p>$9.98</p><a href="https://www.amazon.com/dp/B0CQY61LFD?tag=eloabder-20&linkCode=osi&th=1&psc=1">View Product</a></div><div class="product"><a href="https://www.amazon.com/dp/B09Q55KW8W?tag=eloabder-20&linkCode=osi&th=1&psc=1"><img src="https://m.media-amazon.com/images/I/51MKsJy6nSL._SL500_.jpg" alt="Product Image"></a><p>Anicell 2033 Featherweight Filter for Bissell Featherweight Stick Lightweight Bagless Vacuum 20331 20333 20334 20336 20339 2033M, 4 Mesh Filters 6 Foam Filters Replacement, Replace part# 1611508</p><p>$11.99</p><a href="https://www.amazon.com/dp/B09Q55KW8W?tag=eloabder-20&linkCode=osi&th=1&psc=1">View Product</a></div><div class="product"><a href="https://www.amazon.com/dp/B0CDVG7LHD?tag=eloabder-20&linkCode=osi&th=1&psc=1"><img src="https://m.media-amazon.com/images/I/41hjN1Te6sL._SL500_.jpg" alt="Product Image"></a><p>Moreffi 3 Pack Filter Replacement For HART Cordless Stick Vacuum HPSV01 and HPSV50, Compare to Part Number HASV01</p><p>$19.99 ($6.66 / Count)</p><a href="https://www.amazon.com/dp/B0CDVG7LHD?tag=eloabder-20&linkCode=osi&th=1&psc=1">View Product</a></div>
<div class="product"><a href="https://www.amazon.com/dp/B07DQ9TZC8?tag=eloabder-20&linkCode=osi&th=1&psc=1"><img src="https://m.media-amazon.com/images/I/41PHyZ20FuL._SL500_.jpg" alt="Product Image"></a><p>Kenmore 53294 Style O HEPA Cloth Vacuum Bags for Kenmore Upright Vacuum Cleaners 6 Pack,White</p><p>$20.99 ($3.50 / Count)</p><a href="https://www.amazon.com/dp/B07DQ9TZC8?tag=eloabder-20&linkCode=osi&th=1&psc=1">View Product</a></div><div class="product"><a href="https://www.amazon.com/dp/B08MXVTTT2?tag=eloabder-20&linkCode=osi&th=1&psc=1"><img src="https://m.media-amazon.com/images/I/41T6wRpIMzL._SL500_.jpg" alt="Product Image"></a><p>Kenmore IB600 HEPA Replacement Intuition Upright Vacuum Cleaner Bags for BU4022, BU4020, BU4018, BU4050, BU3040,White</p><p>$18.75</p><a href="https://www.amazon.com/dp/B08MXVTTT2?tag=eloabder-20&linkCode=osi&th=1&psc=1">View Product</a></div><div class="product"><a href="https://www.amazon.com/dp/B01010JVYO?tag=eloabder-20&linkCode=osi&th=1&psc=1"><img src="https://m.media-amazon.com/images/I/51Anluh47GL._SL500_.jpg" alt="Product Image"></a><p>EnviroCare Replacement Micro Filtration Vacuum Cleaner Dust Bags Designed to fit Hoover Windtunnel Upright Type Y 9 pack</p><p>$9.89 ($1.10 / Count)</p><a href="https://www.amazon.com/dp/B01010JVYO?tag=eloabder-20&linkCode=osi&th=1&psc=1">View Product</a></div><div class="product"><a href="https://www.amazon.com/dp/B0D5CP3WBY?tag=eloabder-20&linkCode=osi&th=1&psc=1"><img src="https://m.media-amazon.com/images/I/31MaGmsVOwL._SL500_.jpg" alt="Product Image"></a><p>Bagless Upright Kenmore Vacuum HEPA Filters, Compatible with Foam Filters, Felt Filters and Upright vacuum cleaner for Models K4010,DU2015,DU2012(includes 1 Hepa Filters,2 Foam and 2 Felt Filters)</p><p>$12.99</p><a href="https://www.amazon.com/dp/B0D5CP3WBY?tag=eloabder-20&linkCode=osi&th=1&psc=1">View Product</a></div><div class="product"><a href="https://www.amazon.com/dp/B0CBFV28WX?tag=eloabder-20&linkCode=osi&th=1&psc=1"><img src="https://m.media-amazon.com/images/I/51LIYI0wXSL._SL500_.jpg" alt="Product Image"></a><p>16 Packs Vacuum Bags for Oreck Type CC, Compatible with All Oreck XL Upright Vacuum Cleaner - Replaces Part # CCPK8DW</p><p>$21.99 ($1.37 / Count)</p><a href="https://www.amazon.com/dp/B0CBFV28WX?tag=eloabder-20&linkCode=osi&th=1&psc=1">View Product</a></div><div class="product"><a href="https://www.amazon.com/dp/B00F9GQMHA?tag=eloabder-20&linkCode=osi&th=1&psc=1"><img src="https://m.media-amazon.com/images/I/51lhelurelL._SL500_.jpg" alt="Product Image"></a><p>EnviroCare Replacement Premium Vacuum Cleaner Dust Bags made to fit Eureka F&G Uprights 9 bags</p><p>$11.09</p><a href="https://www.amazon.com/dp/B00F9GQMHA?tag=eloabder-20&linkCode=osi&th=1&psc=1">View Product</a></div><div class="product"><a href="https://www.amazon.com/dp/B002CI8G1I?tag=eloabder-20&linkCode=osi&th=1&psc=1"><img src="https://m.media-amazon.com/images/I/51PYQrQpbSL._SL500_.jpg" alt="Product Image"></a><p>EnviroCare Replacement Micro Filtration Vacuum Cleaner Dust Bags made to fit Kenmore Upright Type U/L/O 50688 and 50690, Panasonic Type U-2, Miele Type Z. 9 pack</p><p>$9.99</p><a href="https://www.amazon.com/dp/B002CI8G1I?tag=eloabder-20&linkCode=osi&th=1&psc=1">View Product</a></div>
<div class="product"><a href="https://www.amazon.com/dp/B07GNQJ67P?tag=eloabder-20&linkCode=osi&th=1&psc=1"><img src="https://m.media-amazon.com/images/I/41XHnKbgjAL._SL500_.jpg" alt="Product Image"></a><p>Kenmore 53292 Type Q HEPA Replacement Dust Bags for Canister Vacuum 81214, 81414, 81714, 21814, BC2005, BC3005, 81615, BC7005, 6 Count (Pack of 1)</p><p>$13.24 ($2.21 / Count)</p><a href="https://www.amazon.com/dp/B07GNQJ67P?tag=eloabder-20&linkCode=osi&th=1&psc=1">View Product</a></div><div class="product"><a href="https://www.amazon.com/dp/B01L0C0FVK?tag=eloabder-20&linkCode=osi&th=1&psc=1"><img src="https://m.media-amazon.com/images/I/51ZIjbo9NVL._SL500_.jpg" alt="Product Image"></a><p>Envirocare Replacement Vacuum Bags Compatible with Kenmore Canister Type C/Q. 5055, 50557 and 50558 Panasonic Type C-5 Vacuums,15 pack</p><p>$16.16</p><a href="https://www.amazon.com/dp/B01L0C0FVK?tag=eloabder-20&linkCode=osi&th=1&psc=1">View Product</a></div><div class="product"><a href="https://www.amazon.com/dp/B0BTRTP2PM?tag=eloabder-20&linkCode=osi&th=1&psc=1"><img src="https://m.media-amazon.com/images/I/41K295aRv9L._SL500_.jpg" alt="Product Image"></a><p>Vacuum Cleaner Bags Fit for Kenmore Canister Type C/Q 50555 50557 50558 and Type C-5, 10PCs</p><p>$15.99</p><a href="https://www.amazon.com/dp/B0BTRTP2PM?tag=eloabder-20&linkCode=osi&th=1&psc=1">View Product</a></div><div class="product"><a href="https://www.amazon.com/dp/B0CRQYGLZX?tag=eloabder-20&linkCode=osi&th=1&psc=1"><img src="https://m.media-amazon.com/images/I/413iXp+j3ML._SL500_.jpg" alt="Product Image"></a><p>15 Pack Canister Vacuum Cleaner Bags Compatible with Kenmore Canister Type C/Q 5055, 50555, 50557, 50558 and Type C-5, C-18, 53292, 200 Series, 400 Series, 600 Series, 700 Series, 800 Series Vacuum</p><p>$11.69</p><a href="https://www.amazon.com/dp/B0CRQYGLZX?tag=eloabder-20&linkCode=osi&th=1&psc=1">View Product</a></div><div class="product"><a href="https://www.amazon.com/dp/B00QGD3SBI?tag=eloabder-20&linkCode=osi&th=1&psc=1"><img src="https://m.media-amazon.com/images/I/51xw0asyqTL._SL500_.jpg" alt="Product Image"></a><p>EnviroCare Replacement Vacuum Bags made to fit Kenmore Canister Type C or Q 50555, 50558, 50557 and Panasonic Type C-5 Vacuums, 9 pack</p><p>$9.79</p><a href="https://www.amazon.com/dp/B00QGD3SBI?tag=eloabder-20&linkCode=osi&th=1&psc=1">View Product</a></div><div class="product"><a href="https://www.amazon.com/dp/B0CQP9NP5N?tag=eloabder-20&linkCode=osi&th=1&psc=1"><img src="https://m.media-amazon.com/images/I/41WnNkTz8zL._SL500_.jpg" alt="Product Image"></a><p>8 Pack Replacement Vacuum Bags Compatible with Kenmore Canister Type C/Q. 5055, 50104, 50557 and 50558 Panasonic Type C-5 Vacuums</p><p>$9.99 ($1.25 / Count)</p><a href="https://www.amazon.com/dp/B0CQP9NP5N?tag=eloabder-20&linkCode=osi&th=1&psc=1">View Product</a></div>
<div class="product"><a href="https://www.amazon.com/dp/B09M3Y2BHR?tag=eloabder-20&linkCode=osi&th=1&psc=1"><img src="https://m.media-amazon.com/images/I/31tevngai1L._SL500_.jpg" alt="Product Image"></a><p>Ymimi Vacuum Filter Compatible with Eureka WhirlWind Bagless Canister Vacuum Cleaner,Fits NEN110A,NEN110B,NEN110Dï¼ˆ2-Packï¼‰</p><p>$11.99 ($6.00 / Count)</p><a href="https://www.amazon.com/dp/B09M3Y2BHR?tag=eloabder-20&linkCode=osi&th=1&psc=1">View Product</a></div><div class="product"><a href="https://www.amazon.com/dp/B07J1WWBHN?tag=eloabder-20&linkCode=osi&th=1&psc=1"><img src="https://m.media-amazon.com/images/I/51gmkDrnR2L._SL500_.jpg" alt="Product Image"></a><p>Bissell Powerforce Helix Bagless Washable Premotor Filter #1608225, Black</p><p>$7.78</p><a href="https://www.amazon.com/dp/B07J1WWBHN?tag=eloabder-20&linkCode=osi&th=1&psc=1">View Product</a></div><div class="product"><a href="https://www.amazon.com/dp/B0BK64TMMK?tag=eloabder-20&linkCode=osi&th=1&psc=1"><img src="https://m.media-amazon.com/images/I/41OBMvET7eL._SL500_.jpg" alt="Product Image"></a><p>Vacuum Belt Replacement for Bissell Cleanview Swivel Pet Upright Bagless/Powerlifter Vacuum Cleaner, fits model: 2252, 2254, 22543, 2258,2259, 2260,2316, 2739, 1793, Parts # 3031120, 32074</p><p>$6.99</p><a href="https://www.amazon.com/dp/B0BK64TMMK?tag=eloabder-20&linkCode=osi&th=1&psc=1">View Product</a></div><div class="product"><a href="https://www.amazon.com/dp/B0BKKL3WRB?tag=eloabder-20&linkCode=osi&th=1&psc=1"><img src="https://m.media-amazon.com/images/I/410jMe-FjIL._SL500_.jpg" alt="Product Image"></a><p>Aolleteau F1 HEPA Filter Compatible with Dirt Devil Bagless Upright Cleaner Models Extra Lite, Breeze, Featherlite Bagless, Jaguar Bagless,Platinum Force Vision, Scorpion and Vision Bagless (2 Pack)</p><p>$13.99 ($7.00 / Count)</p><a href="https://www.amazon.com/dp/B0BKKL3WRB?tag=eloabder-20&linkCode=osi&th=1&psc=1">View Product</a></div><div class="product"><a href="https://www.amazon.com/dp/B09SG1P4WN?tag=eloabder-20&linkCode=osi&th=1&psc=1"><img src="https://m.media-amazon.com/images/I/51+Mr+Wq5ML._SL500_.jpg" alt="Product Image"></a><p>NEN110A Vacuum Filter, Inlet Frame and Sponge Filter Compatible with Eureka Whirlwind Bagless Canister Vacuum Cleaner, Fits NEN110A, NEN110B, NEN110D(4-Pack)</p><p>$15.99 ($4.00 / Count)</p><a href="https://www.amazon.com/dp/B09SG1P4WN?tag=eloabder-20&linkCode=osi&th=1&psc=1">View Product</a></div>
<div class="product"><a href="https://www.amazon.com/dp/B07GT9VB9X?tag=eloabder-20&linkCode=osi&th=1&psc=1"><img src="https://m.media-amazon.com/images/I/41IokheYtNL._SL500_.jpg" alt="Product Image"></a><p>6 Pack 1940 Bissell Steam Mop Pads for Bissell PowerFresh Steam Mop 1806 1544 1440 2075A 2685A 1940W 19404 Series, Model 19402 19408 1940a 1940f 1940q 1940t B0006 B0017, Part #5938#203-2633</p><p>$16.99 ($2.83 / Count)</p><a href="https://www.amazon.com/dp/B07GT9VB9X?tag=eloabder-20&linkCode=osi&th=1&psc=1">View Product</a></div><div class="product"><a href="https://www.amazon.com/dp/B07H3MYZLD?tag=eloabder-20&linkCode=osi&th=1&psc=1"><img src="https://m.media-amazon.com/images/I/511p6MPxQ0L._SL500_.jpg" alt="Product Image"></a><p>Flammi Steam Pocket Mop Replacement Pads for Shark S3500 Series S3501 S3601 S3550 S3901 SE450 S3801CO S3601D S2901 S2902 Steam Pocket Mop, 4 Pack</p><p>$16.97 ($4.24 / Count)</p><a href="https://www.amazon.com/dp/B07H3MYZLD?tag=eloabder-20&linkCode=osi&th=1&psc=1">View Product</a></div><div class="product"><a href="https://www.amazon.com/dp/B0C8SH97HN?tag=eloabder-20&linkCode=osi&th=1&psc=1"><img src="https://m.media-amazon.com/images/I/31Mex4y7odL._SL500_.jpg" alt="Product Image"></a><p>HOMEXCEL Steam Mop Replacement Pads Compatible with Bissell Powerfresh Steam Mop 1940 1806 1440 1544 Series, Model 19402 19404 19408 2685A 2075A 1940A 1940Q 1940T 1940W, Steam Mop Pads Refills,4 Pack</p><p>$9.99 ($2.50 / Count)</p><a href="https://www.amazon.com/dp/B0C8SH97HN?tag=eloabder-20&linkCode=osi&th=1&psc=1">View Product</a></div><div class="product"><a href="https://www.amazon.com/dp/B0BFWTXS33?tag=eloabder-20&linkCode=osi&th=1&psc=1"><img src="https://m.media-amazon.com/images/I/51pa2h7o0EL._SL500_.jpg" alt="Product Image"></a><p>12 Pack 1940 Steam Mop Replacement Pads for Bissell Powerfresh Steam Mop 1940 1440 1806 1544 2075 2685A 2814 Series, Model 19402 19404 19408 19409 1940A 1940F 1940Q 1940T 1940W B0006 B0017 2075A 15441</p><p>$24.99</p><a href="https://www.amazon.com/dp/B0BFWTXS33?tag=eloabder-20&linkCode=osi&th=1&psc=1">View Product</a></div><div class="product"><a href="https://www.amazon.com/dp/B0CLP5QGTY?tag=eloabder-20&linkCode=osi&th=1&psc=1"><img src="https://m.media-amazon.com/images/I/414HqpKde9L._SL500_.jpg" alt="Product Image"></a><p>10 Pack 1940 1806 2685A Steam Mop Pads For Bissell Powerfresh Steam Mop Deluxe Pet Lift-Off Plus Slim Scrubbing Steam Mop Replacement Pad 1940A 2814 1544A 2075A Power Fresh Steamer Pad Refill Washable</p><p>$22.99 ($2.30 / Count)</p><a href="https://www.amazon.com/dp/B0CLP5QGTY?tag=eloabder-20&linkCode=osi&th=1&psc=1">View Product</a></div><div class="product"><a href="https://www.amazon.com/dp/B078BBKBPV?tag=eloabder-20&linkCode=osi&th=1&psc=1"><img src="https://m.media-amazon.com/images/I/51WcJqtOUIL._SL500_.jpg" alt="Product Image"></a><p>Tidy Monster Steam Mop Replacement Pads Compatible with Bissell Powerfresh Steam Mop 1940 1806 1544 1440 2075A 2685A Series, Part # 5938 & 203-2633, 1606668 & 1606669 (4 Pack Scrub Plush)</p><p>$9.99</p><a href="https://www.amazon.com/dp/B078BBKBPV?tag=eloabder-20&linkCode=osi&th=1&psc=1">View Product</a></div><div class="product"><a href="https://www.amazon.com/dp/B00A6G37SU?tag=eloabder-20&linkCode=osi&th=1&psc=1"><img src="https://m.media-amazon.com/images/I/51xo0LB-SpL._SL500_.jpg" alt="Product Image"></a><p>BISSELL PowerFresh Steam Mop Pads (Pack of 2) with Fragrance discs (4 ct), 5938</p><p>$21.26 ($10.63 / Count)</p><a href="https://www.amazon.com/dp/B00A6G37SU?tag=eloabder-20&linkCode=osi&th=1&psc=1">View Product</a></div>
<div class="product"><a href="https://www.amazon.com/dp/B0D2QFVY7H?tag=eloabder-20&linkCode=osi&th=1&psc=1"><img src="https://m.media-amazon.com/images/I/417B7H+vvML._SL500_.jpg" alt="Product Image"></a><p>Kenmore KS1010 Deep Clean & Revitalize Pet Carpet Cleaner Formula, 64 oz, White, 64 Fl Oz</p><p>$22.73 ($0.36 / Fl Oz)</p><a href="https://www.amazon.com/dp/B0D2QFVY7H?tag=eloabder-20&linkCode=osi&th=1&psc=1">View Product</a></div><div class="product"><a href="https://www.amazon.com/dp/B0BNK8ZJJ1?tag=eloabder-20&linkCode=osi&th=1&psc=1"><img src="https://m.media-amazon.com/images/I/51z0Pc4xcNL._SL500_.jpg" alt="Product Image"></a><p>Bissell Spotlifter Pet Carpet and Upholstery Cleaner with Brush Head - 4 Pack, 93523</p><p>$23.88 ($0.50 / Fl Oz)</p><a href="https://www.amazon.com/dp/B0BNK8ZJJ1?tag=eloabder-20&linkCode=osi&th=1&psc=1">View Product</a></div><div class="product"><a href="https://www.amazon.com/dp/B0CX245D26?tag=eloabder-20&linkCode=osi&th=1&psc=1"><img src="https://m.media-amazon.com/images/I/411CSXvvO1L._SL500_.jpg" alt="Product Image"></a><p>BISSELLÂ® Spot & Stain with Febreze + Gain Original Scent Formula for Little Green Devices, Portable Carpet Cleaners (3968)</p><p>$12.99 ($0.41 / Fl Oz)</p><a href="https://www.amazon.com/dp/B0CX245D26?tag=eloabder-20&linkCode=osi&th=1&psc=1">View Product</a></div><div class="product"><a href="https://www.amazon.com/dp/B083VZW4R5?tag=eloabder-20&linkCode=osi&th=1&psc=1"><img src="https://m.media-amazon.com/images/I/413BULPLmBL._SL500_.jpg" alt="Product Image"></a><p>BISSELL Multi-Surface Pet Formula with Febreze Freshness for Crosswave (80 oz), 2295L</p><p>$22.99 ($0.29 / Fl Oz)</p><a href="https://www.amazon.com/dp/B083VZW4R5?tag=eloabder-20&linkCode=osi&th=1&psc=1">View Product</a></div><div class="product"><a href="https://www.amazon.com/dp/B0D2RGW219?tag=eloabder-20&linkCode=osi&th=1&psc=1"><img src="https://m.media-amazon.com/images/I/41gD+82tnAL._SL500_.jpg" alt="Product Image"></a><p>Vacmaster Clean & Restore Carpet Cleaner Formula â€“ CCS03</p><p>$19.99 ($0.31 / Fl Oz)</p><a href="https://www.amazon.com/dp/B0D2RGW219?tag=eloabder-20&linkCode=osi&th=1&psc=1">View Product</a></div>






<div class="product"><a href="https://www.amazon.com/dp/B0BY64HQTP?tag=eloabder-20&linkCode=osi&th=1&psc=1"><img src="https://m.media-amazon.com/images/I/41hUxHuASYL._SL500_.jpg" alt="Product Image"></a><p>Air Conditioning Motor WZDK13-38G-1(RD-310-13-8) DC Brushless Fan Motor, 13W Inverter air Conditioner Motor DC Motor for Central air Conditioner</p><p>$39.95</p><a href="https://www.amazon.com/dp/B0BY64HQTP?tag=eloabder-20&linkCode=osi&th=1&psc=1">View Product</a></div><div class="product"><a href="https://www.amazon.com/dp/B0CM5YB884?tag=eloabder-20&linkCode=osi&th=1&psc=1"><img src="https://m.media-amazon.com/images/I/310lQ2tAvLL._SL500_.jpg" alt="Product Image"></a><p>Sparkfix OEM WZDK20-38G (ZKFP-20-8-6) Air Conditioner Replacement Motors DC280V 20W Air Conditioning Fan Motor Inverter Air Conditioner Brushless DC Motor 1300RPM CCW</p><p>$42.79</p><a href="https://www.amazon.com/dp/B0CM5YB884?tag=eloabder-20&linkCode=osi&th=1&psc=1">View Product</a></div>













<div class="product"><a href="https://www.amazon.com/dp/B009PCI2JU?tag=eloabder-20&linkCode=osi&th=1&psc=1"><img src="https://m.media-amazon.com/images/I/310ZJurANUL._SL500_.jpg" alt="Product Image"></a><p>GE RPWFE Refrigerator Water Filter | Certified to Reduce Lead, Sulfur, and 50+ Other Impurities | Replace Every 6 Months for Best Results | Pack of 1</p><p>$49.98</p><a href="https://www.amazon.com/dp/B009PCI2JU?tag=eloabder-20&linkCode=osi&th=1&psc=1">View Product</a></div><div class="product"><a href="https://www.amazon.com/dp/B0882ZJ48W?tag=eloabder-20&linkCode=osi&th=1&psc=1"><img src="https://m.media-amazon.com/images/I/41110o9sUoL._SL500_.jpg" alt="Product Image"></a><p>GE XWFE Refrigerator Water Filter | Certified to Reduce Lead, Sulfur, and 50+ Other Impurities | Replace Every 6 Months for Best Results | Pack of 1, White</p><p>$49.00</p><a href="https://www.amazon.com/dp/B0882ZJ48W?tag=eloabder-20&linkCode=osi&th=1&psc=1">View Product</a></div><div class="product"><a href="https://www.amazon.com/dp/B074HLRXMP?tag=eloabder-20&linkCode=osi&th=1&psc=1"><img src="https://m.media-amazon.com/images/I/21oDpGCQXiL._SL500_.jpg" alt="Product Image"></a><p>LG LT1000P - 6 Month / 200 Gallon Capacity Replacement Refrigerator Water Filter (NSF42, NSF53, and NSF401) ADQ74793501, ADQ75795105, or AGF80300704 , White</p><p>$47.00</p><a href="https://www.amazon.com/dp/B074HLRXMP?tag=eloabder-20&linkCode=osi&th=1&psc=1">View Product</a></div><div class="product"><a href="https://www.amazon.com/dp/B01BKWSHHE?tag=eloabder-20&linkCode=osi&th=1&psc=1"><img src="https://m.media-amazon.com/images/I/31E2+zlkvjL._SL500_.jpg" alt="Product Image"></a><p>Frigidaire EPTWFU01 Water Filtration Filter, 1 Count, White</p><p>$42.99</p><a href="https://www.amazon.com/dp/B01BKWSHHE?tag=eloabder-20&linkCode=osi&th=1&psc=1">View Product</a></div><div class="product"><a href="https://www.amazon.com/dp/B08V6JB9R7?tag=eloabder-20&linkCode=osi&th=1&psc=1"><img src="https://m.media-amazon.com/images/I/31PRPEffCZL._SL500_.jpg" alt="Product Image"></a><p>Frigidaire FPPWFU01 PurePour PWF-1 Water Filter 1 Count (Pack of 1)</p><p>$45.81</p><a href="https://www.amazon.com/dp/B08V6JB9R7?tag=eloabder-20&linkCode=osi&th=1&psc=1">View Product</a></div><div class="product"><a href="https://www.amazon.com/dp/B000AST3AK?tag=eloabder-20&linkCode=osi&th=1&psc=1"><img src="https://m.media-amazon.com/images/I/41DUoSxpwTS._SL500_.jpg" alt="Product Image"></a><p>GE MWF Refrigerator Water Filter | Certified to Reduce Lead, Sulfur, and 50+ Other Impurities | Replace Every 6 Months for Best Results | Pack of 1</p><p>$39.98</p><a href="https://www.amazon.com/dp/B000AST3AK?tag=eloabder-20&linkCode=osi&th=1&psc=1">View Product</a></div><div class="product"><a href="https://www.amazon.com/dp/B0CFZR7K8D?tag=eloabder-20&linkCode=osi&th=1&psc=1"><img src="https://m.media-amazon.com/images/I/31WM5sdhKLL._SL500_.jpg" alt="Product Image"></a><p>HMASAV W10295370A water filter replacement, Compatible with EDR1RXD1,EDR1RXD1B,W10295370,Filter 1,WHR1RXD1,KAD1RXD1,P4RFWB,P8RFWB2L,46-9930,46-9081 2PACK</p><p>$29.99 ($15.00 / Count)</p><a href="https://www.amazon.com/dp/B0CFZR7K8D?tag=eloabder-20&linkCode=osi&th=1&psc=1">View Product</a></div><div class="product"><a href="https://www.amazon.com/dp/B07JM9TTTT?tag=eloabder-20&linkCode=osi&th=1&psc=1"><img src="https://m.media-amazon.com/images/I/41CfAtJ8TPL._SL500_.jpg" alt="Product Image"></a><p>GLACIER FRESH LT1000PC Replacement Water Filter, Compatible with LT1000PC/PCS, LT1000PC, LT-1000PC, MDJ64844601, ADQ747935 ADQ74793504 Filter and LT120F ADQ73334008 Fresh Air (3+3)</p><p>$39.99 ($13.33 / Count)</p><a href="https://www.amazon.com/dp/B07JM9TTTT?tag=eloabder-20&linkCode=osi&th=1&psc=1">View Product</a></div><div class="product"><a href="https://www.amazon.com/dp/B003N1ZSYG?tag=eloabder-20&linkCode=osi&th=1&psc=1"><img src="https://m.media-amazon.com/images/I/31Mbrkrxu1L._SL500_.jpg" alt="Product Image"></a><p>SAMSUNG Genuine Filter for Refrigerator Water and Ice, Carbon Block Filtration for Clean, Clear Drinking Water, 6-Month Life, HAF-CIN/EXP, 1 Pack</p><p>$39.99</p><a href="https://www.amazon.com/dp/B003N1ZSYG?tag=eloabder-20&linkCode=osi&th=1&psc=1">View Product</a></div>









<div class="product"><a href="https://www.amazon.com/dp/B0B2NZ47HN?tag=eloabder-20&linkCode=osi&th=1&psc=1"><img src="https://m.media-amazon.com/images/I/41nC6c2XxJL._SL500_.jpg" alt="Product Image"></a><p>OTE Portable Sparkling Water Maker Soda Maker Machine for home with 20PCS Cylinders 450ml Personal seltzer Carbonators Electroless Double Layer PET Bottle BPA Free Double Pressure Relief Valves -Pink</p><p>$49.99</p><a href="https://www.amazon.com/dp/B0B2NZ47HN?tag=eloabder-20&linkCode=osi&th=1&psc=1">View Product</a></div><div class="product"><a href="https://www.amazon.com/dp/B09DY54L7M?tag=eloabder-20&linkCode=osi&th=1&psc=1"><img src="https://m.media-amazon.com/images/I/31LSpnm3G8L._SL500_.jpg" alt="Product Image"></a><p>MOSOLAN Bottle Cleaning Brush, 17 Inches Extra Long Handle Water Bottle Brush, Flexible Bendable Cleaner for Washing Narrow Neck Bottles, Wine Decanter, Kombucha, Pipes, Beer Brewing Supplies, 2 Pack</p><p>$11.95 ($5.98 / Count)</p><a href="https://www.amazon.com/dp/B09DY54L7M?tag=eloabder-20&linkCode=osi&th=1&psc=1">View Product</a></div><div class="product"><a href="https://www.amazon.com/dp/B0736CBNDN?tag=eloabder-20&linkCode=osi&th=1&psc=1"><img src="https://m.media-amazon.com/images/I/41tWXmwP5KL._SL500_.jpg" alt="Product Image"></a><p>#2 Filter Pads (10 Pack Bulk) Compatible with Mini Jet Machine | #2 1.8-2.5 micron | 2 Micron Filtering pads. Filter Wine Beer, Kombucha, Mead Mash. Polishing filtration| Not a Buon Vino product.</p><p>$18.99</p><a href="https://www.amazon.com/dp/B0736CBNDN?tag=eloabder-20&linkCode=osi&th=1&psc=1">View Product</a></div>









<div class="product"><a href="https://www.amazon.com/dp/B07YGN577Y?tag=eloabder-20&linkCode=osi&th=1&psc=1"><img src="https://m.media-amazon.com/images/I/31kfZiyDMUL._SL500_.jpg" alt="Product Image"></a><p>9870163 Trash Power Nut WP9870163 L8</p><p>$50.36</p><a href="https://www.amazon.com/dp/B07YGN577Y?tag=eloabder-20&linkCode=osi&th=1&psc=1">View Product</a></div>

<div class="product"><a href="https://www.amazon.com/dp/B0CWQLM4C7?tag=eloabder-20&linkCode=osi&th=1&psc=1"><img src="https://m.media-amazon.com/images/I/41gTEIOjtlL._SL500_.jpg" alt="Product Image"></a><p>7" Seven Seconds Lazy Kitchen Food Making Tools - Multifunctional Fruit Vegetable Chopper Quick Garlic Peeling Machine Convenient Food Chopper for Slicing,Juice,Grinding</p><p>$32.99</p><a href="https://www.amazon.com/dp/B0CWQLM4C7?tag=eloabder-20&linkCode=osi&th=1&psc=1">View Product</a></div>







<div class="product"><a href="https://www.amazon.com/dp/B0CNKFM9WR?tag=eloabder-20&linkCode=osi&th=1&psc=1"><img src="https://m.media-amazon.com/images/I/31sGGIDic9L._SL500_.jpg" alt="Product Image"></a><p>hobbyme Pack of 4 Plastic Coffee Scoops with Brush & Espresso Grinder Brush for Ground Coffee Cleaning Tea Power Coffee Grinder Spoon</p><p>$6.49</p><a href="https://www.amazon.com/dp/B0CNKFM9WR?tag=eloabder-20&linkCode=osi&th=1&psc=1">View Product</a></div>














<div class="product"><a href="https://www.amazon.com/dp/B00UTFZAII?tag=eloabder-20&linkCode=osi&th=1&psc=1"><img src="https://m.media-amazon.com/images/I/31z7hZ6KbXL._SL500_.jpg" alt="Product Image"></a><p>Miele 10123210 AirClean 3D Efficiency Dust Bag, Type GN, 4 Bags & 2 Filters, White</p><p>$21.86 ($21.86 / Count)</p><a href="https://www.amazon.com/dp/B00UTFZAII?tag=eloabder-20&linkCode=osi&th=1&psc=1">View Product</a></div><div class="product"><a href="https://www.amazon.com/dp/B07WHG6J5S?tag=eloabder-20&linkCode=osi&th=1&psc=1"><img src="https://m.media-amazon.com/images/I/41hnaEOxB9L._SL500_.jpg" alt="Product Image"></a><p>KEEPOW Vacuum Filters for Eureka, Power Speed Vacuum Filters Replacement for Eureka NEU182A, NEU182B, NEU280, NEU180, NEU181, NEU188, NEU202 Bagless Upright Vacuum Cleaner, Part E0202 (4 Pack)</p><p>$9.99 ($2.50 / Count)</p><a href="https://www.amazon.com/dp/B07WHG6J5S?tag=eloabder-20&linkCode=osi&th=1&psc=1">View Product</a></div><div class="product"><a href="https://www.amazon.com/dp/B00UTFZB82?tag=eloabder-20&linkCode=osi&th=1&psc=1"><img src="https://m.media-amazon.com/images/I/41WdlL5T0dL._SL500_.jpg" alt="Product Image"></a><p>Miele AirClean 3D Efficiency Dust Bag, Type FJM, 4 Bags & 2 Filters, White</p><p>$18.99</p><a href="https://www.amazon.com/dp/B00UTFZB82?tag=eloabder-20&linkCode=osi&th=1&psc=1">View Product</a></div><div class="product"><a href="https://www.amazon.com/dp/B09NKP346M?tag=eloabder-20&linkCode=osi&th=1&psc=1"><img src="https://m.media-amazon.com/images/I/41o25nqkODL._SL500_.jpg" alt="Product Image"></a><p>Anewise 6 Pack Filter Replacement for Bissell Powerforce Compact Lightweight Upright 2112 1520 for Bissel Turbo Bagless 2690 Cleanview 3437 3508 Vacuum Cleaner, Compare to Parts #1604896/160-4896</p><p>$12.99</p><a href="https://www.amazon.com/dp/B09NKP346M?tag=eloabder-20&linkCode=osi&th=1&psc=1">View Product</a></div><div class="product"><a href="https://www.amazon.com/dp/B01MQ5NITB?tag=eloabder-20&linkCode=osi&th=1&psc=1"><img src="https://m.media-amazon.com/images/I/41J6lG4H1bL._SL500_.jpg" alt="Product Image"></a><p>Bissell Style 7 3 Pack Vacuum Cleaner Bags, White, 3 Count</p><p>$8.69 ($2.90 / Count)</p><a href="https://www.amazon.com/dp/B01MQ5NITB?tag=eloabder-20&linkCode=osi&th=1&psc=1">View Product</a></div><div class="product"><a href="https://www.amazon.com/dp/B0CDH1JY5D?tag=eloabder-20&linkCode=osi&th=1&psc=1"><img src="https://m.media-amazon.com/images/I/516DPXu4siL._SL500_.jpg" alt="Product Image"></a><p>4 Pack Replacement Filters Compatiable with Wyze Cordless Vacuum Cleaner, Removable and Washable HEPA Filter Accessories Part Set with 1 Cleaning Brush for Wyze Handheld Cordless Vacuum Cleaner</p><p>$15.99 ($4.00 / Count)</p><a href="https://www.amazon.com/dp/B0CDH1JY5D?tag=eloabder-20&linkCode=osi&th=1&psc=1">View Product</a></div><div class="product"><a href="https://www.amazon.com/dp/B07P3WB37F?tag=eloabder-20&linkCode=osi&th=1&psc=1"><img src="https://m.media-amazon.com/images/I/51WaYrkiVXL._SL500_.jpg" alt="Product Image"></a><p>Miele AirClean 3D Efficiency Dust Bag, Type GN, XL Value Pack, 8 Bags and 4 Filters</p><p>$36.99</p><a href="https://www.amazon.com/dp/B07P3WB37F?tag=eloabder-20&linkCode=osi&th=1&psc=1">View Product</a></div><div class="product"><a href="https://www.amazon.com/dp/B09DSY4Z2T?tag=eloabder-20&linkCode=osi&th=1&psc=1"><img src="https://m.media-amazon.com/images/I/51+ref3EeAL._SL500_.jpg" alt="Product Image"></a><p>Filter Replacement for Tineco A10 A11 Hero A10/A11 Master PURE ONE S11 Series, S12, X Cordless Vacuum Cleaner (3 PACK) â€¦</p><p>$12.99 ($4.33 / Count)</p><a href="https://www.amazon.com/dp/B09DSY4Z2T?tag=eloabder-20&linkCode=osi&th=1&psc=1">View Product</a></div>


<div class="product"><a href="https://www.amazon.com/dp/B0BXRR5QFV?tag=eloabder-20&linkCode=osi&th=1&psc=1"><img src="https://m.media-amazon.com/images/I/41sjdBkCp8L._SL500_.jpg" alt="Product Image"></a><p>AC Infinity CLOUDFORGE T7, Plant Humidifier 15L with VPD Humidity Controls, 10-Level Precision Vaporizer, Extendable Hose, Targeting Pipe, and No-Leak Seal for Grow Tents</p><p>$159.00</p><a href="https://www.amazon.com/dp/B0BXRR5QFV?tag=eloabder-20&linkCode=osi&th=1&psc=1">View Product</a></div><div class="product"><a href="https://www.amazon.com/dp/B01N6MV8SA?tag=eloabder-20&linkCode=osi&th=1&psc=1"><img src="https://m.media-amazon.com/images/I/41hX08+W1xL._SL500_.jpg" alt="Product Image"></a><p>Protec Humidifier Tank Cleaner, 1 Count - Colors May Vary</p><p>$5.98</p><a href="https://www.amazon.com/dp/B01N6MV8SA?tag=eloabder-20&linkCode=osi&th=1&psc=1">View Product</a></div><div class="product"><a href="https://www.amazon.com/dp/B07GXBTH82?tag=eloabder-20&linkCode=osi&th=1&psc=1"><img src="https://m.media-amazon.com/images/I/41ibxK12JPL._SL500_.jpg" alt="Product Image"></a><p>Essick Air 1970-2 Humidifier, 2-Quart Bacteriostatic Treatment, 2 Pack, Clear, 2</p><p>$22.99</p><a href="https://www.amazon.com/dp/B07GXBTH82?tag=eloabder-20&linkCode=osi&th=1&psc=1">View Product</a></div><div class="product"><a href="https://www.amazon.com/dp/B08TTT3K9B?tag=eloabder-20&linkCode=osi&th=1&psc=1"><img src="https://m.media-amazon.com/images/I/41U6j9SexmL._SL500_.jpg" alt="Product Image"></a><p>Leemone Humidifier Cleaner 12 Pack, Demineralization Cleaning Ball, Works in All humidifiers and Fish Tanks, Purifies Water, Prevents Hard Water Build-Up, Eliminates White Dust and Odor</p><p>$14.44</p><a href="https://www.amazon.com/dp/B08TTT3K9B?tag=eloabder-20&linkCode=osi&th=1&psc=1">View Product</a></div>
<div class="product"><a href="https://www.amazon.com/dp/B07YD4XCT3?tag=eloabder-20&linkCode=osi&th=1&psc=1"><img src="https://m.media-amazon.com/images/I/41hR81iKyJL._SL500_.jpg" alt="Product Image"></a><p>Vacplus Moisture Absorber Packets, Fragrance Free(10 Pack), Humidity Packs, Hanging Closet Dehumidifier Bags, Desiccant 9.8OZ</p><p>$21.99</p><a href="https://www.amazon.com/dp/B07YD4XCT3?tag=eloabder-20&linkCode=osi&th=1&psc=1">View Product</a></div><div class="product"><a href="https://www.amazon.com/dp/B09LQF5V5K?tag=eloabder-20&linkCode=osi&th=1&psc=1"><img src="https://m.media-amazon.com/images/I/51Cx5ECAotL._SL500_.jpg" alt="Product Image"></a><p>CLEVAST Moisture Absorbers Packets 10 Pack, Dehumidifier Bags for Closet, Unscented Hanging Humidity Absorber in Wardrobes, Bedrooms, Bathrooms(230g/pack)</p><p>$16.98</p><a href="https://www.amazon.com/dp/B09LQF5V5K?tag=eloabder-20&linkCode=osi&th=1&psc=1">View Product</a></div><div class="product"><a href="https://www.amazon.com/dp/B0B8L9QRW8?tag=eloabder-20&linkCode=osi&th=1&psc=1"><img src="https://m.media-amazon.com/images/I/518LgtpPi8L._SL500_.jpg" alt="Product Image"></a><p>Arm & Hammer Essentials Disposable Moisture Absorber and Odor Eliminator Tub, Fragrance Free, 1 lb, 3-Pack, Attracts and Traps Excess Moisture, Ideal Closet Dehumidifier, White</p><p>$24.94 ($0.52 / Ounce)</p><a href="https://www.amazon.com/dp/B0B8L9QRW8?tag=eloabder-20&linkCode=osi&th=1&psc=1">View Product</a></div><div class="product"><a href="https://www.amazon.com/dp/B09W9TPJGZ?tag=eloabder-20&linkCode=osi&th=1&psc=1"><img src="https://m.media-amazon.com/images/I/51pVTVMwHbL._SL500_.jpg" alt="Product Image"></a><p>THECOSKY Dehumidifier and Air Purifier Combo,HEPA H13 Filter and Negative Air Ion Function,54oz(1.6L) Water Tank with Drain Hose,24hrs Auto-Off Timer,Idea for Bedroom,Bathroom,Closet,RV</p><p>$109.99</p><a href="https://www.amazon.com/dp/B09W9TPJGZ?tag=eloabder-20&linkCode=osi&th=1&psc=1">View Product</a></div><div class="product"><a href="https://www.amazon.com/dp/B0CXDG65LZ?tag=eloabder-20&linkCode=osi&th=1&psc=1"><img src="https://m.media-amazon.com/images/I/41HNflmbKHL._SL500_.jpg" alt="Product Image"></a><p>14 x 17.5 x1.75 MERV 13 Replacement Dehumidifier Filter Compatible with Santa Fe Advance90, Advance100, Advance120, Honeywell DR90 & DR120 dehumidifier models, 2 Pack</p><p>$42.99</p><a href="https://www.amazon.com/dp/B0CXDG65LZ?tag=eloabder-20&linkCode=osi&th=1&psc=1">View Product</a></div>
<div class="product"><a href="https://www.amazon.com/dp/B088B921NQ?tag=eloabder-20&linkCode=osi&th=1&psc=1"><img src="https://m.media-amazon.com/images/I/612e4cT3RYL._SL500_.jpg" alt="Product Image"></a><p>ULTTY H13 HEPA Replacement Filter with Medical Coating, True HEPA Filter For R021/ R020 Purifying Fan, Medium</p><p>$29.99</p><a href="https://www.amazon.com/dp/B088B921NQ?tag=eloabder-20&linkCode=osi&th=1&psc=1">View Product</a></div><div class="product"><a href="https://www.amazon.com/dp/B0D2MZ4Y7Z?tag=eloabder-20&linkCode=osi&th=1&psc=1"><img src="https://m.media-amazon.com/images/I/51KgTHizWyL._SL500_.jpg" alt="Product Image"></a><p>Butto 5-Pack Ceiling Fan Filters for Blades - Strong Adhesive Ceiling Fan Filters for Common Household Contaminants - Unscented Coconut Carbon Fan Air Purifier Pads to Make Air Fresh and Natural</p><p>$9.98</p><a href="https://www.amazon.com/dp/B0D2MZ4Y7Z?tag=eloabder-20&linkCode=osi&th=1&psc=1">View Product</a></div><div class="product"><a href="https://www.amazon.com/dp/B0C42HCM21?tag=eloabder-20&linkCode=osi&th=1&psc=1"><img src="https://m.media-amazon.com/images/I/31jk3lpoygL._SL500_.jpg" alt="Product Image"></a><p>Barnakl Ceiling Fan Filters | Activated Coconut Shell Carbon Filter | Easy-Stick Universal Ceiling Fan Air Filters | Unscented Ceiling Fan Blade Filters for Common Household Contaminants, (3-Count)</p><p>$19.99 ($6.66 / Count)</p><a href="https://www.amazon.com/dp/B0C42HCM21?tag=eloabder-20&linkCode=osi&th=1&psc=1">View Product</a></div>
<div class="product"><a href="https://www.amazon.com/dp/B08LZWP29P?tag=eloabder-20&linkCode=osi&th=1&psc=1"><img src="https://m.media-amazon.com/images/I/41NLuzzFW9L._SL500_.jpg" alt="Product Image"></a><p>Chromex Tankless Water Heater Descaling Solution | Highly Effective Descaler Restores Heating Efficiency, Quart, 32 fl oz (1)</p><p>$26.99</p><a href="https://www.amazon.com/dp/B08LZWP29P?tag=eloabder-20&linkCode=osi&th=1&psc=1">View Product</a></div>

<div class="product"><a href="https://www.amazon.com/dp/B005UO4OWQ?tag=eloabder-20&linkCode=osi&th=1&psc=1"><img src="https://m.media-amazon.com/images/I/41oQPKFofoL._SL500_.jpg" alt="Product Image"></a><p>Bissell 203-7458 Brushroll, Bg10/86T3, Black</p><p>$21.26 ($21.26 / Count)</p><a href="https://www.amazon.com/dp/B005UO4OWQ?tag=eloabder-20&linkCode=osi&th=1&psc=1">View Product</a></div>





















<div class="product"><a href="https://www.amazon.com/dp/B0014J7FUY?tag=eloabder-20&linkCode=osi&th=1&psc=1"><img src="https://m.media-amazon.com/images/I/31QrM+IPxOL._SL500_.jpg" alt="Product Image"></a><p>Urnex Grindz Professional Coffee Grinder Cleaning Tablets - 430 Grams - All Natural Food Safe Gluten Free - Cleans Burr and Casing - Help Extend Life of Your Grinder</p><p>$25.99 ($1.71 / Ounce)</p><a href="https://www.amazon.com/dp/B0014J7FUY?tag=eloabder-20&linkCode=osi&th=1&psc=1">View Product</a></div>



<div class="product"><a href="https://www.amazon.com/dp/B0CHW317SG?tag=eloabder-20&linkCode=osi&th=1&psc=1"><img src="https://m.media-amazon.com/images/I/41Qd5Iu3qBL._SL500_.jpg" alt="Product Image"></a><p>EUHOMY 55 Can Beverage Refrigerator cooler-Mini Fridge Glass Door for Beer Drinks Wines, Freestanding Beverage Fridge with Adjustable Shelves Blue LED for Home/Office/Dorm/Bar (1.3cu.ft)</p><p>$128.99</p><a href="https://www.amazon.com/dp/B0CHW317SG?tag=eloabder-20&linkCode=osi&th=1&psc=1">View Product</a></div>

<div class="product"><a href="https://www.amazon.com/dp/B099CN2MRK?tag=eloabder-20&linkCode=osi&th=1&psc=1"><img src="https://m.media-amazon.com/images/I/31CvUCIUX5L._SL500_.jpg" alt="Product Image"></a><p>Genuine PuroAir 240 Replacement Filter - Replacement HEPA Filter for PuroAir 240 Purifier - Captures up to 99% of Pollen, Smoke, Pollen, Dust and Common Household Pollutants</p><p>$48.00</p><a href="https://www.amazon.com/dp/B099CN2MRK?tag=eloabder-20&linkCode=osi&th=1&psc=1">View Product</a></div><div class="product"><a href="https://www.amazon.com/dp/B0055521W0?tag=eloabder-20&linkCode=osi&th=1&psc=1"><img src="https://m.media-amazon.com/images/I/41Hs7ixdyXL._SL500_.jpg" alt="Product Image"></a><p>GermGuardian Filter B HEPA Pure Genuine Air Purifier Replacement Filter, Removes 99.97% of Pollutants for AC4825, AC4300, AC4900, AC4825DLX, AC4850, CDAP4500, AP2200, Black/Yellow, FLT4825</p><p>$17.90 ($17.90 / Count)</p><a href="https://www.amazon.com/dp/B0055521W0?tag=eloabder-20&linkCode=osi&th=1&psc=1">View Product</a></div><div class="product"><a href="https://www.amazon.com/dp/B0BNMYKZPV?tag=eloabder-20&linkCode=osi&th=1&psc=1"><img src="https://m.media-amazon.com/images/I/41-K3mB6KkL._SL500_.jpg" alt="Product Image"></a><p>2 Pack True HEPA KILO Filter Compatible with Afloia KILO, KILOPLUS, KILOPRO, MIRO,MIRO PRO and MORENTO MR-Kilo, Kalo Air Purifier, 360Â° 3-Stage Filtration</p><p>$34.99 ($17.50 / Count)</p><a href="https://www.amazon.com/dp/B0BNMYKZPV?tag=eloabder-20&linkCode=osi&th=1&psc=1">View Product</a></div><div class="product"><a href="https://www.amazon.com/dp/B0D3M4Y9W7?tag=eloabder-20&linkCode=osi&th=1&psc=1"><img src="https://m.media-amazon.com/images/I/41tzW+mkZuL._SL500_.jpg" alt="Product Image"></a><p>Breshair 14 True HEPA Filter Replacement Compatible with PuroAir 240 Air Purifier, 3-in-1 Filtration System with Activated Carbon Filter, 2-Pack</p><p>$31.56 ($15.78 / Count)</p><a href="https://www.amazon.com/dp/B0D3M4Y9W7?tag=eloabder-20&linkCode=osi&th=1&psc=1">View Product</a></div><div class="product"><a href="https://www.amazon.com/dp/B0CB18MVX6?tag=eloabder-20&linkCode=osi&th=1&psc=1"><img src="https://m.media-amazon.com/images/I/519ZmmLOrzL._SL500_.jpg" alt="Product Image"></a><p>2 Pack 3-in-1 H13 True HEPA Replacement Filter Compatible with Pure Enrichment PureZone Air Purifier Part# PEAIRPLG</p><p>$23.99 ($12.00 / Count)</p><a href="https://www.amazon.com/dp/B0CB18MVX6?tag=eloabder-20&linkCode=osi&th=1&psc=1">View Product</a></div><div class="product"><a href="https://www.amazon.com/dp/B08JTZMRML?tag=eloabder-20&linkCode=osi&th=1&psc=1"><img src="https://m.media-amazon.com/images/I/51yx60sCjHL._SL500_.jpg" alt="Product Image"></a><p>6 Pack HPA300 HEPA Filter Replacement for Honeywell HPA300 Series Air Purifiers HPA300, HPA300VP, HPA304, HPA3300, Replace HRF-R3 (6 Ture HEPA R Replacement Filter + 8 Activated Carbon Pre-Filter)</p><p>$47.99 ($3.43 / Count)</p><a href="https://www.amazon.com/dp/B08JTZMRML?tag=eloabder-20&linkCode=osi&th=1&psc=1">View Product</a></div><div class="product"><a href="https://www.amazon.com/dp/B0CF1GLSYS?tag=eloabder-20&linkCode=osi&th=1&psc=1"><img src="https://m.media-amazon.com/images/I/41709EXRzXL._SL500_.jpg" alt="Product Image"></a><p>CHIVALZ 4 Pack HY4866 True HEPA Replacement Filters Compatible with MORENTO HY4866 Air Purifier, WESTHEY HY4866 Air Purifier and YIOU M1 Air Cleaner Purifier, Original Version</p><p>$39.99 ($10.00 / Count)</p><a href="https://www.amazon.com/dp/B0CF1GLSYS?tag=eloabder-20&linkCode=osi&th=1&psc=1">View Product</a></div>







<div class="product"><a href="https://www.amazon.com/dp/B0CYKMFKR9?tag=eloabder-20&linkCode=osi&th=1&psc=1"><img src="https://m.media-amazon.com/images/I/316zU-ozoxL._SL500_.jpg" alt="Product Image"></a><p>Air Purifier Replacement Filter for Space Heater Bladeless Fan</p><p>$29.99</p><a href="https://www.amazon.com/dp/B0CYKMFKR9?tag=eloabder-20&linkCode=osi&th=1&psc=1">View Product</a></div>
<div class="product"><a href="https://www.amazon.com/dp/B07MRH6VY7?tag=eloabder-20&linkCode=osi&th=1&psc=1"><img src="https://m.media-amazon.com/images/I/51g-nuN4A5L._SL500_.jpg" alt="Product Image"></a><p>Colorfullife Replacement Air Purifier Filter for Dyson Tower Purifier Pure Cool Link TP01, TP02, TP03, BP01, Compare to Part 968126-03ï¼Œ2 Pack</p><p>$26.99</p><a href="https://www.amazon.com/dp/B07MRH6VY7?tag=eloabder-20&linkCode=osi&th=1&psc=1">View Product</a></div><div class="product"><a href="https://www.amazon.com/dp/B07TX5SW7J?tag=eloabder-20&linkCode=osi&th=1&psc=1"><img src="https://m.media-amazon.com/images/I/512Kn+cPglL._SL500_.jpg" alt="Product Image"></a><p>TP01 HEPA Filter Replacement Compatible with Dyson Tower Purifier Pure Cool Link TP01, TP02, TP03, AM11, BP01 Models, Compare to Part # 968126-03 (Pack of 2)</p><p>$27.95 ($13.98 / Count)</p><a href="https://www.amazon.com/dp/B07TX5SW7J?tag=eloabder-20&linkCode=osi&th=1&psc=1">View Product</a></div><div class="product"><a href="https://www.amazon.com/dp/B0CC24GZGB?tag=eloabder-20&linkCode=osi&th=1&psc=1"><img src="https://m.media-amazon.com/images/I/41woNpZ9VgL._SL500_.jpg" alt="Product Image"></a><p>TP01 TP02 Filter Compatible with Dyson Pure Cool Link Purifying Tower Fan TP00 TP03 AM11 and Cool Me BP01 Personal Series, 360Â° Air Purifier Filter Replacement 968126-03, 1-Pack</p><p>$25.99</p><a href="https://www.amazon.com/dp/B0CC24GZGB?tag=eloabder-20&linkCode=osi&th=1&psc=1">View Product</a></div><div class="product"><a href="https://www.amazon.com/dp/B0CX23N2JJ?tag=eloabder-20&linkCode=osi&th=1&psc=1"><img src="https://m.media-amazon.com/images/I/3145hmd5j7L._SL500_.jpg" alt="Product Image"></a><p>Dreo Air Purifiers Replacement Filter, HEPA Filter for Dreo Purifier Tower Fan MC710S, with 2 Stage Filtration, Black, Standard(DR-HPA019)</p><p>$39.99</p><a href="https://www.amazon.com/dp/B0CX23N2JJ?tag=eloabder-20&linkCode=osi&th=1&psc=1">View Product</a></div>










<div class="product"><a href="https://www.amazon.com/dp/B001U0OJ7O?tag=eloabder-20&linkCode=osi&th=1&psc=1"><img src="https://m.media-amazon.com/images/I/41XEg3QV-wL._SL500_.jpg" alt="Product Image"></a><p>Whirlpool W10165294RB 15-Inch Plastic Trash Compactor ct, 60 Bags, Count</p><p>$48.34</p><a href="https://www.amazon.com/dp/B001U0OJ7O?tag=eloabder-20&linkCode=osi&th=1&psc=1">View Product</a></div><div class="product"><a href="https://www.amazon.com/dp/B0CC3V4ZZ4?tag=eloabder-20&linkCode=osi&th=1&psc=1"><img src="https://m.media-amazon.com/images/I/31bbvodHnjL._SL500_.jpg" alt="Product Image"></a><p>Waste Smasher- Hand-Held Manual Trash Compactor Dishwasher Safe Black</p><p>$24.95</p><a href="https://www.amazon.com/dp/B0CC3V4ZZ4?tag=eloabder-20&linkCode=osi&th=1&psc=1">View Product</a></div><div class="product"><a href="https://www.amazon.com/dp/B00IYO5914?tag=eloabder-20&linkCode=osi&th=1&psc=1"><img src="https://m.media-amazon.com/images/I/51SLpTXIYNL._SL500_.jpg" alt="Product Image"></a><p>Kitchen Master Super Strong Compactor Bags Pre Cuffed (12 Pack)</p><p>$34.95</p><a href="https://www.amazon.com/dp/B00IYO5914?tag=eloabder-20&linkCode=osi&th=1&psc=1">View Product</a></div><div class="product"><a href="https://www.amazon.com/dp/B075DJ4ZVQ?tag=eloabder-20&linkCode=osi&th=1&psc=1"><img src="https://m.media-amazon.com/images/I/51Vaek4I89L._SL500_.jpg" alt="Product Image"></a><p>Dano Pre-Cuffed Compactor Bags</p><p>$32.95 ($2.75 / Count)</p><a href="https://www.amazon.com/dp/B075DJ4ZVQ?tag=eloabder-20&linkCode=osi&th=1&psc=1">View Product</a></div><div class="product"><a href="https://www.amazon.com/dp/B0C2DCVCBJ?tag=eloabder-20&linkCode=osi&th=1&psc=1"><img src="https://m.media-amazon.com/images/I/51072CtaKuL._SL500_.jpg" alt="Product Image"></a><p>60-pack W10165294RB Trash Compactor Bags - leak-proof trash compactor bags for kitchen 60-ct 15 inches - Fits 15-inch Rectangular Drawer Compactors</p><p>$45.99 ($0.77 / Count)</p><a href="https://www.amazon.com/dp/B0C2DCVCBJ?tag=eloabder-20&linkCode=osi&th=1&psc=1">View Product</a></div><div class="product"><a href="https://www.amazon.com/dp/B001U0OJ7E?tag=eloabder-20&linkCode=osi&th=1&psc=1"><img src="https://m.media-amazon.com/images/I/41c0z26RyvL._SL500_.jpg" alt="Product Image"></a><p>Whirlpool W10165293RB Genuine OEM 60 Pack-Plastic Compactor Bags-18" Models â€“ 1394369, 4178058, 4318932, 4318933, 4318935, 4318937, 4318939, AH1964576, EA1964576, PS1964576</p><p>$48.64 ($0.81 / Count)</p><a href="https://www.amazon.com/dp/B001U0OJ7E?tag=eloabder-20&linkCode=osi&th=1&psc=1">View Product</a></div><div class="product"><a href="https://www.amazon.com/dp/B00W27J16S?tag=eloabder-20&linkCode=osi&th=1&psc=1"><img src="https://m.media-amazon.com/images/I/41RaOjAGlrL._SL500_.jpg" alt="Product Image"></a><p>Compactor Bags Pre Cuffed (50 Pack)</p><p>$84.95 ($1.70 / count)</p><a href="https://www.amazon.com/dp/B00W27J16S?tag=eloabder-20&linkCode=osi&th=1&psc=1">View Product</a></div><div class="product"><a href="https://www.amazon.com/dp/B00MOCYY2W?tag=eloabder-20&linkCode=osi&th=1&psc=1"><img src="https://m.media-amazon.com/images/I/41SH8mDsAnL._SL500_.jpg" alt="Product Image"></a><p>GE WX60X1 Genuine OEM Universal Trash Compactor Bags for GE Trash Compactors</p><p>$19.00</p><a href="https://www.amazon.com/dp/B00MOCYY2W?tag=eloabder-20&linkCode=osi&th=1&psc=1">View Product</a></div><div class="product"><a href="https://www.amazon.com/dp/B0D7SFSTNG?tag=eloabder-20&linkCode=osi&th=1&psc=1"><img src="https://m.media-amazon.com/images/I/41szt9tZJPL._SL500_.jpg" alt="Product Image"></a><p>4PCS Trash Compactor Charcoal Air Filter Fit for Whirlpool/KitchenAid/Maytag/Jenn-Air/Amana/Inglis/Magic Chef Trash Compactor, Replaces 4151750 554358 WP4151750 AP6009134 PS11742279</p><p>$23.59 ($5.90 / Count)</p><a href="https://www.amazon.com/dp/B0D7SFSTNG?tag=eloabder-20&linkCode=osi&th=1&psc=1">View Product</a></div>
<div class="product"><a href="https://www.amazon.com/dp/B0CGLX5ZB9?tag=eloabder-20&linkCode=osi&th=1&psc=1"><img src="https://m.media-amazon.com/images/I/51qeRZQS98L._SL500_.jpg" alt="Product Image"></a><p>Spare Replacement Parts Compatible with MAMNV BR150 BR151, ZCWA BR150 BR151, MANVINS G20 Robot Vacuum and Mop Combo Accessories Include: 3 Hepa Filters 3 Mop Pads 6 Side Spin Brushes</p><p>$9.98</p><a href="https://www.amazon.com/dp/B0CGLX5ZB9?tag=eloabder-20&linkCode=osi&th=1&psc=1">View Product</a></div><div class="product"><a href="https://www.amazon.com/dp/B0B28DGZBG?tag=eloabder-20&linkCode=osi&th=1&psc=1"><img src="https://m.media-amazon.com/images/I/51ooMN4RqML._SL500_.jpg" alt="Product Image"></a><p>Replacement Parts for Shark AI AV2511AE AV2501S AV2610WA AV2501AE RV2502AE RV2610WA RV2520 AV2510 2-In-1 AI Ultra Robot Vacuum Cleaner Accessories Kits. Main Brush, HEPA Filter, Foam Filter,Side Brush</p><p>$19.99 ($1.05 / Count)</p><a href="https://www.amazon.com/dp/B0B28DGZBG?tag=eloabder-20&linkCode=osi&th=1&psc=1">View Product</a></div><div class="product"><a href="https://www.amazon.com/dp/B0782T7L6P?tag=eloabder-20&linkCode=osi&th=1&psc=1"><img src="https://m.media-amazon.com/images/I/41hTVkuzMJL._SL500_.jpg" alt="Product Image"></a><p>10pcs HEPA Filters Replacement for ILIFE V3s V3s pro V5 V5s V5s Pro V5s Pro 2 V5s Plus Noisz S5 Robotic Vacuum Cleaner ILIFE V3s pro Filters ILIFE Robot Vacuum Filter</p><p>$9.80 ($0.98 / Count)</p><a href="https://www.amazon.com/dp/B0782T7L6P?tag=eloabder-20&linkCode=osi&th=1&psc=1">View Product</a></div><div class="product"><a href="https://www.amazon.com/dp/B0CXLVHTTC?tag=eloabder-20&linkCode=osi&th=1&psc=1"><img src="https://m.media-amazon.com/images/I/51BT3phYzKL._SL500_.jpg" alt="Product Image"></a><p>HUIZHEN Spare Accessories for MAMNV BR150/BR151, for ZCWA BR150/BR151, for MANVINS G20,for GTTVO BR150/BR151,for ONSON BR150/BR151 Robot Vacuum Replacement Parts,6 Side Brush,4 HEPA Filters,4 Mop Pads</p><p>$9.99</p><a href="https://www.amazon.com/dp/B0CXLVHTTC?tag=eloabder-20&linkCode=osi&th=1&psc=1">View Product</a></div><div class="product"><a href="https://www.amazon.com/dp/B08RYDDQL8?tag=eloabder-20&linkCode=osi&th=1&psc=1"><img src="https://m.media-amazon.com/images/I/314Xd7+oBXL._SL500_.jpg" alt="Product Image"></a><p>AirClean 4 Pack 3.7" High Replacement Base Pre-Motor Foam Filters Compatible with Shark IQ Robot Vacuum R101AE RV1001AE UR1005AE Self-Empty Base</p><p>$12.99 ($3.25 / Count)</p><a href="https://www.amazon.com/dp/B08RYDDQL8?tag=eloabder-20&linkCode=osi&th=1&psc=1">View Product</a></div><div class="product"><a href="https://www.amazon.com/dp/B0CJLHJ557?tag=eloabder-20&linkCode=osi&th=1&psc=1"><img src="https://m.media-amazon.com/images/I/41iQm8hUjiL._SL500_.jpg" alt="Product Image"></a><p>Replacement Parts Compatible with WYZE Robot Vacuum Cleaner WVCR200S Accessories, 2 Main Brushes, 6 Hepa Filters, 8 Side Brushes Attachment Spare Pack</p><p>$14.99 ($0.94 / Count)</p><a href="https://www.amazon.com/dp/B0CJLHJ557?tag=eloabder-20&linkCode=osi&th=1&psc=1">View Product</a></div>
<div class="product"><a href="https://www.amazon.com/dp/B0C4595Q8P?tag=eloabder-20&linkCode=osi&th=1&psc=1"><img src="https://m.media-amazon.com/images/I/51k23SAtRxL._SL500_.jpg" alt="Product Image"></a><p>4 Pack FSV001 HEPA Filter Compatiable with Fabuletta FSV101, FSV001, Girnoor G160&G165, Afoddon A300, Lubluelu 202, Oraimo Cordless Vacuum Cleaner, Besswin W26 Cordless Stick Vacuum Cleaners</p><p>$15.99 ($4.00 / Count)</p><a href="https://www.amazon.com/dp/B0C4595Q8P?tag=eloabder-20&linkCode=osi&th=1&psc=1">View Product</a></div>
<div class="product"><a href="https://www.amazon.com/dp/B0BNKJX96X?tag=eloabder-20&linkCode=osi&th=1&psc=1"><img src="https://m.media-amazon.com/images/I/41OPeLFppoL._SL500_.jpg" alt="Product Image"></a><p>6 PACK 2033 Replacement Filter Compatible with Bissell Featherweight Stick Lightweight Bagless Vacuum Cleaner 20331, 20333, 20334, 20336, 20339, 2033M,6 Mesh Filter 6 Foam Filters, Replace # 1611508</p><p>$14.99 ($2.50 / Count)</p><a href="https://www.amazon.com/dp/B0BNKJX96X?tag=eloabder-20&linkCode=osi&th=1&psc=1">View Product</a></div><div class="product"><a href="https://www.amazon.com/dp/B0CMBWLTSM?tag=eloabder-20&linkCode=osi&th=1&psc=1"><img src="https://m.media-amazon.com/images/I/41PHqKaLTDL._SL500_.jpg" alt="Product Image"></a><p>18V ONE + Cordless Pet Stick Vacuum Filter for Ryobi, PCL720, PBLSV716, PBLSV717 Stick Vacuum, Reusable Washable Filters, Compare to Part A32SV720N, 6 Pack</p><p>$15.99 ($2.66 / Count)</p><a href="https://www.amazon.com/dp/B0CMBWLTSM?tag=eloabder-20&linkCode=osi&th=1&psc=1">View Product</a></div><div class="product"><a href="https://www.amazon.com/dp/B0CXDYWWT9?tag=eloabder-20&linkCode=osi&th=1&psc=1"><img src="https://m.media-amazon.com/images/I/41F1csTT8jL._SL500_.jpg" alt="Product Image"></a><p>2 Replacement Filters for Craftsman V20 Cordless Stick Vacuum CMCVS001D1, for Black Decker BSVF1 BSV2020 BSV2020G BSV2020P Cordless Stick Vacuum Cleaner with 1 Cleaning Brush</p><p>$14.99</p><a href="https://www.amazon.com/dp/B0CXDYWWT9?tag=eloabder-20&linkCode=osi&th=1&psc=1">View Product</a></div><div class="product"><a href="https://www.amazon.com/dp/B0CCJ5N5DH?tag=eloabder-20&linkCode=osi&th=1&psc=1"><img src="https://m.media-amazon.com/images/I/41xmhDPqk8L._SL500_.jpg" alt="Product Image"></a><p>Aolleteau 1 Pack Brush Roller Compatible with Black + Decker BSV2020, BSV2020P, BSV2020G Powerseries Extreme Cordless Stick Vacuum and Compatible with Craftsman V20 Cordless Stick Vacuum CMCVS001D1</p><p>$17.99</p><a href="https://www.amazon.com/dp/B0CCJ5N5DH?tag=eloabder-20&linkCode=osi&th=1&psc=1">View Product</a></div><div class="product"><a href="https://www.amazon.com/dp/B0CQY61LFD?tag=eloabder-20&linkCode=osi&th=1&psc=1"><img src="https://m.media-amazon.com/images/I/31swBBC444L._SL500_.jpg" alt="Product Image"></a><p>Tablenco for Shark HZ602 Filter Replacement Ultralight Pet Pro Corded Stick Vacuum and HZ2002 Vertex DuoClean PowerFins fit HZ2000 HZ251 HZ250 HH200 HH202,4 Foam Felt 4 Motor Kit (No cleaning brush)</p><p>$9.98</p><a href="https://www.amazon.com/dp/B0CQY61LFD?tag=eloabder-20&linkCode=osi&th=1&psc=1">View Product</a></div><div class="product"><a href="https://www.amazon.com/dp/B09Q55KW8W?tag=eloabder-20&linkCode=osi&th=1&psc=1"><img src="https://m.media-amazon.com/images/I/51MKsJy6nSL._SL500_.jpg" alt="Product Image"></a><p>Anicell 2033 Featherweight Filter for Bissell Featherweight Stick Lightweight Bagless Vacuum 20331 20333 20334 20336 20339 2033M, 4 Mesh Filters 6 Foam Filters Replacement, Replace part# 1611508</p><p>$11.99</p><a href="https://www.amazon.com/dp/B09Q55KW8W?tag=eloabder-20&linkCode=osi&th=1&psc=1">View Product</a></div><div class="product"><a href="https://www.amazon.com/dp/B0CDVG7LHD?tag=eloabder-20&linkCode=osi&th=1&psc=1"><img src="https://m.media-amazon.com/images/I/41hjN1Te6sL._SL500_.jpg" alt="Product Image"></a><p>Moreffi 3 Pack Filter Replacement For HART Cordless Stick Vacuum HPSV01 and HPSV50, Compare to Part Number HASV01</p><p>$19.99 ($6.66 / Count)</p><a href="https://www.amazon.com/dp/B0CDVG7LHD?tag=eloabder-20&linkCode=osi&th=1&psc=1">View Product</a></div>
<div class="product"><a href="https://www.amazon.com/dp/B07DQ9TZC8?tag=eloabder-20&linkCode=osi&th=1&psc=1"><img src="https://m.media-amazon.com/images/I/41PHyZ20FuL._SL500_.jpg" alt="Product Image"></a><p>Kenmore 53294 Style O HEPA Cloth Vacuum Bags for Kenmore Upright Vacuum Cleaners 6 Pack,White</p><p>$20.99 ($3.50 / Count)</p><a href="https://www.amazon.com/dp/B07DQ9TZC8?tag=eloabder-20&linkCode=osi&th=1&psc=1">View Product</a></div><div class="product"><a href="https://www.amazon.com/dp/B08MXVTTT2?tag=eloabder-20&linkCode=osi&th=1&psc=1"><img src="https://m.media-amazon.com/images/I/41T6wRpIMzL._SL500_.jpg" alt="Product Image"></a><p>Kenmore IB600 HEPA Replacement Intuition Upright Vacuum Cleaner Bags for BU4022, BU4020, BU4018, BU4050, BU3040,White</p><p>$18.75</p><a href="https://www.amazon.com/dp/B08MXVTTT2?tag=eloabder-20&linkCode=osi&th=1&psc=1">View Product</a></div><div class="product"><a href="https://www.amazon.com/dp/B01010JVYO?tag=eloabder-20&linkCode=osi&th=1&psc=1"><img src="https://m.media-amazon.com/images/I/51Anluh47GL._SL500_.jpg" alt="Product Image"></a><p>EnviroCare Replacement Micro Filtration Vacuum Cleaner Dust Bags Designed to fit Hoover Windtunnel Upright Type Y 9 pack</p><p>$9.89 ($1.10 / Count)</p><a href="https://www.amazon.com/dp/B01010JVYO?tag=eloabder-20&linkCode=osi&th=1&psc=1">View Product</a></div><div class="product"><a href="https://www.amazon.com/dp/B0D5CP3WBY?tag=eloabder-20&linkCode=osi&th=1&psc=1"><img src="https://m.media-amazon.com/images/I/31MaGmsVOwL._SL500_.jpg" alt="Product Image"></a><p>Bagless Upright Kenmore Vacuum HEPA Filters, Compatible with Foam Filters, Felt Filters and Upright vacuum cleaner for Models K4010,DU2015,DU2012(includes 1 Hepa Filters,2 Foam and 2 Felt Filters)</p><p>$12.99</p><a href="https://www.amazon.com/dp/B0D5CP3WBY?tag=eloabder-20&linkCode=osi&th=1&psc=1">View Product</a></div><div class="product"><a href="https://www.amazon.com/dp/B0CBFV28WX?tag=eloabder-20&linkCode=osi&th=1&psc=1"><img src="https://m.media-amazon.com/images/I/51LIYI0wXSL._SL500_.jpg" alt="Product Image"></a><p>16 Packs Vacuum Bags for Oreck Type CC, Compatible with All Oreck XL Upright Vacuum Cleaner - Replaces Part # CCPK8DW</p><p>$21.99 ($1.37 / Count)</p><a href="https://www.amazon.com/dp/B0CBFV28WX?tag=eloabder-20&linkCode=osi&th=1&psc=1">View Product</a></div><div class="product"><a href="https://www.amazon.com/dp/B00F9GQMHA?tag=eloabder-20&linkCode=osi&th=1&psc=1"><img src="https://m.media-amazon.com/images/I/51lhelurelL._SL500_.jpg" alt="Product Image"></a><p>EnviroCare Replacement Premium Vacuum Cleaner Dust Bags made to fit Eureka F&G Uprights 9 bags</p><p>$11.09</p><a href="https://www.amazon.com/dp/B00F9GQMHA?tag=eloabder-20&linkCode=osi&th=1&psc=1">View Product</a></div><div class="product"><a href="https://www.amazon.com/dp/B002CI8G1I?tag=eloabder-20&linkCode=osi&th=1&psc=1"><img src="https://m.media-amazon.com/images/I/51PYQrQpbSL._SL500_.jpg" alt="Product Image"></a><p>EnviroCare Replacement Micro Filtration Vacuum Cleaner Dust Bags made to fit Kenmore Upright Type U/L/O 50688 and 50690, Panasonic Type U-2, Miele Type Z. 9 pack</p><p>$9.99</p><a href="https://www.amazon.com/dp/B002CI8G1I?tag=eloabder-20&linkCode=osi&th=1&psc=1">View Product</a></div>
<div class="product"><a href="https://www.amazon.com/dp/B07GNQJ67P?tag=eloabder-20&linkCode=osi&th=1&psc=1"><img src="https://m.media-amazon.com/images/I/41XHnKbgjAL._SL500_.jpg" alt="Product Image"></a><p>Kenmore 53292 Type Q HEPA Replacement Dust Bags for Canister Vacuum 81214, 81414, 81714, 21814, BC2005, BC3005, 81615, BC7005, 6 Count (Pack of 1)</p><p>$13.24 ($2.21 / Count)</p><a href="https://www.amazon.com/dp/B07GNQJ67P?tag=eloabder-20&linkCode=osi&th=1&psc=1">View Product</a></div><div class="product"><a href="https://www.amazon.com/dp/B01L0C0FVK?tag=eloabder-20&linkCode=osi&th=1&psc=1"><img src="https://m.media-amazon.com/images/I/51ZIjbo9NVL._SL500_.jpg" alt="Product Image"></a><p>Envirocare Replacement Vacuum Bags Compatible with Kenmore Canister Type C/Q. 5055, 50557 and 50558 Panasonic Type C-5 Vacuums,15 pack</p><p>$16.16</p><a href="https://www.amazon.com/dp/B01L0C0FVK?tag=eloabder-20&linkCode=osi&th=1&psc=1">View Product</a></div><div class="product"><a href="https://www.amazon.com/dp/B0BTRTP2PM?tag=eloabder-20&linkCode=osi&th=1&psc=1"><img src="https://m.media-amazon.com/images/I/41K295aRv9L._SL500_.jpg" alt="Product Image"></a><p>Vacuum Cleaner Bags Fit for Kenmore Canister Type C/Q 50555 50557 50558 and Type C-5, 10PCs</p><p>$15.99</p><a href="https://www.amazon.com/dp/B0BTRTP2PM?tag=eloabder-20&linkCode=osi&th=1&psc=1">View Product</a></div><div class="product"><a href="https://www.amazon.com/dp/B0CRQYGLZX?tag=eloabder-20&linkCode=osi&th=1&psc=1"><img src="https://m.media-amazon.com/images/I/413iXp+j3ML._SL500_.jpg" alt="Product Image"></a><p>15 Pack Canister Vacuum Cleaner Bags Compatible with Kenmore Canister Type C/Q 5055, 50555, 50557, 50558 and Type C-5, C-18, 53292, 200 Series, 400 Series, 600 Series, 700 Series, 800 Series Vacuum</p><p>$11.69</p><a href="https://www.amazon.com/dp/B0CRQYGLZX?tag=eloabder-20&linkCode=osi&th=1&psc=1">View Product</a></div><div class="product"><a href="https://www.amazon.com/dp/B00QGD3SBI?tag=eloabder-20&linkCode=osi&th=1&psc=1"><img src="https://m.media-amazon.com/images/I/51xw0asyqTL._SL500_.jpg" alt="Product Image"></a><p>EnviroCare Replacement Vacuum Bags made to fit Kenmore Canister Type C or Q 50555, 50558, 50557 and Panasonic Type C-5 Vacuums, 9 pack</p><p>$9.79</p><a href="https://www.amazon.com/dp/B00QGD3SBI?tag=eloabder-20&linkCode=osi&th=1&psc=1">View Product</a></div><div class="product"><a href="https://www.amazon.com/dp/B0CQP9NP5N?tag=eloabder-20&linkCode=osi&th=1&psc=1"><img src="https://m.media-amazon.com/images/I/41WnNkTz8zL._SL500_.jpg" alt="Product Image"></a><p>8 Pack Replacement Vacuum Bags Compatible with Kenmore Canister Type C/Q. 5055, 50104, 50557 and 50558 Panasonic Type C-5 Vacuums</p><p>$9.99 ($1.25 / Count)</p><a href="https://www.amazon.com/dp/B0CQP9NP5N?tag=eloabder-20&linkCode=osi&th=1&psc=1">View Product</a></div>
<div class="product"><a href="https://www.amazon.com/dp/B09M3Y2BHR?tag=eloabder-20&linkCode=osi&th=1&psc=1"><img src="https://m.media-amazon.com/images/I/31tevngai1L._SL500_.jpg" alt="Product Image"></a><p>Ymimi Vacuum Filter Compatible with Eureka WhirlWind Bagless Canister Vacuum Cleaner,Fits NEN110A,NEN110B,NEN110Dï¼ˆ2-Packï¼‰</p><p>$11.99 ($6.00 / Count)</p><a href="https://www.amazon.com/dp/B09M3Y2BHR?tag=eloabder-20&linkCode=osi&th=1&psc=1">View Product</a></div><div class="product"><a href="https://www.amazon.com/dp/B07J1WWBHN?tag=eloabder-20&linkCode=osi&th=1&psc=1"><img src="https://m.media-amazon.com/images/I/51gmkDrnR2L._SL500_.jpg" alt="Product Image"></a><p>Bissell Powerforce Helix Bagless Washable Premotor Filter #1608225, Black</p><p>$7.78</p><a href="https://www.amazon.com/dp/B07J1WWBHN?tag=eloabder-20&linkCode=osi&th=1&psc=1">View Product</a></div><div class="product"><a href="https://www.amazon.com/dp/B0BK64TMMK?tag=eloabder-20&linkCode=osi&th=1&psc=1"><img src="https://m.media-amazon.com/images/I/41OBMvET7eL._SL500_.jpg" alt="Product Image"></a><p>Vacuum Belt Replacement for Bissell Cleanview Swivel Pet Upright Bagless/Powerlifter Vacuum Cleaner, fits model: 2252, 2254, 22543, 2258,2259, 2260,2316, 2739, 1793, Parts # 3031120, 32074</p><p>$6.99</p><a href="https://www.amazon.com/dp/B0BK64TMMK?tag=eloabder-20&linkCode=osi&th=1&psc=1">View Product</a></div><div class="product"><a href="https://www.amazon.com/dp/B0BKKL3WRB?tag=eloabder-20&linkCode=osi&th=1&psc=1"><img src="https://m.media-amazon.com/images/I/410jMe-FjIL._SL500_.jpg" alt="Product Image"></a><p>Aolleteau F1 HEPA Filter Compatible with Dirt Devil Bagless Upright Cleaner Models Extra Lite, Breeze, Featherlite Bagless, Jaguar Bagless,Platinum Force Vision, Scorpion and Vision Bagless (2 Pack)</p><p>$13.99 ($7.00 / Count)</p><a href="https://www.amazon.com/dp/B0BKKL3WRB?tag=eloabder-20&linkCode=osi&th=1&psc=1">View Product</a></div><div class="product"><a href="https://www.amazon.com/dp/B09SG1P4WN?tag=eloabder-20&linkCode=osi&th=1&psc=1"><img src="https://m.media-amazon.com/images/I/51+Mr+Wq5ML._SL500_.jpg" alt="Product Image"></a><p>NEN110A Vacuum Filter, Inlet Frame and Sponge Filter Compatible with Eureka Whirlwind Bagless Canister Vacuum Cleaner, Fits NEN110A, NEN110B, NEN110D(4-Pack)</p><p>$15.99 ($4.00 / Count)</p><a href="https://www.amazon.com/dp/B09SG1P4WN?tag=eloabder-20&linkCode=osi&th=1&psc=1">View Product</a></div>
<div class="product"><a href="https://www.amazon.com/dp/B07GT9VB9X?tag=eloabder-20&linkCode=osi&th=1&psc=1"><img src="https://m.media-amazon.com/images/I/41IokheYtNL._SL500_.jpg" alt="Product Image"></a><p>6 Pack 1940 Bissell Steam Mop Pads for Bissell PowerFresh Steam Mop 1806 1544 1440 2075A 2685A 1940W 19404 Series, Model 19402 19408 1940a 1940f 1940q 1940t B0006 B0017, Part #5938#203-2633</p><p>$16.99 ($2.83 / Count)</p><a href="https://www.amazon.com/dp/B07GT9VB9X?tag=eloabder-20&linkCode=osi&th=1&psc=1">View Product</a></div><div class="product"><a href="https://www.amazon.com/dp/B07H3MYZLD?tag=eloabder-20&linkCode=osi&th=1&psc=1"><img src="https://m.media-amazon.com/images/I/511p6MPxQ0L._SL500_.jpg" alt="Product Image"></a><p>Flammi Steam Pocket Mop Replacement Pads for Shark S3500 Series S3501 S3601 S3550 S3901 SE450 S3801CO S3601D S2901 S2902 Steam Pocket Mop, 4 Pack</p><p>$16.97 ($4.24 / Count)</p><a href="https://www.amazon.com/dp/B07H3MYZLD?tag=eloabder-20&linkCode=osi&th=1&psc=1">View Product</a></div><div class="product"><a href="https://www.amazon.com/dp/B0C8SH97HN?tag=eloabder-20&linkCode=osi&th=1&psc=1"><img src="https://m.media-amazon.com/images/I/31Mex4y7odL._SL500_.jpg" alt="Product Image"></a><p>HOMEXCEL Steam Mop Replacement Pads Compatible with Bissell Powerfresh Steam Mop 1940 1806 1440 1544 Series, Model 19402 19404 19408 2685A 2075A 1940A 1940Q 1940T 1940W, Steam Mop Pads Refills,4 Pack</p><p>$9.99 ($2.50 / Count)</p><a href="https://www.amazon.com/dp/B0C8SH97HN?tag=eloabder-20&linkCode=osi&th=1&psc=1">View Product</a></div><div class="product"><a href="https://www.amazon.com/dp/B0BFWTXS33?tag=eloabder-20&linkCode=osi&th=1&psc=1"><img src="https://m.media-amazon.com/images/I/51pa2h7o0EL._SL500_.jpg" alt="Product Image"></a><p>12 Pack 1940 Steam Mop Replacement Pads for Bissell Powerfresh Steam Mop 1940 1440 1806 1544 2075 2685A 2814 Series, Model 19402 19404 19408 19409 1940A 1940F 1940Q 1940T 1940W B0006 B0017 2075A 15441</p><p>$24.99</p><a href="https://www.amazon.com/dp/B0BFWTXS33?tag=eloabder-20&linkCode=osi&th=1&psc=1">View Product</a></div><div class="product"><a href="https://www.amazon.com/dp/B0CLP5QGTY?tag=eloabder-20&linkCode=osi&th=1&psc=1"><img src="https://m.media-amazon.com/images/I/414HqpKde9L._SL500_.jpg" alt="Product Image"></a><p>10 Pack 1940 1806 2685A Steam Mop Pads For Bissell Powerfresh Steam Mop Deluxe Pet Lift-Off Plus Slim Scrubbing Steam Mop Replacement Pad 1940A 2814 1544A 2075A Power Fresh Steamer Pad Refill Washable</p><p>$22.99 ($2.30 / Count)</p><a href="https://www.amazon.com/dp/B0CLP5QGTY?tag=eloabder-20&linkCode=osi&th=1&psc=1">View Product</a></div><div class="product"><a href="https://www.amazon.com/dp/B078BBKBPV?tag=eloabder-20&linkCode=osi&th=1&psc=1"><img src="https://m.media-amazon.com/images/I/51WcJqtOUIL._SL500_.jpg" alt="Product Image"></a><p>Tidy Monster Steam Mop Replacement Pads Compatible with Bissell Powerfresh Steam Mop 1940 1806 1544 1440 2075A 2685A Series, Part # 5938 & 203-2633, 1606668 & 1606669 (4 Pack Scrub Plush)</p><p>$9.99</p><a href="https://www.amazon.com/dp/B078BBKBPV?tag=eloabder-20&linkCode=osi&th=1&psc=1">View Product</a></div><div class="product"><a href="https://www.amazon.com/dp/B00A6G37SU?tag=eloabder-20&linkCode=osi&th=1&psc=1"><img src="https://m.media-amazon.com/images/I/51xo0LB-SpL._SL500_.jpg" alt="Product Image"></a><p>BISSELL PowerFresh Steam Mop Pads (Pack of 2) with Fragrance discs (4 ct), 5938</p><p>$21.26 ($10.63 / Count)</p><a href="https://www.amazon.com/dp/B00A6G37SU?tag=eloabder-20&linkCode=osi&th=1&psc=1">View Product</a></div>
<div class="product"><a href="https://www.amazon.com/dp/B0D2QFVY7H?tag=eloabder-20&linkCode=osi&th=1&psc=1"><img src="https://m.media-amazon.com/images/I/417B7H+vvML._SL500_.jpg" alt="Product Image"></a><p>Kenmore KS1010 Deep Clean & Revitalize Pet Carpet Cleaner Formula, 64 oz, White, 64 Fl Oz</p><p>$22.73 ($0.36 / Fl Oz)</p><a href="https://www.amazon.com/dp/B0D2QFVY7H?tag=eloabder-20&linkCode=osi&th=1&psc=1">View Product</a></div><div class="product"><a href="https://www.amazon.com/dp/B0BNK8ZJJ1?tag=eloabder-20&linkCode=osi&th=1&psc=1"><img src="https://m.media-amazon.com/images/I/51z0Pc4xcNL._SL500_.jpg" alt="Product Image"></a><p>Bissell Spotlifter Pet Carpet and Upholstery Cleaner with Brush Head - 4 Pack, 93523</p><p>$23.88 ($0.50 / Fl Oz)</p><a href="https://www.amazon.com/dp/B0BNK8ZJJ1?tag=eloabder-20&linkCode=osi&th=1&psc=1">View Product</a></div><div class="product"><a href="https://www.amazon.com/dp/B0CX245D26?tag=eloabder-20&linkCode=osi&th=1&psc=1"><img src="https://m.media-amazon.com/images/I/411CSXvvO1L._SL500_.jpg" alt="Product Image"></a><p>BISSELLÂ® Spot & Stain with Febreze + Gain Original Scent Formula for Little Green Devices, Portable Carpet Cleaners (3968)</p><p>$12.99 ($0.41 / Fl Oz)</p><a href="https://www.amazon.com/dp/B0CX245D26?tag=eloabder-20&linkCode=osi&th=1&psc=1">View Product</a></div><div class="product"><a href="https://www.amazon.com/dp/B083VZW4R5?tag=eloabder-20&linkCode=osi&th=1&psc=1"><img src="https://m.media-amazon.com/images/I/413BULPLmBL._SL500_.jpg" alt="Product Image"></a><p>BISSELL Multi-Surface Pet Formula with Febreze Freshness for Crosswave (80 oz), 2295L</p><p>$22.99 ($0.29 / Fl Oz)</p><a href="https://www.amazon.com/dp/B083VZW4R5?tag=eloabder-20&linkCode=osi&th=1&psc=1">View Product</a></div><div class="product"><a href="https://www.amazon.com/dp/B0D2RGW219?tag=eloabder-20&linkCode=osi&th=1&psc=1"><img src="https://m.media-amazon.com/images/I/41gD+82tnAL._SL500_.jpg" alt="Product Image"></a><p>Vacmaster Clean & Restore Carpet Cleaner Formula â€“ CCS03</p><p>$19.99 ($0.31 / Fl Oz)</p><a href="https://www.amazon.com/dp/B0D2RGW219?tag=eloabder-20&linkCode=osi&th=1&psc=1">View Product</a></div>






<div class="product"><a href="https://www.amazon.com/dp/B0BY64HQTP?tag=eloabder-20&linkCode=osi&th=1&psc=1"><img src="https://m.media-amazon.com/images/I/41hUxHuASYL._SL500_.jpg" alt="Product Image"></a><p>Air Conditioning Motor WZDK13-38G-1(RD-310-13-8) DC Brushless Fan Motor, 13W Inverter air Conditioner Motor DC Motor for Central air Conditioner</p><p>$39.95</p><a href="https://www.amazon.com/dp/B0BY64HQTP?tag=eloabder-20&linkCode=osi&th=1&psc=1">View Product</a></div><div class="product"><a href="https://www.amazon.com/dp/B0CM5YB884?tag=eloabder-20&linkCode=osi&th=1&psc=1"><img src="https://m.media-amazon.com/images/I/310lQ2tAvLL._SL500_.jpg" alt="Product Image"></a><p>Sparkfix OEM WZDK20-38G (ZKFP-20-8-6) Air Conditioner Replacement Motors DC280V 20W Air Conditioning Fan Motor Inverter Air Conditioner Brushless DC Motor 1300RPM CCW</p><p>$42.79</p><a href="https://www.amazon.com/dp/B0CM5YB884?tag=eloabder-20&linkCode=osi&th=1&psc=1">View Product</a></div>













<div class="product"><a href="https://www.amazon.com/dp/B009PCI2JU?tag=eloabder-20&linkCode=osi&th=1&psc=1"><img src="https://m.media-amazon.com/images/I/310ZJurANUL._SL500_.jpg" alt="Product Image"></a><p>GE RPWFE Refrigerator Water Filter | Certified to Reduce Lead, Sulfur, and 50+ Other Impurities | Replace Every 6 Months for Best Results | Pack of 1</p><p>$49.98</p><a href="https://www.amazon.com/dp/B009PCI2JU?tag=eloabder-20&linkCode=osi&th=1&psc=1">View Product</a></div><div class="product"><a href="https://www.amazon.com/dp/B0882ZJ48W?tag=eloabder-20&linkCode=osi&th=1&psc=1"><img src="https://m.media-amazon.com/images/I/41110o9sUoL._SL500_.jpg" alt="Product Image"></a><p>GE XWFE Refrigerator Water Filter | Certified to Reduce Lead, Sulfur, and 50+ Other Impurities | Replace Every 6 Months for Best Results | Pack of 1, White</p><p>$49.00</p><a href="https://www.amazon.com/dp/B0882ZJ48W?tag=eloabder-20&linkCode=osi&th=1&psc=1">View Product</a></div><div class="product"><a href="https://www.amazon.com/dp/B074HLRXMP?tag=eloabder-20&linkCode=osi&th=1&psc=1"><img src="https://m.media-amazon.com/images/I/21oDpGCQXiL._SL500_.jpg" alt="Product Image"></a><p>LG LT1000P - 6 Month / 200 Gallon Capacity Replacement Refrigerator Water Filter (NSF42, NSF53, and NSF401) ADQ74793501, ADQ75795105, or AGF80300704 , White</p><p>$47.00</p><a href="https://www.amazon.com/dp/B074HLRXMP?tag=eloabder-20&linkCode=osi&th=1&psc=1">View Product</a></div><div class="product"><a href="https://www.amazon.com/dp/B01BKWSHHE?tag=eloabder-20&linkCode=osi&th=1&psc=1"><img src="https://m.media-amazon.com/images/I/31E2+zlkvjL._SL500_.jpg" alt="Product Image"></a><p>Frigidaire EPTWFU01 Water Filtration Filter, 1 Count, White</p><p>$42.99</p><a href="https://www.amazon.com/dp/B01BKWSHHE?tag=eloabder-20&linkCode=osi&th=1&psc=1">View Product</a></div><div class="product"><a href="https://www.amazon.com/dp/B08V6JB9R7?tag=eloabder-20&linkCode=osi&th=1&psc=1"><img src="https://m.media-amazon.com/images/I/31PRPEffCZL._SL500_.jpg" alt="Product Image"></a><p>Frigidaire FPPWFU01 PurePour PWF-1 Water Filter 1 Count (Pack of 1)</p><p>$45.81</p><a href="https://www.amazon.com/dp/B08V6JB9R7?tag=eloabder-20&linkCode=osi&th=1&psc=1">View Product</a></div><div class="product"><a href="https://www.amazon.com/dp/B000AST3AK?tag=eloabder-20&linkCode=osi&th=1&psc=1"><img src="https://m.media-amazon.com/images/I/41DUoSxpwTS._SL500_.jpg" alt="Product Image"></a><p>GE MWF Refrigerator Water Filter | Certified to Reduce Lead, Sulfur, and 50+ Other Impurities | Replace Every 6 Months for Best Results | Pack of 1</p><p>$39.98</p><a href="https://www.amazon.com/dp/B000AST3AK?tag=eloabder-20&linkCode=osi&th=1&psc=1">View Product</a></div><div class="product"><a href="https://www.amazon.com/dp/B0CFZR7K8D?tag=eloabder-20&linkCode=osi&th=1&psc=1"><img src="https://m.media-amazon.com/images/I/31WM5sdhKLL._SL500_.jpg" alt="Product Image"></a><p>HMASAV W10295370A water filter replacement, Compatible with EDR1RXD1,EDR1RXD1B,W10295370,Filter 1,WHR1RXD1,KAD1RXD1,P4RFWB,P8RFWB2L,46-9930,46-9081 2PACK</p><p>$29.99 ($15.00 / Count)</p><a href="https://www.amazon.com/dp/B0CFZR7K8D?tag=eloabder-20&linkCode=osi&th=1&psc=1">View Product</a></div><div class="product"><a href="https://www.amazon.com/dp/B07JM9TTTT?tag=eloabder-20&linkCode=osi&th=1&psc=1"><img src="https://m.media-amazon.com/images/I/41CfAtJ8TPL._SL500_.jpg" alt="Product Image"></a><p>GLACIER FRESH LT1000PC Replacement Water Filter, Compatible with LT1000PC/PCS, LT1000PC, LT-1000PC, MDJ64844601, ADQ747935 ADQ74793504 Filter and LT120F ADQ73334008 Fresh Air (3+3)</p><p>$39.99 ($13.33 / Count)</p><a href="https://www.amazon.com/dp/B07JM9TTTT?tag=eloabder-20&linkCode=osi&th=1&psc=1">View Product</a></div><div class="product"><a href="https://www.amazon.com/dp/B003N1ZSYG?tag=eloabder-20&linkCode=osi&th=1&psc=1"><img src="https://m.media-amazon.com/images/I/31Mbrkrxu1L._SL500_.jpg" alt="Product Image"></a><p>SAMSUNG Genuine Filter for Refrigerator Water and Ice, Carbon Block Filtration for Clean, Clear Drinking Water, 6-Month Life, HAF-CIN/EXP, 1 Pack</p><p>$39.99</p><a href="https://www.amazon.com/dp/B003N1ZSYG?tag=eloabder-20&linkCode=osi&th=1&psc=1">View Product</a></div>









<div class="product"><a href="https://www.amazon.com/dp/B0B2NZ47HN?tag=eloabder-20&linkCode=osi&th=1&psc=1"><img src="https://m.media-amazon.com/images/I/41nC6c2XxJL._SL500_.jpg" alt="Product Image"></a><p>OTE Portable Sparkling Water Maker Soda Maker Machine for home with 20PCS Cylinders 450ml Personal seltzer Carbonators Electroless Double Layer PET Bottle BPA Free Double Pressure Relief Valves -Pink</p><p>$49.99</p><a href="https://www.amazon.com/dp/B0B2NZ47HN?tag=eloabder-20&linkCode=osi&th=1&psc=1">View Product</a></div><div class="product"><a href="https://www.amazon.com/dp/B09DY54L7M?tag=eloabder-20&linkCode=osi&th=1&psc=1"><img src="https://m.media-amazon.com/images/I/31LSpnm3G8L._SL500_.jpg" alt="Product Image"></a><p>MOSOLAN Bottle Cleaning Brush, 17 Inches Extra Long Handle Water Bottle Brush, Flexible Bendable Cleaner for Washing Narrow Neck Bottles, Wine Decanter, Kombucha, Pipes, Beer Brewing Supplies, 2 Pack</p><p>$11.95 ($5.98 / Count)</p><a href="https://www.amazon.com/dp/B09DY54L7M?tag=eloabder-20&linkCode=osi&th=1&psc=1">View Product</a></div><div class="product"><a href="https://www.amazon.com/dp/B0736CBNDN?tag=eloabder-20&linkCode=osi&th=1&psc=1"><img src="https://m.media-amazon.com/images/I/41tWXmwP5KL._SL500_.jpg" alt="Product Image"></a><p>#2 Filter Pads (10 Pack Bulk) Compatible with Mini Jet Machine | #2 1.8-2.5 micron | 2 Micron Filtering pads. Filter Wine Beer, Kombucha, Mead Mash. Polishing filtration| Not a Buon Vino product.</p><p>$18.99</p><a href="https://www.amazon.com/dp/B0736CBNDN?tag=eloabder-20&linkCode=osi&th=1&psc=1">View Product</a></div>









<div class="product"><a href="https://www.amazon.com/dp/B07YGN577Y?tag=eloabder-20&linkCode=osi&th=1&psc=1"><img src="https://m.media-amazon.com/images/I/31kfZiyDMUL._SL500_.jpg" alt="Product Image"></a><p>9870163 Trash Power Nut WP9870163 L8</p><p>$50.36</p><a href="https://www.amazon.com/dp/B07YGN577Y?tag=eloabder-20&linkCode=osi&th=1&psc=1">View Product</a></div>

<div class="product"><a href="https://www.amazon.com/dp/B0CWQLM4C7?tag=eloabder-20&linkCode=osi&th=1&psc=1"><img src="https://m.media-amazon.com/images/I/41gTEIOjtlL._SL500_.jpg" alt="Product Image"></a><p>7" Seven Seconds Lazy Kitchen Food Making Tools - Multifunctional Fruit Vegetable Chopper Quick Garlic Peeling Machine Convenient Food Chopper for Slicing,Juice,Grinding</p><p>$32.99</p><a href="https://www.amazon.com/dp/B0CWQLM4C7?tag=eloabder-20&linkCode=osi&th=1&psc=1">View Product</a></div>







<div class="product"><a href="https://www.amazon.com/dp/B0CNKFM9WR?tag=eloabder-20&linkCode=osi&th=1&psc=1"><img src="https://m.media-amazon.com/images/I/31sGGIDic9L._SL500_.jpg" alt="Product Image"></a><p>hobbyme Pack of 4 Plastic Coffee Scoops with Brush & Espresso Grinder Brush for Ground Coffee Cleaning Tea Power Coffee Grinder Spoon</p><p>$6.49</p><a href="https://www.amazon.com/dp/B0CNKFM9WR?tag=eloabder-20&linkCode=osi&th=1&psc=1">View Product</a></div>















<div class="product"><a href="https://www.amazon.com/dp/B00UTFZAII?tag=eloabder-20&linkCode=osi&th=1&psc=1"><img src="https://m.media-amazon.com/images/I/31z7hZ6KbXL._SL500_.jpg" alt="Product Image"></a><p>Miele 10123210 AirClean 3D Efficiency Dust Bag, Type GN, 4 Bags & 2 Filters, White</p><p>$21.86 ($21.86 / Count)</p><a href="https://www.amazon.com/dp/B00UTFZAII?tag=eloabder-20&linkCode=osi&th=1&psc=1">View Product</a></div><div class="product"><a href="https://www.amazon.com/dp/B07WHG6J5S?tag=eloabder-20&linkCode=osi&th=1&psc=1"><img src="https://m.media-amazon.com/images/I/41hnaEOxB9L._SL500_.jpg" alt="Product Image"></a><p>KEEPOW Vacuum Filters for Eureka, Power Speed Vacuum Filters Replacement for Eureka NEU182A, NEU182B, NEU280, NEU180, NEU181, NEU188, NEU202 Bagless Upright Vacuum Cleaner, Part E0202 (4 Pack)</p><p>$9.99 ($2.50 / Count)</p><a href="https://www.amazon.com/dp/B07WHG6J5S?tag=eloabder-20&linkCode=osi&th=1&psc=1">View Product</a></div><div class="product"><a href="https://www.amazon.com/dp/B00UTFZB82?tag=eloabder-20&linkCode=osi&th=1&psc=1"><img src="https://m.media-amazon.com/images/I/41WdlL5T0dL._SL500_.jpg" alt="Product Image"></a><p>Miele AirClean 3D Efficiency Dust Bag, Type FJM, 4 Bags & 2 Filters, White</p><p>$18.99</p><a href="https://www.amazon.com/dp/B00UTFZB82?tag=eloabder-20&linkCode=osi&th=1&psc=1">View Product</a></div><div class="product"><a href="https://www.amazon.com/dp/B09NKP346M?tag=eloabder-20&linkCode=osi&th=1&psc=1"><img src="https://m.media-amazon.com/images/I/41o25nqkODL._SL500_.jpg" alt="Product Image"></a><p>Anewise 6 Pack Filter Replacement for Bissell Powerforce Compact Lightweight Upright 2112 1520 for Bissel Turbo Bagless 2690 Cleanview 3437 3508 Vacuum Cleaner, Compare to Parts #1604896/160-4896</p><p>$12.99</p><a href="https://www.amazon.com/dp/B09NKP346M?tag=eloabder-20&linkCode=osi&th=1&psc=1">View Product</a></div><div class="product"><a href="https://www.amazon.com/dp/B01MQ5NITB?tag=eloabder-20&linkCode=osi&th=1&psc=1"><img src="https://m.media-amazon.com/images/I/41J6lG4H1bL._SL500_.jpg" alt="Product Image"></a><p>Bissell Style 7 3 Pack Vacuum Cleaner Bags, White, 3 Count</p><p>$8.69 ($2.90 / Count)</p><a href="https://www.amazon.com/dp/B01MQ5NITB?tag=eloabder-20&linkCode=osi&th=1&psc=1">View Product</a></div><div class="product"><a href="https://www.amazon.com/dp/B0CDH1JY5D?tag=eloabder-20&linkCode=osi&th=1&psc=1"><img src="https://m.media-amazon.com/images/I/516DPXu4siL._SL500_.jpg" alt="Product Image"></a><p>4 Pack Replacement Filters Compatiable with Wyze Cordless Vacuum Cleaner, Removable and Washable HEPA Filter Accessories Part Set with 1 Cleaning Brush for Wyze Handheld Cordless Vacuum Cleaner</p><p>$15.99 ($4.00 / Count)</p><a href="https://www.amazon.com/dp/B0CDH1JY5D?tag=eloabder-20&linkCode=osi&th=1&psc=1">View Product</a></div><div class="product"><a href="https://www.amazon.com/dp/B07P3WB37F?tag=eloabder-20&linkCode=osi&th=1&psc=1"><img src="https://m.media-amazon.com/images/I/51WaYrkiVXL._SL500_.jpg" alt="Product Image"></a><p>Miele AirClean 3D Efficiency Dust Bag, Type GN, XL Value Pack, 8 Bags and 4 Filters</p><p>$36.99</p><a href="https://www.amazon.com/dp/B07P3WB37F?tag=eloabder-20&linkCode=osi&th=1&psc=1">View Product</a></div><div class="product"><a href="https://www.amazon.com/dp/B09DSY4Z2T?tag=eloabder-20&linkCode=osi&th=1&psc=1"><img src="https://m.media-amazon.com/images/I/51+ref3EeAL._SL500_.jpg" alt="Product Image"></a><p>Filter Replacement for Tineco A10 A11 Hero A10/A11 Master PURE ONE S11 Series, S12, X Cordless Vacuum Cleaner (3 PACK) â€¦</p><p>$12.99 ($4.33 / Count)</p><a href="https://www.amazon.com/dp/B09DSY4Z2T?tag=eloabder-20&linkCode=osi&th=1&psc=1">View Product</a></div>


<div class="product"><a href="https://www.amazon.com/dp/B0BXRR5QFV?tag=eloabder-20&linkCode=osi&th=1&psc=1"><img src="https://m.media-amazon.com/images/I/41sjdBkCp8L._SL500_.jpg" alt="Product Image"></a><p>AC Infinity CLOUDFORGE T7, Plant Humidifier 15L with VPD Humidity Controls, 10-Level Precision Vaporizer, Extendable Hose, Targeting Pipe, and No-Leak Seal for Grow Tents</p><p>$159.00</p><a href="https://www.amazon.com/dp/B0BXRR5QFV?tag=eloabder-20&linkCode=osi&th=1&psc=1">View Product</a></div><div class="product"><a href="https://www.amazon.com/dp/B01N6MV8SA?tag=eloabder-20&linkCode=osi&th=1&psc=1"><img src="https://m.media-amazon.com/images/I/41hX08+W1xL._SL500_.jpg" alt="Product Image"></a><p>Protec Humidifier Tank Cleaner, 1 Count - Colors May Vary</p><p>$5.98</p><a href="https://www.amazon.com/dp/B01N6MV8SA?tag=eloabder-20&linkCode=osi&th=1&psc=1">View Product</a></div><div class="product"><a href="https://www.amazon.com/dp/B07GXBTH82?tag=eloabder-20&linkCode=osi&th=1&psc=1"><img src="https://m.media-amazon.com/images/I/41ibxK12JPL._SL500_.jpg" alt="Product Image"></a><p>Essick Air 1970-2 Humidifier, 2-Quart Bacteriostatic Treatment, 2 Pack, Clear, 2</p><p>$22.99</p><a href="https://www.amazon.com/dp/B07GXBTH82?tag=eloabder-20&linkCode=osi&th=1&psc=1">View Product</a></div><div class="product"><a href="https://www.amazon.com/dp/B08TTT3K9B?tag=eloabder-20&linkCode=osi&th=1&psc=1"><img src="https://m.media-amazon.com/images/I/41U6j9SexmL._SL500_.jpg" alt="Product Image"></a><p>Leemone Humidifier Cleaner 12 Pack, Demineralization Cleaning Ball, Works in All humidifiers and Fish Tanks, Purifies Water, Prevents Hard Water Build-Up, Eliminates White Dust and Odor</p><p>$14.44</p><a href="https://www.amazon.com/dp/B08TTT3K9B?tag=eloabder-20&linkCode=osi&th=1&psc=1">View Product</a></div>
<div class="product"><a href="https://www.amazon.com/dp/B07YD4XCT3?tag=eloabder-20&linkCode=osi&th=1&psc=1"><img src="https://m.media-amazon.com/images/I/41hR81iKyJL._SL500_.jpg" alt="Product Image"></a><p>Vacplus Moisture Absorber Packets, Fragrance Free(10 Pack), Humidity Packs, Hanging Closet Dehumidifier Bags, Desiccant 9.8OZ</p><p>$21.99</p><a href="https://www.amazon.com/dp/B07YD4XCT3?tag=eloabder-20&linkCode=osi&th=1&psc=1">View Product</a></div><div class="product"><a href="https://www.amazon.com/dp/B09LQF5V5K?tag=eloabder-20&linkCode=osi&th=1&psc=1"><img src="https://m.media-amazon.com/images/I/51Cx5ECAotL._SL500_.jpg" alt="Product Image"></a><p>CLEVAST Moisture Absorbers Packets 10 Pack, Dehumidifier Bags for Closet, Unscented Hanging Humidity Absorber in Wardrobes, Bedrooms, Bathrooms(230g/pack)</p><p>$16.98</p><a href="https://www.amazon.com/dp/B09LQF5V5K?tag=eloabder-20&linkCode=osi&th=1&psc=1">View Product</a></div><div class="product"><a href="https://www.amazon.com/dp/B0B8L9QRW8?tag=eloabder-20&linkCode=osi&th=1&psc=1"><img src="https://m.media-amazon.com/images/I/518LgtpPi8L._SL500_.jpg" alt="Product Image"></a><p>Arm & Hammer Essentials Disposable Moisture Absorber and Odor Eliminator Tub, Fragrance Free, 1 lb, 3-Pack, Attracts and Traps Excess Moisture, Ideal Closet Dehumidifier, White</p><p>$24.94 ($0.52 / Ounce)</p><a href="https://www.amazon.com/dp/B0B8L9QRW8?tag=eloabder-20&linkCode=osi&th=1&psc=1">View Product</a></div><div class="product"><a href="https://www.amazon.com/dp/B09W9TPJGZ?tag=eloabder-20&linkCode=osi&th=1&psc=1"><img src="https://m.media-amazon.com/images/I/51pVTVMwHbL._SL500_.jpg" alt="Product Image"></a><p>THECOSKY Dehumidifier and Air Purifier Combo,HEPA H13 Filter and Negative Air Ion Function,54oz(1.6L) Water Tank with Drain Hose,24hrs Auto-Off Timer,Idea for Bedroom,Bathroom,Closet,RV</p><p>$109.99</p><a href="https://www.amazon.com/dp/B09W9TPJGZ?tag=eloabder-20&linkCode=osi&th=1&psc=1">View Product</a></div><div class="product"><a href="https://www.amazon.com/dp/B0CXDG65LZ?tag=eloabder-20&linkCode=osi&th=1&psc=1"><img src="https://m.media-amazon.com/images/I/41HNflmbKHL._SL500_.jpg" alt="Product Image"></a><p>14 x 17.5 x1.75 MERV 13 Replacement Dehumidifier Filter Compatible with Santa Fe Advance90, Advance100, Advance120, Honeywell DR90 & DR120 dehumidifier models, 2 Pack</p><p>$42.99</p><a href="https://www.amazon.com/dp/B0CXDG65LZ?tag=eloabder-20&linkCode=osi&th=1&psc=1">View Product</a></div>
<div class="product"><a href="https://www.amazon.com/dp/B088B921NQ?tag=eloabder-20&linkCode=osi&th=1&psc=1"><img src="https://m.media-amazon.com/images/I/612e4cT3RYL._SL500_.jpg" alt="Product Image"></a><p>ULTTY H13 HEPA Replacement Filter with Medical Coating, True HEPA Filter For R021/ R020 Purifying Fan, Medium</p><p>$29.99</p><a href="https://www.amazon.com/dp/B088B921NQ?tag=eloabder-20&linkCode=osi&th=1&psc=1">View Product</a></div><div class="product"><a href="https://www.amazon.com/dp/B0D2MZ4Y7Z?tag=eloabder-20&linkCode=osi&th=1&psc=1"><img src="https://m.media-amazon.com/images/I/51KgTHizWyL._SL500_.jpg" alt="Product Image"></a><p>Butto 5-Pack Ceiling Fan Filters for Blades - Strong Adhesive Ceiling Fan Filters for Common Household Contaminants - Unscented Coconut Carbon Fan Air Purifier Pads to Make Air Fresh and Natural</p><p>$9.98</p><a href="https://www.amazon.com/dp/B0D2MZ4Y7Z?tag=eloabder-20&linkCode=osi&th=1&psc=1">View Product</a></div><div class="product"><a href="https://www.amazon.com/dp/B0C42HCM21?tag=eloabder-20&linkCode=osi&th=1&psc=1"><img src="https://m.media-amazon.com/images/I/31jk3lpoygL._SL500_.jpg" alt="Product Image"></a><p>Barnakl Ceiling Fan Filters | Activated Coconut Shell Carbon Filter | Easy-Stick Universal Ceiling Fan Air Filters | Unscented Ceiling Fan Blade Filters for Common Household Contaminants, (3-Count)</p><p>$19.99 ($6.66 / Count)</p><a href="https://www.amazon.com/dp/B0C42HCM21?tag=eloabder-20&linkCode=osi&th=1&psc=1">View Product</a></div>
<div class="product"><a href="https://www.amazon.com/dp/B08LZWP29P?tag=eloabder-20&linkCode=osi&th=1&psc=1"><img src="https://m.media-amazon.com/images/I/41NLuzzFW9L._SL500_.jpg" alt="Product Image"></a><p>Chromex Tankless Water Heater Descaling Solution | Highly Effective Descaler Restores Heating Efficiency, Quart, 32 fl oz (1)</p><p>$26.99</p><a href="https://www.amazon.com/dp/B08LZWP29P?tag=eloabder-20&linkCode=osi&th=1&psc=1">View Product</a></div>

<div class="product"><a href="https://www.amazon.com/dp/B005UO4OWQ?tag=eloabder-20&linkCode=osi&th=1&psc=1"><img src="https://m.media-amazon.com/images/I/41oQPKFofoL._SL500_.jpg" alt="Product Image"></a><p>Bissell 203-7458 Brushroll, Bg10/86T3, Black</p><p>$21.26 ($21.26 / Count)</p><a href="https://www.amazon.com/dp/B005UO4OWQ?tag=eloabder-20&linkCode=osi&th=1&psc=1">View Product</a></div>





















<div class="product"><a href="https://www.amazon.com/dp/B0014J7FUY?tag=eloabder-20&linkCode=osi&th=1&psc=1"><img src="https://m.media-amazon.com/images/I/31QrM+IPxOL._SL500_.jpg" alt="Product Image"></a><p>Urnex Grindz Professional Coffee Grinder Cleaning Tablets - 430 Grams - All Natural Food Safe Gluten Free - Cleans Burr and Casing - Help Extend Life of Your Grinder</p><p>$25.99 ($1.71 / Ounce)</p><a href="https://www.amazon.com/dp/B0014J7FUY?tag=eloabder-20&linkCode=osi&th=1&psc=1">View Product</a></div>



<div class="product"><a href="https://www.amazon.com/dp/B0CHW317SG?tag=eloabder-20&linkCode=osi&th=1&psc=1"><img src="https://m.media-amazon.com/images/I/41Qd5Iu3qBL._SL500_.jpg" alt="Product Image"></a><p>EUHOMY 55 Can Beverage Refrigerator cooler-Mini Fridge Glass Door for Beer Drinks Wines, Freestanding Beverage Fridge with Adjustable Shelves Blue LED for Home/Office/Dorm/Bar (1.3cu.ft)</p><p>$128.99</p><a href="https://www.amazon.com/dp/B0CHW317SG?tag=eloabder-20&linkCode=osi&th=1&psc=1">View Product</a></div>

<div class="product"><a href="https://www.amazon.com/dp/B099CN2MRK?tag=eloabder-20&linkCode=osi&th=1&psc=1"><img src="https://m.media-amazon.com/images/I/31CvUCIUX5L._SL500_.jpg" alt="Product Image"></a><p>Genuine PuroAir 240 Replacement Filter - Replacement HEPA Filter for PuroAir 240 Purifier - Captures up to 99% of Pollen, Smoke, Pollen, Dust and Common Household Pollutants</p><p>$48.00</p><a href="https://www.amazon.com/dp/B099CN2MRK?tag=eloabder-20&linkCode=osi&th=1&psc=1">View Product</a></div><div class="product"><a href="https://www.amazon.com/dp/B0055521W0?tag=eloabder-20&linkCode=osi&th=1&psc=1"><img src="https://m.media-amazon.com/images/I/41Hs7ixdyXL._SL500_.jpg" alt="Product Image"></a><p>GermGuardian Filter B HEPA Pure Genuine Air Purifier Replacement Filter, Removes 99.97% of Pollutants for AC4825, AC4300, AC4900, AC4825DLX, AC4850, CDAP4500, AP2200, Black/Yellow, FLT4825</p><p>$17.90 ($17.90 / Count)</p><a href="https://www.amazon.com/dp/B0055521W0?tag=eloabder-20&linkCode=osi&th=1&psc=1">View Product</a></div><div class="product"><a href="https://www.amazon.com/dp/B0BNMYKZPV?tag=eloabder-20&linkCode=osi&th=1&psc=1"><img src="https://m.media-amazon.com/images/I/41-K3mB6KkL._SL500_.jpg" alt="Product Image"></a><p>2 Pack True HEPA KILO Filter Compatible with Afloia KILO, KILOPLUS, KILOPRO, MIRO,MIRO PRO and MORENTO MR-Kilo, Kalo Air Purifier, 360Â° 3-Stage Filtration</p><p>$34.99 ($17.50 / Count)</p><a href="https://www.amazon.com/dp/B0BNMYKZPV?tag=eloabder-20&linkCode=osi&th=1&psc=1">View Product</a></div><div class="product"><a href="https://www.amazon.com/dp/B0D3M4Y9W7?tag=eloabder-20&linkCode=osi&th=1&psc=1"><img src="https://m.media-amazon.com/images/I/41tzW+mkZuL._SL500_.jpg" alt="Product Image"></a><p>Breshair 14 True HEPA Filter Replacement Compatible with PuroAir 240 Air Purifier, 3-in-1 Filtration System with Activated Carbon Filter, 2-Pack</p><p>$31.56 ($15.78 / Count)</p><a href="https://www.amazon.com/dp/B0D3M4Y9W7?tag=eloabder-20&linkCode=osi&th=1&psc=1">View Product</a></div><div class="product"><a href="https://www.amazon.com/dp/B0CB18MVX6?tag=eloabder-20&linkCode=osi&th=1&psc=1"><img src="https://m.media-amazon.com/images/I/519ZmmLOrzL._SL500_.jpg" alt="Product Image"></a><p>2 Pack 3-in-1 H13 True HEPA Replacement Filter Compatible with Pure Enrichment PureZone Air Purifier Part# PEAIRPLG</p><p>$23.99 ($12.00 / Count)</p><a href="https://www.amazon.com/dp/B0CB18MVX6?tag=eloabder-20&linkCode=osi&th=1&psc=1">View Product</a></div><div class="product"><a href="https://www.amazon.com/dp/B08JTZMRML?tag=eloabder-20&linkCode=osi&th=1&psc=1"><img src="https://m.media-amazon.com/images/I/51yx60sCjHL._SL500_.jpg" alt="Product Image"></a><p>6 Pack HPA300 HEPA Filter Replacement for Honeywell HPA300 Series Air Purifiers HPA300, HPA300VP, HPA304, HPA3300, Replace HRF-R3 (6 Ture HEPA R Replacement Filter + 8 Activated Carbon Pre-Filter)</p><p>$47.99 ($3.43 / Count)</p><a href="https://www.amazon.com/dp/B08JTZMRML?tag=eloabder-20&linkCode=osi&th=1&psc=1">View Product</a></div><div class="product"><a href="https://www.amazon.com/dp/B0CF1GLSYS?tag=eloabder-20&linkCode=osi&th=1&psc=1"><img src="https://m.media-amazon.com/images/I/41709EXRzXL._SL500_.jpg" alt="Product Image"></a><p>CHIVALZ 4 Pack HY4866 True HEPA Replacement Filters Compatible with MORENTO HY4866 Air Purifier, WESTHEY HY4866 Air Purifier and YIOU M1 Air Cleaner Purifier, Original Version</p><p>$39.99 ($10.00 / Count)</p><a href="https://www.amazon.com/dp/B0CF1GLSYS?tag=eloabder-20&linkCode=osi&th=1&psc=1">View Product</a></div>







<div class="product"><a href="https://www.amazon.com/dp/B0CYKMFKR9?tag=eloabder-20&linkCode=osi&th=1&psc=1"><img src="https://m.media-amazon.com/images/I/316zU-ozoxL._SL500_.jpg" alt="Product Image"></a><p>Air Purifier Replacement Filter for Space Heater Bladeless Fan</p><p>$29.99</p><a href="https://www.amazon.com/dp/B0CYKMFKR9?tag=eloabder-20&linkCode=osi&th=1&psc=1">View Product</a></div>
<div class="product"><a href="https://www.amazon.com/dp/B07MRH6VY7?tag=eloabder-20&linkCode=osi&th=1&psc=1"><img src="https://m.media-amazon.com/images/I/51g-nuN4A5L._SL500_.jpg" alt="Product Image"></a><p>Colorfullife Replacement Air Purifier Filter for Dyson Tower Purifier Pure Cool Link TP01, TP02, TP03, BP01, Compare to Part 968126-03ï¼Œ2 Pack</p><p>$26.99</p><a href="https://www.amazon.com/dp/B07MRH6VY7?tag=eloabder-20&linkCode=osi&th=1&psc=1">View Product</a></div><div class="product"><a href="https://www.amazon.com/dp/B07TX5SW7J?tag=eloabder-20&linkCode=osi&th=1&psc=1"><img src="https://m.media-amazon.com/images/I/512Kn+cPglL._SL500_.jpg" alt="Product Image"></a><p>TP01 HEPA Filter Replacement Compatible with Dyson Tower Purifier Pure Cool Link TP01, TP02, TP03, AM11, BP01 Models, Compare to Part # 968126-03 (Pack of 2)</p><p>$27.95 ($13.98 / Count)</p><a href="https://www.amazon.com/dp/B07TX5SW7J?tag=eloabder-20&linkCode=osi&th=1&psc=1">View Product</a></div><div class="product"><a href="https://www.amazon.com/dp/B0CC24GZGB?tag=eloabder-20&linkCode=osi&th=1&psc=1"><img src="https://m.media-amazon.com/images/I/41woNpZ9VgL._SL500_.jpg" alt="Product Image"></a><p>TP01 TP02 Filter Compatible with Dyson Pure Cool Link Purifying Tower Fan TP00 TP03 AM11 and Cool Me BP01 Personal Series, 360Â° Air Purifier Filter Replacement 968126-03, 1-Pack</p><p>$25.99</p><a href="https://www.amazon.com/dp/B0CC24GZGB?tag=eloabder-20&linkCode=osi&th=1&psc=1">View Product</a></div><div class="product"><a href="https://www.amazon.com/dp/B0CX23N2JJ?tag=eloabder-20&linkCode=osi&th=1&psc=1"><img src="https://m.media-amazon.com/images/I/3145hmd5j7L._SL500_.jpg" alt="Product Image"></a><p>Dreo Air Purifiers Replacement Filter, HEPA Filter for Dreo Purifier Tower Fan MC710S, with 2 Stage Filtration, Black, Standard(DR-HPA019)</p><p>$39.99</p><a href="https://www.amazon.com/dp/B0CX23N2JJ?tag=eloabder-20&linkCode=osi&th=1&psc=1">View Product</a></div>










<div class="product"><a href="https://www.amazon.com/dp/B001U0OJ7O?tag=eloabder-20&linkCode=osi&th=1&psc=1"><img src="https://m.media-amazon.com/images/I/41XEg3QV-wL._SL500_.jpg" alt="Product Image"></a><p>Whirlpool W10165294RB 15-Inch Plastic Trash Compactor ct, 60 Bags, Count</p><p>$48.34</p><a href="https://www.amazon.com/dp/B001U0OJ7O?tag=eloabder-20&linkCode=osi&th=1&psc=1">View Product</a></div><div class="product"><a href="https://www.amazon.com/dp/B0CC3V4ZZ4?tag=eloabder-20&linkCode=osi&th=1&psc=1"><img src="https://m.media-amazon.com/images/I/31bbvodHnjL._SL500_.jpg" alt="Product Image"></a><p>Waste Smasher- Hand-Held Manual Trash Compactor Dishwasher Safe Black</p><p>$24.95</p><a href="https://www.amazon.com/dp/B0CC3V4ZZ4?tag=eloabder-20&linkCode=osi&th=1&psc=1">View Product</a></div><div class="product"><a href="https://www.amazon.com/dp/B00IYO5914?tag=eloabder-20&linkCode=osi&th=1&psc=1"><img src="https://m.media-amazon.com/images/I/51SLpTXIYNL._SL500_.jpg" alt="Product Image"></a><p>Kitchen Master Super Strong Compactor Bags Pre Cuffed (12 Pack)</p><p>$34.95</p><a href="https://www.amazon.com/dp/B00IYO5914?tag=eloabder-20&linkCode=osi&th=1&psc=1">View Product</a></div><div class="product"><a href="https://www.amazon.com/dp/B075DJ4ZVQ?tag=eloabder-20&linkCode=osi&th=1&psc=1"><img src="https://m.media-amazon.com/images/I/51Vaek4I89L._SL500_.jpg" alt="Product Image"></a><p>Dano Pre-Cuffed Compactor Bags</p><p>$32.95 ($2.75 / Count)</p><a href="https://www.amazon.com/dp/B075DJ4ZVQ?tag=eloabder-20&linkCode=osi&th=1&psc=1">View Product</a></div><div class="product"><a href="https://www.amazon.com/dp/B0C2DCVCBJ?tag=eloabder-20&linkCode=osi&th=1&psc=1"><img src="https://m.media-amazon.com/images/I/51072CtaKuL._SL500_.jpg" alt="Product Image"></a><p>60-pack W10165294RB Trash Compactor Bags - leak-proof trash compactor bags for kitchen 60-ct 15 inches - Fits 15-inch Rectangular Drawer Compactors</p><p>$45.99 ($0.77 / Count)</p><a href="https://www.amazon.com/dp/B0C2DCVCBJ?tag=eloabder-20&linkCode=osi&th=1&psc=1">View Product</a></div><div class="product"><a href="https://www.amazon.com/dp/B001U0OJ7E?tag=eloabder-20&linkCode=osi&th=1&psc=1"><img src="https://m.media-amazon.com/images/I/41c0z26RyvL._SL500_.jpg" alt="Product Image"></a><p>Whirlpool W10165293RB Genuine OEM 60 Pack-Plastic Compactor Bags-18" Models â€“ 1394369, 4178058, 4318932, 4318933, 4318935, 4318937, 4318939, AH1964576, EA1964576, PS1964576</p><p>$48.64 ($0.81 / Count)</p><a href="https://www.amazon.com/dp/B001U0OJ7E?tag=eloabder-20&linkCode=osi&th=1&psc=1">View Product</a></div><div class="product"><a href="https://www.amazon.com/dp/B00W27J16S?tag=eloabder-20&linkCode=osi&th=1&psc=1"><img src="https://m.media-amazon.com/images/I/41RaOjAGlrL._SL500_.jpg" alt="Product Image"></a><p>Compactor Bags Pre Cuffed (50 Pack)</p><p>$84.95 ($1.70 / count)</p><a href="https://www.amazon.com/dp/B00W27J16S?tag=eloabder-20&linkCode=osi&th=1&psc=1">View Product</a></div><div class="product"><a href="https://www.amazon.com/dp/B00MOCYY2W?tag=eloabder-20&linkCode=osi&th=1&psc=1"><img src="https://m.media-amazon.com/images/I/41SH8mDsAnL._SL500_.jpg" alt="Product Image"></a><p>GE WX60X1 Genuine OEM Universal Trash Compactor Bags for GE Trash Compactors</p><p>$19.00</p><a href="https://www.amazon.com/dp/B00MOCYY2W?tag=eloabder-20&linkCode=osi&th=1&psc=1">View Product</a></div><div class="product"><a href="https://www.amazon.com/dp/B0D7SFSTNG?tag=eloabder-20&linkCode=osi&th=1&psc=1"><img src="https://m.media-amazon.com/images/I/41szt9tZJPL._SL500_.jpg" alt="Product Image"></a><p>4PCS Trash Compactor Charcoal Air Filter Fit for Whirlpool/KitchenAid/Maytag/Jenn-Air/Amana/Inglis/Magic Chef Trash Compactor, Replaces 4151750 554358 WP4151750 AP6009134 PS11742279</p><p>$23.59 ($5.90 / Count)</p><a href="https://www.amazon.com/dp/B0D7SFSTNG?tag=eloabder-20&linkCode=osi&th=1&psc=1">View Product</a></div>
<div class="product"><a href="https://www.amazon.com/dp/B0CGLX5ZB9?tag=eloabder-20&linkCode=osi&th=1&psc=1"><img src="https://m.media-amazon.com/images/I/51qeRZQS98L._SL500_.jpg" alt="Product Image"></a><p>Spare Replacement Parts Compatible with MAMNV BR150 BR151, ZCWA BR150 BR151, MANVINS G20 Robot Vacuum and Mop Combo Accessories Include: 3 Hepa Filters 3 Mop Pads 6 Side Spin Brushes</p><p>$9.98</p><a href="https://www.amazon.com/dp/B0CGLX5ZB9?tag=eloabder-20&linkCode=osi&th=1&psc=1">View Product</a></div><div class="product"><a href="https://www.amazon.com/dp/B0B28DGZBG?tag=eloabder-20&linkCode=osi&th=1&psc=1"><img src="https://m.media-amazon.com/images/I/51ooMN4RqML._SL500_.jpg" alt="Product Image"></a><p>Replacement Parts for Shark AI AV2511AE AV2501S AV2610WA AV2501AE RV2502AE RV2610WA RV2520 AV2510 2-In-1 AI Ultra Robot Vacuum Cleaner Accessories Kits. Main Brush, HEPA Filter, Foam Filter,Side Brush</p><p>$19.99 ($1.05 / Count)</p><a href="https://www.amazon.com/dp/B0B28DGZBG?tag=eloabder-20&linkCode=osi&th=1&psc=1">View Product</a></div><div class="product"><a href="https://www.amazon.com/dp/B0782T7L6P?tag=eloabder-20&linkCode=osi&th=1&psc=1"><img src="https://m.media-amazon.com/images/I/41hTVkuzMJL._SL500_.jpg" alt="Product Image"></a><p>10pcs HEPA Filters Replacement for ILIFE V3s V3s pro V5 V5s V5s Pro V5s Pro 2 V5s Plus Noisz S5 Robotic Vacuum Cleaner ILIFE V3s pro Filters ILIFE Robot Vacuum Filter</p><p>$9.80 ($0.98 / Count)</p><a href="https://www.amazon.com/dp/B0782T7L6P?tag=eloabder-20&linkCode=osi&th=1&psc=1">View Product</a></div><div class="product"><a href="https://www.amazon.com/dp/B0CXLVHTTC?tag=eloabder-20&linkCode=osi&th=1&psc=1"><img src="https://m.media-amazon.com/images/I/51BT3phYzKL._SL500_.jpg" alt="Product Image"></a><p>HUIZHEN Spare Accessories for MAMNV BR150/BR151, for ZCWA BR150/BR151, for MANVINS G20,for GTTVO BR150/BR151,for ONSON BR150/BR151 Robot Vacuum Replacement Parts,6 Side Brush,4 HEPA Filters,4 Mop Pads</p><p>$9.99</p><a href="https://www.amazon.com/dp/B0CXLVHTTC?tag=eloabder-20&linkCode=osi&th=1&psc=1">View Product</a></div><div class="product"><a href="https://www.amazon.com/dp/B08RYDDQL8?tag=eloabder-20&linkCode=osi&th=1&psc=1"><img src="https://m.media-amazon.com/images/I/314Xd7+oBXL._SL500_.jpg" alt="Product Image"></a><p>AirClean 4 Pack 3.7" High Replacement Base Pre-Motor Foam Filters Compatible with Shark IQ Robot Vacuum R101AE RV1001AE UR1005AE Self-Empty Base</p><p>$12.99 ($3.25 / Count)</p><a href="https://www.amazon.com/dp/B08RYDDQL8?tag=eloabder-20&linkCode=osi&th=1&psc=1">View Product</a></div><div class="product"><a href="https://www.amazon.com/dp/B0CJLHJ557?tag=eloabder-20&linkCode=osi&th=1&psc=1"><img src="https://m.media-amazon.com/images/I/41iQm8hUjiL._SL500_.jpg" alt="Product Image"></a><p>Replacement Parts Compatible with WYZE Robot Vacuum Cleaner WVCR200S Accessories, 2 Main Brushes, 6 Hepa Filters, 8 Side Brushes Attachment Spare Pack</p><p>$14.99 ($0.94 / Count)</p><a href="https://www.amazon.com/dp/B0CJLHJ557?tag=eloabder-20&linkCode=osi&th=1&psc=1">View Product</a></div>
<div class="product"><a href="https://www.amazon.com/dp/B0C4595Q8P?tag=eloabder-20&linkCode=osi&th=1&psc=1"><img src="https://m.media-amazon.com/images/I/51k23SAtRxL._SL500_.jpg" alt="Product Image"></a><p>4 Pack FSV001 HEPA Filter Compatiable with Fabuletta FSV101, FSV001, Girnoor G160&G165, Afoddon A300, Lubluelu 202, Oraimo Cordless Vacuum Cleaner, Besswin W26 Cordless Stick Vacuum Cleaners</p><p>$15.99 ($4.00 / Count)</p><a href="https://www.amazon.com/dp/B0C4595Q8P?tag=eloabder-20&linkCode=osi&th=1&psc=1">View Product</a></div>
<div class="product"><a href="https://www.amazon.com/dp/B0BNKJX96X?tag=eloabder-20&linkCode=osi&th=1&psc=1"><img src="https://m.media-amazon.com/images/I/41OPeLFppoL._SL500_.jpg" alt="Product Image"></a><p>6 PACK 2033 Replacement Filter Compatible with Bissell Featherweight Stick Lightweight Bagless Vacuum Cleaner 20331, 20333, 20334, 20336, 20339, 2033M,6 Mesh Filter 6 Foam Filters, Replace # 1611508</p><p>$14.99 ($2.50 / Count)</p><a href="https://www.amazon.com/dp/B0BNKJX96X?tag=eloabder-20&linkCode=osi&th=1&psc=1">View Product</a></div><div class="product"><a href="https://www.amazon.com/dp/B0CMBWLTSM?tag=eloabder-20&linkCode=osi&th=1&psc=1"><img src="https://m.media-amazon.com/images/I/41PHqKaLTDL._SL500_.jpg" alt="Product Image"></a><p>18V ONE + Cordless Pet Stick Vacuum Filter for Ryobi, PCL720, PBLSV716, PBLSV717 Stick Vacuum, Reusable Washable Filters, Compare to Part A32SV720N, 6 Pack</p><p>$15.99 ($2.66 / Count)</p><a href="https://www.amazon.com/dp/B0CMBWLTSM?tag=eloabder-20&linkCode=osi&th=1&psc=1">View Product</a></div><div class="product"><a href="https://www.amazon.com/dp/B0CXDYWWT9?tag=eloabder-20&linkCode=osi&th=1&psc=1"><img src="https://m.media-amazon.com/images/I/41F1csTT8jL._SL500_.jpg" alt="Product Image"></a><p>2 Replacement Filters for Craftsman V20 Cordless Stick Vacuum CMCVS001D1, for Black Decker BSVF1 BSV2020 BSV2020G BSV2020P Cordless Stick Vacuum Cleaner with 1 Cleaning Brush</p><p>$14.99</p><a href="https://www.amazon.com/dp/B0CXDYWWT9?tag=eloabder-20&linkCode=osi&th=1&psc=1">View Product</a></div><div class="product"><a href="https://www.amazon.com/dp/B0CCJ5N5DH?tag=eloabder-20&linkCode=osi&th=1&psc=1"><img src="https://m.media-amazon.com/images/I/41xmhDPqk8L._SL500_.jpg" alt="Product Image"></a><p>Aolleteau 1 Pack Brush Roller Compatible with Black + Decker BSV2020, BSV2020P, BSV2020G Powerseries Extreme Cordless Stick Vacuum and Compatible with Craftsman V20 Cordless Stick Vacuum CMCVS001D1</p><p>$17.99</p><a href="https://www.amazon.com/dp/B0CCJ5N5DH?tag=eloabder-20&linkCode=osi&th=1&psc=1">View Product</a></div><div class="product"><a href="https://www.amazon.com/dp/B0CQY61LFD?tag=eloabder-20&linkCode=osi&th=1&psc=1"><img src="https://m.media-amazon.com/images/I/31swBBC444L._SL500_.jpg" alt="Product Image"></a><p>Tablenco for Shark HZ602 Filter Replacement Ultralight Pet Pro Corded Stick Vacuum and HZ2002 Vertex DuoClean PowerFins fit HZ2000 HZ251 HZ250 HH200 HH202,4 Foam Felt 4 Motor Kit (No cleaning brush)</p><p>$9.98</p><a href="https://www.amazon.com/dp/B0CQY61LFD?tag=eloabder-20&linkCode=osi&th=1&psc=1">View Product</a></div><div class="product"><a href="https://www.amazon.com/dp/B09Q55KW8W?tag=eloabder-20&linkCode=osi&th=1&psc=1"><img src="https://m.media-amazon.com/images/I/51MKsJy6nSL._SL500_.jpg" alt="Product Image"></a><p>Anicell 2033 Featherweight Filter for Bissell Featherweight Stick Lightweight Bagless Vacuum 20331 20333 20334 20336 20339 2033M, 4 Mesh Filters 6 Foam Filters Replacement, Replace part# 1611508</p><p>$11.99</p><a href="https://www.amazon.com/dp/B09Q55KW8W?tag=eloabder-20&linkCode=osi&th=1&psc=1">View Product</a></div><div class="product"><a href="https://www.amazon.com/dp/B0CDVG7LHD?tag=eloabder-20&linkCode=osi&th=1&psc=1"><img src="https://m.media-amazon.com/images/I/41hjN1Te6sL._SL500_.jpg" alt="Product Image"></a><p>Moreffi 3 Pack Filter Replacement For HART Cordless Stick Vacuum HPSV01 and HPSV50, Compare to Part Number HASV01</p><p>$19.99 ($6.66 / Count)</p><a href="https://www.amazon.com/dp/B0CDVG7LHD?tag=eloabder-20&linkCode=osi&th=1&psc=1">View Product</a></div>
<div class="product"><a href="https://www.amazon.com/dp/B07DQ9TZC8?tag=eloabder-20&linkCode=osi&th=1&psc=1"><img src="https://m.media-amazon.com/images/I/41PHyZ20FuL._SL500_.jpg" alt="Product Image"></a><p>Kenmore 53294 Style O HEPA Cloth Vacuum Bags for Kenmore Upright Vacuum Cleaners 6 Pack,White</p><p>$20.99 ($3.50 / Count)</p><a href="https://www.amazon.com/dp/B07DQ9TZC8?tag=eloabder-20&linkCode=osi&th=1&psc=1">View Product</a></div><div class="product"><a href="https://www.amazon.com/dp/B08MXVTTT2?tag=eloabder-20&linkCode=osi&th=1&psc=1"><img src="https://m.media-amazon.com/images/I/41T6wRpIMzL._SL500_.jpg" alt="Product Image"></a><p>Kenmore IB600 HEPA Replacement Intuition Upright Vacuum Cleaner Bags for BU4022, BU4020, BU4018, BU4050, BU3040,White</p><p>$18.75</p><a href="https://www.amazon.com/dp/B08MXVTTT2?tag=eloabder-20&linkCode=osi&th=1&psc=1">View Product</a></div><div class="product"><a href="https://www.amazon.com/dp/B01010JVYO?tag=eloabder-20&linkCode=osi&th=1&psc=1"><img src="https://m.media-amazon.com/images/I/51Anluh47GL._SL500_.jpg" alt="Product Image"></a><p>EnviroCare Replacement Micro Filtration Vacuum Cleaner Dust Bags Designed to fit Hoover Windtunnel Upright Type Y 9 pack</p><p>$9.89 ($1.10 / Count)</p><a href="https://www.amazon.com/dp/B01010JVYO?tag=eloabder-20&linkCode=osi&th=1&psc=1">View Product</a></div><div class="product"><a href="https://www.amazon.com/dp/B0D5CP3WBY?tag=eloabder-20&linkCode=osi&th=1&psc=1"><img src="https://m.media-amazon.com/images/I/31MaGmsVOwL._SL500_.jpg" alt="Product Image"></a><p>Bagless Upright Kenmore Vacuum HEPA Filters, Compatible with Foam Filters, Felt Filters and Upright vacuum cleaner for Models K4010,DU2015,DU2012(includes 1 Hepa Filters,2 Foam and 2 Felt Filters)</p><p>$12.99</p><a href="https://www.amazon.com/dp/B0D5CP3WBY?tag=eloabder-20&linkCode=osi&th=1&psc=1">View Product</a></div><div class="product"><a href="https://www.amazon.com/dp/B0CBFV28WX?tag=eloabder-20&linkCode=osi&th=1&psc=1"><img src="https://m.media-amazon.com/images/I/51LIYI0wXSL._SL500_.jpg" alt="Product Image"></a><p>16 Packs Vacuum Bags for Oreck Type CC, Compatible with All Oreck XL Upright Vacuum Cleaner - Replaces Part # CCPK8DW</p><p>$21.99 ($1.37 / Count)</p><a href="https://www.amazon.com/dp/B0CBFV28WX?tag=eloabder-20&linkCode=osi&th=1&psc=1">View Product</a></div><div class="product"><a href="https://www.amazon.com/dp/B00F9GQMHA?tag=eloabder-20&linkCode=osi&th=1&psc=1"><img src="https://m.media-amazon.com/images/I/51lhelurelL._SL500_.jpg" alt="Product Image"></a><p>EnviroCare Replacement Premium Vacuum Cleaner Dust Bags made to fit Eureka F&G Uprights 9 bags</p><p>$11.09</p><a href="https://www.amazon.com/dp/B00F9GQMHA?tag=eloabder-20&linkCode=osi&th=1&psc=1">View Product</a></div><div class="product"><a href="https://www.amazon.com/dp/B002CI8G1I?tag=eloabder-20&linkCode=osi&th=1&psc=1"><img src="https://m.media-amazon.com/images/I/51PYQrQpbSL._SL500_.jpg" alt="Product Image"></a><p>EnviroCare Replacement Micro Filtration Vacuum Cleaner Dust Bags made to fit Kenmore Upright Type U/L/O 50688 and 50690, Panasonic Type U-2, Miele Type Z. 9 pack</p><p>$9.99</p><a href="https://www.amazon.com/dp/B002CI8G1I?tag=eloabder-20&linkCode=osi&th=1&psc=1">View Product</a></div>
<div class="product"><a href="https://www.amazon.com/dp/B07GNQJ67P?tag=eloabder-20&linkCode=osi&th=1&psc=1"><img src="https://m.media-amazon.com/images/I/41XHnKbgjAL._SL500_.jpg" alt="Product Image"></a><p>Kenmore 53292 Type Q HEPA Replacement Dust Bags for Canister Vacuum 81214, 81414, 81714, 21814, BC2005, BC3005, 81615, BC7005, 6 Count (Pack of 1)</p><p>$13.24 ($2.21 / Count)</p><a href="https://www.amazon.com/dp/B07GNQJ67P?tag=eloabder-20&linkCode=osi&th=1&psc=1">View Product</a></div><div class="product"><a href="https://www.amazon.com/dp/B01L0C0FVK?tag=eloabder-20&linkCode=osi&th=1&psc=1"><img src="https://m.media-amazon.com/images/I/51ZIjbo9NVL._SL500_.jpg" alt="Product Image"></a><p>Envirocare Replacement Vacuum Bags Compatible with Kenmore Canister Type C/Q. 5055, 50557 and 50558 Panasonic Type C-5 Vacuums,15 pack</p><p>$16.16</p><a href="https://www.amazon.com/dp/B01L0C0FVK?tag=eloabder-20&linkCode=osi&th=1&psc=1">View Product</a></div><div class="product"><a href="https://www.amazon.com/dp/B0BTRTP2PM?tag=eloabder-20&linkCode=osi&th=1&psc=1"><img src="https://m.media-amazon.com/images/I/41K295aRv9L._SL500_.jpg" alt="Product Image"></a><p>Vacuum Cleaner Bags Fit for Kenmore Canister Type C/Q 50555 50557 50558 and Type C-5, 10PCs</p><p>$15.99</p><a href="https://www.amazon.com/dp/B0BTRTP2PM?tag=eloabder-20&linkCode=osi&th=1&psc=1">View Product</a></div><div class="product"><a href="https://www.amazon.com/dp/B0CRQYGLZX?tag=eloabder-20&linkCode=osi&th=1&psc=1"><img src="https://m.media-amazon.com/images/I/413iXp+j3ML._SL500_.jpg" alt="Product Image"></a><p>15 Pack Canister Vacuum Cleaner Bags Compatible with Kenmore Canister Type C/Q 5055, 50555, 50557, 50558 and Type C-5, C-18, 53292, 200 Series, 400 Series, 600 Series, 700 Series, 800 Series Vacuum</p><p>$11.69</p><a href="https://www.amazon.com/dp/B0CRQYGLZX?tag=eloabder-20&linkCode=osi&th=1&psc=1">View Product</a></div><div class="product"><a href="https://www.amazon.com/dp/B00QGD3SBI?tag=eloabder-20&linkCode=osi&th=1&psc=1"><img src="https://m.media-amazon.com/images/I/51xw0asyqTL._SL500_.jpg" alt="Product Image"></a><p>EnviroCare Replacement Vacuum Bags made to fit Kenmore Canister Type C or Q 50555, 50558, 50557 and Panasonic Type C-5 Vacuums, 9 pack</p><p>$9.79</p><a href="https://www.amazon.com/dp/B00QGD3SBI?tag=eloabder-20&linkCode=osi&th=1&psc=1">View Product</a></div><div class="product"><a href="https://www.amazon.com/dp/B0CQP9NP5N?tag=eloabder-20&linkCode=osi&th=1&psc=1"><img src="https://m.media-amazon.com/images/I/41WnNkTz8zL._SL500_.jpg" alt="Product Image"></a><p>8 Pack Replacement Vacuum Bags Compatible with Kenmore Canister Type C/Q. 5055, 50104, 50557 and 50558 Panasonic Type C-5 Vacuums</p><p>$9.99 ($1.25 / Count)</p><a href="https://www.amazon.com/dp/B0CQP9NP5N?tag=eloabder-20&linkCode=osi&th=1&psc=1">View Product</a></div>
<div class="product"><a href="https://www.amazon.com/dp/B09M3Y2BHR?tag=eloabder-20&linkCode=osi&th=1&psc=1"><img src="https://m.media-amazon.com/images/I/31tevngai1L._SL500_.jpg" alt="Product Image"></a><p>Ymimi Vacuum Filter Compatible with Eureka WhirlWind Bagless Canister Vacuum Cleaner,Fits NEN110A,NEN110B,NEN110Dï¼ˆ2-Packï¼‰</p><p>$11.99 ($6.00 / Count)</p><a href="https://www.amazon.com/dp/B09M3Y2BHR?tag=eloabder-20&linkCode=osi&th=1&psc=1">View Product</a></div><div class="product"><a href="https://www.amazon.com/dp/B07J1WWBHN?tag=eloabder-20&linkCode=osi&th=1&psc=1"><img src="https://m.media-amazon.com/images/I/51gmkDrnR2L._SL500_.jpg" alt="Product Image"></a><p>Bissell Powerforce Helix Bagless Washable Premotor Filter #1608225, Black</p><p>$7.78</p><a href="https://www.amazon.com/dp/B07J1WWBHN?tag=eloabder-20&linkCode=osi&th=1&psc=1">View Product</a></div><div class="product"><a href="https://www.amazon.com/dp/B0BK64TMMK?tag=eloabder-20&linkCode=osi&th=1&psc=1"><img src="https://m.media-amazon.com/images/I/41OBMvET7eL._SL500_.jpg" alt="Product Image"></a><p>Vacuum Belt Replacement for Bissell Cleanview Swivel Pet Upright Bagless/Powerlifter Vacuum Cleaner, fits model: 2252, 2254, 22543, 2258,2259, 2260,2316, 2739, 1793, Parts # 3031120, 32074</p><p>$6.99</p><a href="https://www.amazon.com/dp/B0BK64TMMK?tag=eloabder-20&linkCode=osi&th=1&psc=1">View Product</a></div><div class="product"><a href="https://www.amazon.com/dp/B0BKKL3WRB?tag=eloabder-20&linkCode=osi&th=1&psc=1"><img src="https://m.media-amazon.com/images/I/410jMe-FjIL._SL500_.jpg" alt="Product Image"></a><p>Aolleteau F1 HEPA Filter Compatible with Dirt Devil Bagless Upright Cleaner Models Extra Lite, Breeze, Featherlite Bagless, Jaguar Bagless,Platinum Force Vision, Scorpion and Vision Bagless (2 Pack)</p><p>$13.99 ($7.00 / Count)</p><a href="https://www.amazon.com/dp/B0BKKL3WRB?tag=eloabder-20&linkCode=osi&th=1&psc=1">View Product</a></div><div class="product"><a href="https://www.amazon.com/dp/B09SG1P4WN?tag=eloabder-20&linkCode=osi&th=1&psc=1"><img src="https://m.media-amazon.com/images/I/51+Mr+Wq5ML._SL500_.jpg" alt="Product Image"></a><p>NEN110A Vacuum Filter, Inlet Frame and Sponge Filter Compatible with Eureka Whirlwind Bagless Canister Vacuum Cleaner, Fits NEN110A, NEN110B, NEN110D(4-Pack)</p><p>$15.99 ($4.00 / Count)</p><a href="https://www.amazon.com/dp/B09SG1P4WN?tag=eloabder-20&linkCode=osi&th=1&psc=1">View Product</a></div>
<div class="product"><a href="https://www.amazon.com/dp/B07GT9VB9X?tag=eloabder-20&linkCode=osi&th=1&psc=1"><img src="https://m.media-amazon.com/images/I/41IokheYtNL._SL500_.jpg" alt="Product Image"></a><p>6 Pack 1940 Bissell Steam Mop Pads for Bissell PowerFresh Steam Mop 1806 1544 1440 2075A 2685A 1940W 19404 Series, Model 19402 19408 1940a 1940f 1940q 1940t B0006 B0017, Part #5938#203-2633</p><p>$16.99 ($2.83 / Count)</p><a href="https://www.amazon.com/dp/B07GT9VB9X?tag=eloabder-20&linkCode=osi&th=1&psc=1">View Product</a></div><div class="product"><a href="https://www.amazon.com/dp/B07H3MYZLD?tag=eloabder-20&linkCode=osi&th=1&psc=1"><img src="https://m.media-amazon.com/images/I/511p6MPxQ0L._SL500_.jpg" alt="Product Image"></a><p>Flammi Steam Pocket Mop Replacement Pads for Shark S3500 Series S3501 S3601 S3550 S3901 SE450 S3801CO S3601D S2901 S2902 Steam Pocket Mop, 4 Pack</p><p>$16.97 ($4.24 / Count)</p><a href="https://www.amazon.com/dp/B07H3MYZLD?tag=eloabder-20&linkCode=osi&th=1&psc=1">View Product</a></div><div class="product"><a href="https://www.amazon.com/dp/B0C8SH97HN?tag=eloabder-20&linkCode=osi&th=1&psc=1"><img src="https://m.media-amazon.com/images/I/31Mex4y7odL._SL500_.jpg" alt="Product Image"></a><p>HOMEXCEL Steam Mop Replacement Pads Compatible with Bissell Powerfresh Steam Mop 1940 1806 1440 1544 Series, Model 19402 19404 19408 2685A 2075A 1940A 1940Q 1940T 1940W, Steam Mop Pads Refills,4 Pack</p><p>$9.99 ($2.50 / Count)</p><a href="https://www.amazon.com/dp/B0C8SH97HN?tag=eloabder-20&linkCode=osi&th=1&psc=1">View Product</a></div><div class="product"><a href="https://www.amazon.com/dp/B0BFWTXS33?tag=eloabder-20&linkCode=osi&th=1&psc=1"><img src="https://m.media-amazon.com/images/I/51pa2h7o0EL._SL500_.jpg" alt="Product Image"></a><p>12 Pack 1940 Steam Mop Replacement Pads for Bissell Powerfresh Steam Mop 1940 1440 1806 1544 2075 2685A 2814 Series, Model 19402 19404 19408 19409 1940A 1940F 1940Q 1940T 1940W B0006 B0017 2075A 15441</p><p>$24.99</p><a href="https://www.amazon.com/dp/B0BFWTXS33?tag=eloabder-20&linkCode=osi&th=1&psc=1">View Product</a></div><div class="product"><a href="https://www.amazon.com/dp/B0CLP5QGTY?tag=eloabder-20&linkCode=osi&th=1&psc=1"><img src="https://m.media-amazon.com/images/I/414HqpKde9L._SL500_.jpg" alt="Product Image"></a><p>10 Pack 1940 1806 2685A Steam Mop Pads For Bissell Powerfresh Steam Mop Deluxe Pet Lift-Off Plus Slim Scrubbing Steam Mop Replacement Pad 1940A 2814 1544A 2075A Power Fresh Steamer Pad Refill Washable</p><p>$22.99 ($2.30 / Count)</p><a href="https://www.amazon.com/dp/B0CLP5QGTY?tag=eloabder-20&linkCode=osi&th=1&psc=1">View Product</a></div><div class="product"><a href="https://www.amazon.com/dp/B078BBKBPV?tag=eloabder-20&linkCode=osi&th=1&psc=1"><img src="https://m.media-amazon.com/images/I/51WcJqtOUIL._SL500_.jpg" alt="Product Image"></a><p>Tidy Monster Steam Mop Replacement Pads Compatible with Bissell Powerfresh Steam Mop 1940 1806 1544 1440 2075A 2685A Series, Part # 5938 & 203-2633, 1606668 & 1606669 (4 Pack Scrub Plush)</p><p>$9.99</p><a href="https://www.amazon.com/dp/B078BBKBPV?tag=eloabder-20&linkCode=osi&th=1&psc=1">View Product</a></div><div class="product"><a href="https://www.amazon.com/dp/B00A6G37SU?tag=eloabder-20&linkCode=osi&th=1&psc=1"><img src="https://m.media-amazon.com/images/I/51xo0LB-SpL._SL500_.jpg" alt="Product Image"></a><p>BISSELL PowerFresh Steam Mop Pads (Pack of 2) with Fragrance discs (4 ct), 5938</p><p>$21.26 ($10.63 / Count)</p><a href="https://www.amazon.com/dp/B00A6G37SU?tag=eloabder-20&linkCode=osi&th=1&psc=1">View Product</a></div>
<div class="product"><a href="https://www.amazon.com/dp/B0D2QFVY7H?tag=eloabder-20&linkCode=osi&th=1&psc=1"><img src="https://m.media-amazon.com/images/I/417B7H+vvML._SL500_.jpg" alt="Product Image"></a><p>Kenmore KS1010 Deep Clean & Revitalize Pet Carpet Cleaner Formula, 64 oz, White, 64 Fl Oz</p><p>$22.73 ($0.36 / Fl Oz)</p><a href="https://www.amazon.com/dp/B0D2QFVY7H?tag=eloabder-20&linkCode=osi&th=1&psc=1">View Product</a></div><div class="product"><a href="https://www.amazon.com/dp/B0BNK8ZJJ1?tag=eloabder-20&linkCode=osi&th=1&psc=1"><img src="https://m.media-amazon.com/images/I/51z0Pc4xcNL._SL500_.jpg" alt="Product Image"></a><p>Bissell Spotlifter Pet Carpet and Upholstery Cleaner with Brush Head - 4 Pack, 93523</p><p>$23.88 ($0.50 / Fl Oz)</p><a href="https://www.amazon.com/dp/B0BNK8ZJJ1?tag=eloabder-20&linkCode=osi&th=1&psc=1">View Product</a></div><div class="product"><a href="https://www.amazon.com/dp/B0CX245D26?tag=eloabder-20&linkCode=osi&th=1&psc=1"><img src="https://m.media-amazon.com/images/I/411CSXvvO1L._SL500_.jpg" alt="Product Image"></a><p>BISSELLÂ® Spot & Stain with Febreze + Gain Original Scent Formula for Little Green Devices, Portable Carpet Cleaners (3968)</p><p>$12.99 ($0.41 / Fl Oz)</p><a href="https://www.amazon.com/dp/B0CX245D26?tag=eloabder-20&linkCode=osi&th=1&psc=1">View Product</a></div><div class="product"><a href="https://www.amazon.com/dp/B083VZW4R5?tag=eloabder-20&linkCode=osi&th=1&psc=1"><img src="https://m.media-amazon.com/images/I/413BULPLmBL._SL500_.jpg" alt="Product Image"></a><p>BISSELL Multi-Surface Pet Formula with Febreze Freshness for Crosswave (80 oz), 2295L</p><p>$22.99 ($0.29 / Fl Oz)</p><a href="https://www.amazon.com/dp/B083VZW4R5?tag=eloabder-20&linkCode=osi&th=1&psc=1">View Product</a></div><div class="product"><a href="https://www.amazon.com/dp/B0D2RGW219?tag=eloabder-20&linkCode=osi&th=1&psc=1"><img src="https://m.media-amazon.com/images/I/41gD+82tnAL._SL500_.jpg" alt="Product Image"></a><p>Vacmaster Clean & Restore Carpet Cleaner Formula â€“ CCS03</p><p>$19.99 ($0.31 / Fl Oz)</p><a href="https://www.amazon.com/dp/B0D2RGW219?tag=eloabder-20&linkCode=osi&th=1&psc=1">View Product</a></div>






<div class="product"><a href="https://www.amazon.com/dp/B0BY64HQTP?tag=eloabder-20&linkCode=osi&th=1&psc=1"><img src="https://m.media-amazon.com/images/I/41hUxHuASYL._SL500_.jpg" alt="Product Image"></a><p>Air Conditioning Motor WZDK13-38G-1(RD-310-13-8) DC Brushless Fan Motor, 13W Inverter air Conditioner Motor DC Motor for Central air Conditioner</p><p>$39.95</p><a href="https://www.amazon.com/dp/B0BY64HQTP?tag=eloabder-20&linkCode=osi&th=1&psc=1">View Product</a></div><div class="product"><a href="https://www.amazon.com/dp/B0CM5YB884?tag=eloabder-20&linkCode=osi&th=1&psc=1"><img src="https://m.media-amazon.com/images/I/310lQ2tAvLL._SL500_.jpg" alt="Product Image"></a><p>Sparkfix OEM WZDK20-38G (ZKFP-20-8-6) Air Conditioner Replacement Motors DC280V 20W Air Conditioning Fan Motor Inverter Air Conditioner Brushless DC Motor 1300RPM CCW</p><p>$42.79</p><a href="https://www.amazon.com/dp/B0CM5YB884?tag=eloabder-20&linkCode=osi&th=1&psc=1">View Product</a></div>













<div class="product"><a href="https://www.amazon.com/dp/B009PCI2JU?tag=eloabder-20&linkCode=osi&th=1&psc=1"><img src="https://m.media-amazon.com/images/I/310ZJurANUL._SL500_.jpg" alt="Product Image"></a><p>GE RPWFE Refrigerator Water Filter | Certified to Reduce Lead, Sulfur, and 50+ Other Impurities | Replace Every 6 Months for Best Results | Pack of 1</p><p>$49.98</p><a href="https://www.amazon.com/dp/B009PCI2JU?tag=eloabder-20&linkCode=osi&th=1&psc=1">View Product</a></div><div class="product"><a href="https://www.amazon.com/dp/B0882ZJ48W?tag=eloabder-20&linkCode=osi&th=1&psc=1"><img src="https://m.media-amazon.com/images/I/41110o9sUoL._SL500_.jpg" alt="Product Image"></a><p>GE XWFE Refrigerator Water Filter | Certified to Reduce Lead, Sulfur, and 50+ Other Impurities | Replace Every 6 Months for Best Results | Pack of 1, White</p><p>$49.00</p><a href="https://www.amazon.com/dp/B0882ZJ48W?tag=eloabder-20&linkCode=osi&th=1&psc=1">View Product</a></div><div class="product"><a href="https://www.amazon.com/dp/B074HLRXMP?tag=eloabder-20&linkCode=osi&th=1&psc=1"><img src="https://m.media-amazon.com/images/I/21oDpGCQXiL._SL500_.jpg" alt="Product Image"></a><p>LG LT1000P - 6 Month / 200 Gallon Capacity Replacement Refrigerator Water Filter (NSF42, NSF53, and NSF401) ADQ74793501, ADQ75795105, or AGF80300704 , White</p><p>$47.00</p><a href="https://www.amazon.com/dp/B074HLRXMP?tag=eloabder-20&linkCode=osi&th=1&psc=1">View Product</a></div><div class="product"><a href="https://www.amazon.com/dp/B01BKWSHHE?tag=eloabder-20&linkCode=osi&th=1&psc=1"><img src="https://m.media-amazon.com/images/I/31E2+zlkvjL._SL500_.jpg" alt="Product Image"></a><p>Frigidaire EPTWFU01 Water Filtration Filter, 1 Count, White</p><p>$42.99</p><a href="https://www.amazon.com/dp/B01BKWSHHE?tag=eloabder-20&linkCode=osi&th=1&psc=1">View Product</a></div><div class="product"><a href="https://www.amazon.com/dp/B08V6JB9R7?tag=eloabder-20&linkCode=osi&th=1&psc=1"><img src="https://m.media-amazon.com/images/I/31PRPEffCZL._SL500_.jpg" alt="Product Image"></a><p>Frigidaire FPPWFU01 PurePour PWF-1 Water Filter 1 Count (Pack of 1)</p><p>$45.81</p><a href="https://www.amazon.com/dp/B08V6JB9R7?tag=eloabder-20&linkCode=osi&th=1&psc=1">View Product</a></div><div class="product"><a href="https://www.amazon.com/dp/B000AST3AK?tag=eloabder-20&linkCode=osi&th=1&psc=1"><img src="https://m.media-amazon.com/images/I/41DUoSxpwTS._SL500_.jpg" alt="Product Image"></a><p>GE MWF Refrigerator Water Filter | Certified to Reduce Lead, Sulfur, and 50+ Other Impurities | Replace Every 6 Months for Best Results | Pack of 1</p><p>$39.98</p><a href="https://www.amazon.com/dp/B000AST3AK?tag=eloabder-20&linkCode=osi&th=1&psc=1">View Product</a></div><div class="product"><a href="https://www.amazon.com/dp/B0CFZR7K8D?tag=eloabder-20&linkCode=osi&th=1&psc=1"><img src="https://m.media-amazon.com/images/I/31WM5sdhKLL._SL500_.jpg" alt="Product Image"></a><p>HMASAV W10295370A water filter replacement, Compatible with EDR1RXD1,EDR1RXD1B,W10295370,Filter 1,WHR1RXD1,KAD1RXD1,P4RFWB,P8RFWB2L,46-9930,46-9081 2PACK</p><p>$29.99 ($15.00 / Count)</p><a href="https://www.amazon.com/dp/B0CFZR7K8D?tag=eloabder-20&linkCode=osi&th=1&psc=1">View Product</a></div><div class="product"><a href="https://www.amazon.com/dp/B07JM9TTTT?tag=eloabder-20&linkCode=osi&th=1&psc=1"><img src="https://m.media-amazon.com/images/I/41CfAtJ8TPL._SL500_.jpg" alt="Product Image"></a><p>GLACIER FRESH LT1000PC Replacement Water Filter, Compatible with LT1000PC/PCS, LT1000PC, LT-1000PC, MDJ64844601, ADQ747935 ADQ74793504 Filter and LT120F ADQ73334008 Fresh Air (3+3)</p><p>$39.99 ($13.33 / Count)</p><a href="https://www.amazon.com/dp/B07JM9TTTT?tag=eloabder-20&linkCode=osi&th=1&psc=1">View Product</a></div><div class="product"><a href="https://www.amazon.com/dp/B003N1ZSYG?tag=eloabder-20&linkCode=osi&th=1&psc=1"><img src="https://m.media-amazon.com/images/I/31Mbrkrxu1L._SL500_.jpg" alt="Product Image"></a><p>SAMSUNG Genuine Filter for Refrigerator Water and Ice, Carbon Block Filtration for Clean, Clear Drinking Water, 6-Month Life, HAF-CIN/EXP, 1 Pack</p><p>$39.99</p><a href="https://www.amazon.com/dp/B003N1ZSYG?tag=eloabder-20&linkCode=osi&th=1&psc=1">View Product</a></div>









<div class="product"><a href="https://www.amazon.com/dp/B0B2NZ47HN?tag=eloabder-20&linkCode=osi&th=1&psc=1"><img src="https://m.media-amazon.com/images/I/41nC6c2XxJL._SL500_.jpg" alt="Product Image"></a><p>OTE Portable Sparkling Water Maker Soda Maker Machine for home with 20PCS Cylinders 450ml Personal seltzer Carbonators Electroless Double Layer PET Bottle BPA Free Double Pressure Relief Valves -Pink</p><p>$49.99</p><a href="https://www.amazon.com/dp/B0B2NZ47HN?tag=eloabder-20&linkCode=osi&th=1&psc=1">View Product</a></div><div class="product"><a href="https://www.amazon.com/dp/B09DY54L7M?tag=eloabder-20&linkCode=osi&th=1&psc=1"><img src="https://m.media-amazon.com/images/I/31LSpnm3G8L._SL500_.jpg" alt="Product Image"></a><p>MOSOLAN Bottle Cleaning Brush, 17 Inches Extra Long Handle Water Bottle Brush, Flexible Bendable Cleaner for Washing Narrow Neck Bottles, Wine Decanter, Kombucha, Pipes, Beer Brewing Supplies, 2 Pack</p><p>$11.95 ($5.98 / Count)</p><a href="https://www.amazon.com/dp/B09DY54L7M?tag=eloabder-20&linkCode=osi&th=1&psc=1">View Product</a></div><div class="product"><a href="https://www.amazon.com/dp/B0736CBNDN?tag=eloabder-20&linkCode=osi&th=1&psc=1"><img src="https://m.media-amazon.com/images/I/41tWXmwP5KL._SL500_.jpg" alt="Product Image"></a><p>#2 Filter Pads (10 Pack Bulk) Compatible with Mini Jet Machine | #2 1.8-2.5 micron | 2 Micron Filtering pads. Filter Wine Beer, Kombucha, Mead Mash. Polishing filtration| Not a Buon Vino product.</p><p>$18.99</p><a href="https://www.amazon.com/dp/B0736CBNDN?tag=eloabder-20&linkCode=osi&th=1&psc=1">View Product</a></div>









<div class="product"><a href="https://www.amazon.com/dp/B07YGN577Y?tag=eloabder-20&linkCode=osi&th=1&psc=1"><img src="https://m.media-amazon.com/images/I/31kfZiyDMUL._SL500_.jpg" alt="Product Image"></a><p>9870163 Trash Power Nut WP9870163 L8</p><p>$50.36</p><a href="https://www.amazon.com/dp/B07YGN577Y?tag=eloabder-20&linkCode=osi&th=1&psc=1">View Product</a></div>

<div class="product"><a href="https://www.amazon.com/dp/B0CWQLM4C7?tag=eloabder-20&linkCode=osi&th=1&psc=1"><img src="https://m.media-amazon.com/images/I/41gTEIOjtlL._SL500_.jpg" alt="Product Image"></a><p>7" Seven Seconds Lazy Kitchen Food Making Tools - Multifunctional Fruit Vegetable Chopper Quick Garlic Peeling Machine Convenient Food Chopper for Slicing,Juice,Grinding</p><p>$32.99</p><a href="https://www.amazon.com/dp/B0CWQLM4C7?tag=eloabder-20&linkCode=osi&th=1&psc=1">View Product</a></div>







<div class="product"><a href="https://www.amazon.com/dp/B0CNKFM9WR?tag=eloabder-20&linkCode=osi&th=1&psc=1"><img src="https://m.media-amazon.com/images/I/31sGGIDic9L._SL500_.jpg" alt="Product Image"></a><p>hobbyme Pack of 4 Plastic Coffee Scoops with Brush & Espresso Grinder Brush for Ground Coffee Cleaning Tea Power Coffee Grinder Spoon</p><p>$6.49</p><a href="https://www.amazon.com/dp/B0CNKFM9WR?tag=eloabder-20&linkCode=osi&th=1&psc=1">View Product</a></div>
















<div class="product"><a href="https://www.amazon.com/dp/B00UTFZAII?tag=eloabder-20&linkCode=osi&th=1&psc=1"><img src="https://m.media-amazon.com/images/I/31z7hZ6KbXL._SL500_.jpg" alt="Product Image"></a><p>Miele 10123210 AirClean 3D Efficiency Dust Bag, Type GN, 4 Bags & 2 Filters, White</p><p>$21.86 ($21.86 / Count)</p><a href="https://www.amazon.com/dp/B00UTFZAII?tag=eloabder-20&linkCode=osi&th=1&psc=1">View Product</a></div><div class="product"><a href="https://www.amazon.com/dp/B07WHG6J5S?tag=eloabder-20&linkCode=osi&th=1&psc=1"><img src="https://m.media-amazon.com/images/I/41hnaEOxB9L._SL500_.jpg" alt="Product Image"></a><p>KEEPOW Vacuum Filters for Eureka, Power Speed Vacuum Filters Replacement for Eureka NEU182A, NEU182B, NEU280, NEU180, NEU181, NEU188, NEU202 Bagless Upright Vacuum Cleaner, Part E0202 (4 Pack)</p><p>$9.99 ($2.50 / Count)</p><a href="https://www.amazon.com/dp/B07WHG6J5S?tag=eloabder-20&linkCode=osi&th=1&psc=1">View Product</a></div><div class="product"><a href="https://www.amazon.com/dp/B00UTFZB82?tag=eloabder-20&linkCode=osi&th=1&psc=1"><img src="https://m.media-amazon.com/images/I/41WdlL5T0dL._SL500_.jpg" alt="Product Image"></a><p>Miele AirClean 3D Efficiency Dust Bag, Type FJM, 4 Bags & 2 Filters, White</p><p>$18.99</p><a href="https://www.amazon.com/dp/B00UTFZB82?tag=eloabder-20&linkCode=osi&th=1&psc=1">View Product</a></div><div class="product"><a href="https://www.amazon.com/dp/B09NKP346M?tag=eloabder-20&linkCode=osi&th=1&psc=1"><img src="https://m.media-amazon.com/images/I/41o25nqkODL._SL500_.jpg" alt="Product Image"></a><p>Anewise 6 Pack Filter Replacement for Bissell Powerforce Compact Lightweight Upright 2112 1520 for Bissel Turbo Bagless 2690 Cleanview 3437 3508 Vacuum Cleaner, Compare to Parts #1604896/160-4896</p><p>$12.99</p><a href="https://www.amazon.com/dp/B09NKP346M?tag=eloabder-20&linkCode=osi&th=1&psc=1">View Product</a></div><div class="product"><a href="https://www.amazon.com/dp/B01MQ5NITB?tag=eloabder-20&linkCode=osi&th=1&psc=1"><img src="https://m.media-amazon.com/images/I/41J6lG4H1bL._SL500_.jpg" alt="Product Image"></a><p>Bissell Style 7 3 Pack Vacuum Cleaner Bags, White, 3 Count</p><p>$8.69 ($2.90 / Count)</p><a href="https://www.amazon.com/dp/B01MQ5NITB?tag=eloabder-20&linkCode=osi&th=1&psc=1">View Product</a></div><div class="product"><a href="https://www.amazon.com/dp/B0CDH1JY5D?tag=eloabder-20&linkCode=osi&th=1&psc=1"><img src="https://m.media-amazon.com/images/I/516DPXu4siL._SL500_.jpg" alt="Product Image"></a><p>4 Pack Replacement Filters Compatiable with Wyze Cordless Vacuum Cleaner, Removable and Washable HEPA Filter Accessories Part Set with 1 Cleaning Brush for Wyze Handheld Cordless Vacuum Cleaner</p><p>$15.99 ($4.00 / Count)</p><a href="https://www.amazon.com/dp/B0CDH1JY5D?tag=eloabder-20&linkCode=osi&th=1&psc=1">View Product</a></div><div class="product"><a href="https://www.amazon.com/dp/B07P3WB37F?tag=eloabder-20&linkCode=osi&th=1&psc=1"><img src="https://m.media-amazon.com/images/I/51WaYrkiVXL._SL500_.jpg" alt="Product Image"></a><p>Miele AirClean 3D Efficiency Dust Bag, Type GN, XL Value Pack, 8 Bags and 4 Filters</p><p>$36.99</p><a href="https://www.amazon.com/dp/B07P3WB37F?tag=eloabder-20&linkCode=osi&th=1&psc=1">View Product</a></div><div class="product"><a href="https://www.amazon.com/dp/B09DSY4Z2T?tag=eloabder-20&linkCode=osi&th=1&psc=1"><img src="https://m.media-amazon.com/images/I/51+ref3EeAL._SL500_.jpg" alt="Product Image"></a><p>Filter Replacement for Tineco A10 A11 Hero A10/A11 Master PURE ONE S11 Series, S12, X Cordless Vacuum Cleaner (3 PACK) â€¦</p><p>$12.99 ($4.33 / Count)</p><a href="https://www.amazon.com/dp/B09DSY4Z2T?tag=eloabder-20&linkCode=osi&th=1&psc=1">View Product</a></div>


<div class="product"><a href="https://www.amazon.com/dp/B0BXRR5QFV?tag=eloabder-20&linkCode=osi&th=1&psc=1"><img src="https://m.media-amazon.com/images/I/41sjdBkCp8L._SL500_.jpg" alt="Product Image"></a><p>AC Infinity CLOUDFORGE T7, Plant Humidifier 15L with VPD Humidity Controls, 10-Level Precision Vaporizer, Extendable Hose, Targeting Pipe, and No-Leak Seal for Grow Tents</p><p>$159.00</p><a href="https://www.amazon.com/dp/B0BXRR5QFV?tag=eloabder-20&linkCode=osi&th=1&psc=1">View Product</a></div><div class="product"><a href="https://www.amazon.com/dp/B01N6MV8SA?tag=eloabder-20&linkCode=osi&th=1&psc=1"><img src="https://m.media-amazon.com/images/I/41hX08+W1xL._SL500_.jpg" alt="Product Image"></a><p>Protec Humidifier Tank Cleaner, 1 Count - Colors May Vary</p><p>$5.98</p><a href="https://www.amazon.com/dp/B01N6MV8SA?tag=eloabder-20&linkCode=osi&th=1&psc=1">View Product</a></div><div class="product"><a href="https://www.amazon.com/dp/B07GXBTH82?tag=eloabder-20&linkCode=osi&th=1&psc=1"><img src="https://m.media-amazon.com/images/I/41ibxK12JPL._SL500_.jpg" alt="Product Image"></a><p>Essick Air 1970-2 Humidifier, 2-Quart Bacteriostatic Treatment, 2 Pack, Clear, 2</p><p>$22.99</p><a href="https://www.amazon.com/dp/B07GXBTH82?tag=eloabder-20&linkCode=osi&th=1&psc=1">View Product</a></div><div class="product"><a href="https://www.amazon.com/dp/B08TTT3K9B?tag=eloabder-20&linkCode=osi&th=1&psc=1"><img src="https://m.media-amazon.com/images/I/41U6j9SexmL._SL500_.jpg" alt="Product Image"></a><p>Leemone Humidifier Cleaner 12 Pack, Demineralization Cleaning Ball, Works in All humidifiers and Fish Tanks, Purifies Water, Prevents Hard Water Build-Up, Eliminates White Dust and Odor</p><p>$14.44</p><a href="https://www.amazon.com/dp/B08TTT3K9B?tag=eloabder-20&linkCode=osi&th=1&psc=1">View Product</a></div>
<div class="product"><a href="https://www.amazon.com/dp/B07YD4XCT3?tag=eloabder-20&linkCode=osi&th=1&psc=1"><img src="https://m.media-amazon.com/images/I/41hR81iKyJL._SL500_.jpg" alt="Product Image"></a><p>Vacplus Moisture Absorber Packets, Fragrance Free(10 Pack), Humidity Packs, Hanging Closet Dehumidifier Bags, Desiccant 9.8OZ</p><p>$21.99</p><a href="https://www.amazon.com/dp/B07YD4XCT3?tag=eloabder-20&linkCode=osi&th=1&psc=1">View Product</a></div><div class="product"><a href="https://www.amazon.com/dp/B09LQF5V5K?tag=eloabder-20&linkCode=osi&th=1&psc=1"><img src="https://m.media-amazon.com/images/I/51Cx5ECAotL._SL500_.jpg" alt="Product Image"></a><p>CLEVAST Moisture Absorbers Packets 10 Pack, Dehumidifier Bags for Closet, Unscented Hanging Humidity Absorber in Wardrobes, Bedrooms, Bathrooms(230g/pack)</p><p>$16.98</p><a href="https://www.amazon.com/dp/B09LQF5V5K?tag=eloabder-20&linkCode=osi&th=1&psc=1">View Product</a></div><div class="product"><a href="https://www.amazon.com/dp/B0B8L9QRW8?tag=eloabder-20&linkCode=osi&th=1&psc=1"><img src="https://m.media-amazon.com/images/I/518LgtpPi8L._SL500_.jpg" alt="Product Image"></a><p>Arm & Hammer Essentials Disposable Moisture Absorber and Odor Eliminator Tub, Fragrance Free, 1 lb, 3-Pack, Attracts and Traps Excess Moisture, Ideal Closet Dehumidifier, White</p><p>$24.94 ($0.52 / Ounce)</p><a href="https://www.amazon.com/dp/B0B8L9QRW8?tag=eloabder-20&linkCode=osi&th=1&psc=1">View Product</a></div><div class="product"><a href="https://www.amazon.com/dp/B09W9TPJGZ?tag=eloabder-20&linkCode=osi&th=1&psc=1"><img src="https://m.media-amazon.com/images/I/51pVTVMwHbL._SL500_.jpg" alt="Product Image"></a><p>THECOSKY Dehumidifier and Air Purifier Combo,HEPA H13 Filter and Negative Air Ion Function,54oz(1.6L) Water Tank with Drain Hose,24hrs Auto-Off Timer,Idea for Bedroom,Bathroom,Closet,RV</p><p>$109.99</p><a href="https://www.amazon.com/dp/B09W9TPJGZ?tag=eloabder-20&linkCode=osi&th=1&psc=1">View Product</a></div><div class="product"><a href="https://www.amazon.com/dp/B0CXDG65LZ?tag=eloabder-20&linkCode=osi&th=1&psc=1"><img src="https://m.media-amazon.com/images/I/41HNflmbKHL._SL500_.jpg" alt="Product Image"></a><p>14 x 17.5 x1.75 MERV 13 Replacement Dehumidifier Filter Compatible with Santa Fe Advance90, Advance100, Advance120, Honeywell DR90 & DR120 dehumidifier models, 2 Pack</p><p>$42.99</p><a href="https://www.amazon.com/dp/B0CXDG65LZ?tag=eloabder-20&linkCode=osi&th=1&psc=1">View Product</a></div>
<div class="product"><a href="https://www.amazon.com/dp/B088B921NQ?tag=eloabder-20&linkCode=osi&th=1&psc=1"><img src="https://m.media-amazon.com/images/I/612e4cT3RYL._SL500_.jpg" alt="Product Image"></a><p>ULTTY H13 HEPA Replacement Filter with Medical Coating, True HEPA Filter For R021/ R020 Purifying Fan, Medium</p><p>$29.99</p><a href="https://www.amazon.com/dp/B088B921NQ?tag=eloabder-20&linkCode=osi&th=1&psc=1">View Product</a></div><div class="product"><a href="https://www.amazon.com/dp/B0D2MZ4Y7Z?tag=eloabder-20&linkCode=osi&th=1&psc=1"><img src="https://m.media-amazon.com/images/I/51KgTHizWyL._SL500_.jpg" alt="Product Image"></a><p>Butto 5-Pack Ceiling Fan Filters for Blades - Strong Adhesive Ceiling Fan Filters for Common Household Contaminants - Unscented Coconut Carbon Fan Air Purifier Pads to Make Air Fresh and Natural</p><p>$9.98</p><a href="https://www.amazon.com/dp/B0D2MZ4Y7Z?tag=eloabder-20&linkCode=osi&th=1&psc=1">View Product</a></div><div class="product"><a href="https://www.amazon.com/dp/B0C42HCM21?tag=eloabder-20&linkCode=osi&th=1&psc=1"><img src="https://m.media-amazon.com/images/I/31jk3lpoygL._SL500_.jpg" alt="Product Image"></a><p>Barnakl Ceiling Fan Filters | Activated Coconut Shell Carbon Filter | Easy-Stick Universal Ceiling Fan Air Filters | Unscented Ceiling Fan Blade Filters for Common Household Contaminants, (3-Count)</p><p>$19.99 ($6.66 / Count)</p><a href="https://www.amazon.com/dp/B0C42HCM21?tag=eloabder-20&linkCode=osi&th=1&psc=1">View Product</a></div>
<div class="product"><a href="https://www.amazon.com/dp/B08LZWP29P?tag=eloabder-20&linkCode=osi&th=1&psc=1"><img src="https://m.media-amazon.com/images/I/41NLuzzFW9L._SL500_.jpg" alt="Product Image"></a><p>Chromex Tankless Water Heater Descaling Solution | Highly Effective Descaler Restores Heating Efficiency, Quart, 32 fl oz (1)</p><p>$26.99</p><a href="https://www.amazon.com/dp/B08LZWP29P?tag=eloabder-20&linkCode=osi&th=1&psc=1">View Product</a></div>

<div class="product"><a href="https://www.amazon.com/dp/B005UO4OWQ?tag=eloabder-20&linkCode=osi&th=1&psc=1"><img src="https://m.media-amazon.com/images/I/41oQPKFofoL._SL500_.jpg" alt="Product Image"></a><p>Bissell 203-7458 Brushroll, Bg10/86T3, Black</p><p>$21.26 ($21.26 / Count)</p><a href="https://www.amazon.com/dp/B005UO4OWQ?tag=eloabder-20&linkCode=osi&th=1&psc=1">View Product</a></div>





















<div class="product"><a href="https://www.amazon.com/dp/B0014J7FUY?tag=eloabder-20&linkCode=osi&th=1&psc=1"><img src="https://m.media-amazon.com/images/I/31QrM+IPxOL._SL500_.jpg" alt="Product Image"></a><p>Urnex Grindz Professional Coffee Grinder Cleaning Tablets - 430 Grams - All Natural Food Safe Gluten Free - Cleans Burr and Casing - Help Extend Life of Your Grinder</p><p>$25.99 ($1.71 / Ounce)</p><a href="https://www.amazon.com/dp/B0014J7FUY?tag=eloabder-20&linkCode=osi&th=1&psc=1">View Product</a></div>



<div class="product"><a href="https://www.amazon.com/dp/B0CHW317SG?tag=eloabder-20&linkCode=osi&th=1&psc=1"><img src="https://m.media-amazon.com/images/I/41Qd5Iu3qBL._SL500_.jpg" alt="Product Image"></a><p>EUHOMY 55 Can Beverage Refrigerator cooler-Mini Fridge Glass Door for Beer Drinks Wines, Freestanding Beverage Fridge with Adjustable Shelves Blue LED for Home/Office/Dorm/Bar (1.3cu.ft)</p><p>$128.99</p><a href="https://www.amazon.com/dp/B0CHW317SG?tag=eloabder-20&linkCode=osi&th=1&psc=1">View Product</a></div>

<div class="product"><a href="https://www.amazon.com/dp/B099CN2MRK?tag=eloabder-20&linkCode=osi&th=1&psc=1"><img src="https://m.media-amazon.com/images/I/31CvUCIUX5L._SL500_.jpg" alt="Product Image"></a><p>Genuine PuroAir 240 Replacement Filter - Replacement HEPA Filter for PuroAir 240 Purifier - Captures up to 99% of Pollen, Smoke, Pollen, Dust and Common Household Pollutants</p><p>$48.00</p><a href="https://www.amazon.com/dp/B099CN2MRK?tag=eloabder-20&linkCode=osi&th=1&psc=1">View Product</a></div><div class="product"><a href="https://www.amazon.com/dp/B0055521W0?tag=eloabder-20&linkCode=osi&th=1&psc=1"><img src="https://m.media-amazon.com/images/I/41Hs7ixdyXL._SL500_.jpg" alt="Product Image"></a><p>GermGuardian Filter B HEPA Pure Genuine Air Purifier Replacement Filter, Removes 99.97% of Pollutants for AC4825, AC4300, AC4900, AC4825DLX, AC4850, CDAP4500, AP2200, Black/Yellow, FLT4825</p><p>$17.90 ($17.90 / Count)</p><a href="https://www.amazon.com/dp/B0055521W0?tag=eloabder-20&linkCode=osi&th=1&psc=1">View Product</a></div><div class="product"><a href="https://www.amazon.com/dp/B0BNMYKZPV?tag=eloabder-20&linkCode=osi&th=1&psc=1"><img src="https://m.media-amazon.com/images/I/41-K3mB6KkL._SL500_.jpg" alt="Product Image"></a><p>2 Pack True HEPA KILO Filter Compatible with Afloia KILO, KILOPLUS, KILOPRO, MIRO,MIRO PRO and MORENTO MR-Kilo, Kalo Air Purifier, 360Â° 3-Stage Filtration</p><p>$34.99 ($17.50 / Count)</p><a href="https://www.amazon.com/dp/B0BNMYKZPV?tag=eloabder-20&linkCode=osi&th=1&psc=1">View Product</a></div><div class="product"><a href="https://www.amazon.com/dp/B0D3M4Y9W7?tag=eloabder-20&linkCode=osi&th=1&psc=1"><img src="https://m.media-amazon.com/images/I/41tzW+mkZuL._SL500_.jpg" alt="Product Image"></a><p>Breshair 14 True HEPA Filter Replacement Compatible with PuroAir 240 Air Purifier, 3-in-1 Filtration System with Activated Carbon Filter, 2-Pack</p><p>$31.56 ($15.78 / Count)</p><a href="https://www.amazon.com/dp/B0D3M4Y9W7?tag=eloabder-20&linkCode=osi&th=1&psc=1">View Product</a></div><div class="product"><a href="https://www.amazon.com/dp/B0CB18MVX6?tag=eloabder-20&linkCode=osi&th=1&psc=1"><img src="https://m.media-amazon.com/images/I/519ZmmLOrzL._SL500_.jpg" alt="Product Image"></a><p>2 Pack 3-in-1 H13 True HEPA Replacement Filter Compatible with Pure Enrichment PureZone Air Purifier Part# PEAIRPLG</p><p>$23.99 ($12.00 / Count)</p><a href="https://www.amazon.com/dp/B0CB18MVX6?tag=eloabder-20&linkCode=osi&th=1&psc=1">View Product</a></div><div class="product"><a href="https://www.amazon.com/dp/B08JTZMRML?tag=eloabder-20&linkCode=osi&th=1&psc=1"><img src="https://m.media-amazon.com/images/I/51yx60sCjHL._SL500_.jpg" alt="Product Image"></a><p>6 Pack HPA300 HEPA Filter Replacement for Honeywell HPA300 Series Air Purifiers HPA300, HPA300VP, HPA304, HPA3300, Replace HRF-R3 (6 Ture HEPA R Replacement Filter + 8 Activated Carbon Pre-Filter)</p><p>$47.99 ($3.43 / Count)</p><a href="https://www.amazon.com/dp/B08JTZMRML?tag=eloabder-20&linkCode=osi&th=1&psc=1">View Product</a></div><div class="product"><a href="https://www.amazon.com/dp/B0CF1GLSYS?tag=eloabder-20&linkCode=osi&th=1&psc=1"><img src="https://m.media-amazon.com/images/I/41709EXRzXL._SL500_.jpg" alt="Product Image"></a><p>CHIVALZ 4 Pack HY4866 True HEPA Replacement Filters Compatible with MORENTO HY4866 Air Purifier, WESTHEY HY4866 Air Purifier and YIOU M1 Air Cleaner Purifier, Original Version</p><p>$39.99 ($10.00 / Count)</p><a href="https://www.amazon.com/dp/B0CF1GLSYS?tag=eloabder-20&linkCode=osi&th=1&psc=1">View Product</a></div>







<div class="product"><a href="https://www.amazon.com/dp/B0CYKMFKR9?tag=eloabder-20&linkCode=osi&th=1&psc=1"><img src="https://m.media-amazon.com/images/I/316zU-ozoxL._SL500_.jpg" alt="Product Image"></a><p>Air Purifier Replacement Filter for Space Heater Bladeless Fan</p><p>$29.99</p><a href="https://www.amazon.com/dp/B0CYKMFKR9?tag=eloabder-20&linkCode=osi&th=1&psc=1">View Product</a></div>
<div class="product"><a href="https://www.amazon.com/dp/B07MRH6VY7?tag=eloabder-20&linkCode=osi&th=1&psc=1"><img src="https://m.media-amazon.com/images/I/51g-nuN4A5L._SL500_.jpg" alt="Product Image"></a><p>Colorfullife Replacement Air Purifier Filter for Dyson Tower Purifier Pure Cool Link TP01, TP02, TP03, BP01, Compare to Part 968126-03ï¼Œ2 Pack</p><p>$26.99</p><a href="https://www.amazon.com/dp/B07MRH6VY7?tag=eloabder-20&linkCode=osi&th=1&psc=1">View Product</a></div><div class="product"><a href="https://www.amazon.com/dp/B07TX5SW7J?tag=eloabder-20&linkCode=osi&th=1&psc=1"><img src="https://m.media-amazon.com/images/I/512Kn+cPglL._SL500_.jpg" alt="Product Image"></a><p>TP01 HEPA Filter Replacement Compatible with Dyson Tower Purifier Pure Cool Link TP01, TP02, TP03, AM11, BP01 Models, Compare to Part # 968126-03 (Pack of 2)</p><p>$27.95 ($13.98 / Count)</p><a href="https://www.amazon.com/dp/B07TX5SW7J?tag=eloabder-20&linkCode=osi&th=1&psc=1">View Product</a></div><div class="product"><a href="https://www.amazon.com/dp/B0CC24GZGB?tag=eloabder-20&linkCode=osi&th=1&psc=1"><img src="https://m.media-amazon.com/images/I/41woNpZ9VgL._SL500_.jpg" alt="Product Image"></a><p>TP01 TP02 Filter Compatible with Dyson Pure Cool Link Purifying Tower Fan TP00 TP03 AM11 and Cool Me BP01 Personal Series, 360Â° Air Purifier Filter Replacement 968126-03, 1-Pack</p><p>$25.99</p><a href="https://www.amazon.com/dp/B0CC24GZGB?tag=eloabder-20&linkCode=osi&th=1&psc=1">View Product</a></div><div class="product"><a href="https://www.amazon.com/dp/B0CX23N2JJ?tag=eloabder-20&linkCode=osi&th=1&psc=1"><img src="https://m.media-amazon.com/images/I/3145hmd5j7L._SL500_.jpg" alt="Product Image"></a><p>Dreo Air Purifiers Replacement Filter, HEPA Filter for Dreo Purifier Tower Fan MC710S, with 2 Stage Filtration, Black, Standard(DR-HPA019)</p><p>$39.99</p><a href="https://www.amazon.com/dp/B0CX23N2JJ?tag=eloabder-20&linkCode=osi&th=1&psc=1">View Product</a></div>










<div class="product"><a href="https://www.amazon.com/dp/B001U0OJ7O?tag=eloabder-20&linkCode=osi&th=1&psc=1"><img src="https://m.media-amazon.com/images/I/41XEg3QV-wL._SL500_.jpg" alt="Product Image"></a><p>Whirlpool W10165294RB 15-Inch Plastic Trash Compactor ct, 60 Bags, Count</p><p>$48.34</p><a href="https://www.amazon.com/dp/B001U0OJ7O?tag=eloabder-20&linkCode=osi&th=1&psc=1">View Product</a></div><div class="product"><a href="https://www.amazon.com/dp/B0CC3V4ZZ4?tag=eloabder-20&linkCode=osi&th=1&psc=1"><img src="https://m.media-amazon.com/images/I/31bbvodHnjL._SL500_.jpg" alt="Product Image"></a><p>Waste Smasher- Hand-Held Manual Trash Compactor Dishwasher Safe Black</p><p>$24.95</p><a href="https://www.amazon.com/dp/B0CC3V4ZZ4?tag=eloabder-20&linkCode=osi&th=1&psc=1">View Product</a></div><div class="product"><a href="https://www.amazon.com/dp/B00IYO5914?tag=eloabder-20&linkCode=osi&th=1&psc=1"><img src="https://m.media-amazon.com/images/I/51SLpTXIYNL._SL500_.jpg" alt="Product Image"></a><p>Kitchen Master Super Strong Compactor Bags Pre Cuffed (12 Pack)</p><p>$34.95</p><a href="https://www.amazon.com/dp/B00IYO5914?tag=eloabder-20&linkCode=osi&th=1&psc=1">View Product</a></div><div class="product"><a href="https://www.amazon.com/dp/B075DJ4ZVQ?tag=eloabder-20&linkCode=osi&th=1&psc=1"><img src="https://m.media-amazon.com/images/I/51Vaek4I89L._SL500_.jpg" alt="Product Image"></a><p>Dano Pre-Cuffed Compactor Bags</p><p>$32.95 ($2.75 / Count)</p><a href="https://www.amazon.com/dp/B075DJ4ZVQ?tag=eloabder-20&linkCode=osi&th=1&psc=1">View Product</a></div><div class="product"><a href="https://www.amazon.com/dp/B0C2DCVCBJ?tag=eloabder-20&linkCode=osi&th=1&psc=1"><img src="https://m.media-amazon.com/images/I/51072CtaKuL._SL500_.jpg" alt="Product Image"></a><p>60-pack W10165294RB Trash Compactor Bags - leak-proof trash compactor bags for kitchen 60-ct 15 inches - Fits 15-inch Rectangular Drawer Compactors</p><p>$45.99 ($0.77 / Count)</p><a href="https://www.amazon.com/dp/B0C2DCVCBJ?tag=eloabder-20&linkCode=osi&th=1&psc=1">View Product</a></div><div class="product"><a href="https://www.amazon.com/dp/B001U0OJ7E?tag=eloabder-20&linkCode=osi&th=1&psc=1"><img src="https://m.media-amazon.com/images/I/41c0z26RyvL._SL500_.jpg" alt="Product Image"></a><p>Whirlpool W10165293RB Genuine OEM 60 Pack-Plastic Compactor Bags-18" Models â€“ 1394369, 4178058, 4318932, 4318933, 4318935, 4318937, 4318939, AH1964576, EA1964576, PS1964576</p><p>$48.64 ($0.81 / Count)</p><a href="https://www.amazon.com/dp/B001U0OJ7E?tag=eloabder-20&linkCode=osi&th=1&psc=1">View Product</a></div><div class="product"><a href="https://www.amazon.com/dp/B00W27J16S?tag=eloabder-20&linkCode=osi&th=1&psc=1"><img src="https://m.media-amazon.com/images/I/41RaOjAGlrL._SL500_.jpg" alt="Product Image"></a><p>Compactor Bags Pre Cuffed (50 Pack)</p><p>$84.95 ($1.70 / count)</p><a href="https://www.amazon.com/dp/B00W27J16S?tag=eloabder-20&linkCode=osi&th=1&psc=1">View Product</a></div><div class="product"><a href="https://www.amazon.com/dp/B00MOCYY2W?tag=eloabder-20&linkCode=osi&th=1&psc=1"><img src="https://m.media-amazon.com/images/I/41SH8mDsAnL._SL500_.jpg" alt="Product Image"></a><p>GE WX60X1 Genuine OEM Universal Trash Compactor Bags for GE Trash Compactors</p><p>$19.00</p><a href="https://www.amazon.com/dp/B00MOCYY2W?tag=eloabder-20&linkCode=osi&th=1&psc=1">View Product</a></div><div class="product"><a href="https://www.amazon.com/dp/B0D7SFSTNG?tag=eloabder-20&linkCode=osi&th=1&psc=1"><img src="https://m.media-amazon.com/images/I/41szt9tZJPL._SL500_.jpg" alt="Product Image"></a><p>4PCS Trash Compactor Charcoal Air Filter Fit for Whirlpool/KitchenAid/Maytag/Jenn-Air/Amana/Inglis/Magic Chef Trash Compactor, Replaces 4151750 554358 WP4151750 AP6009134 PS11742279</p><p>$23.59 ($5.90 / Count)</p><a href="https://www.amazon.com/dp/B0D7SFSTNG?tag=eloabder-20&linkCode=osi&th=1&psc=1">View Product</a></div>
<div class="product"><a href="https://www.amazon.com/dp/B0CGLX5ZB9?tag=eloabder-20&linkCode=osi&th=1&psc=1"><img src="https://m.media-amazon.com/images/I/51qeRZQS98L._SL500_.jpg" alt="Product Image"></a><p>Spare Replacement Parts Compatible with MAMNV BR150 BR151, ZCWA BR150 BR151, MANVINS G20 Robot Vacuum and Mop Combo Accessories Include: 3 Hepa Filters 3 Mop Pads 6 Side Spin Brushes</p><p>$9.98</p><a href="https://www.amazon.com/dp/B0CGLX5ZB9?tag=eloabder-20&linkCode=osi&th=1&psc=1">View Product</a></div><div class="product"><a href="https://www.amazon.com/dp/B0B28DGZBG?tag=eloabder-20&linkCode=osi&th=1&psc=1"><img src="https://m.media-amazon.com/images/I/51ooMN4RqML._SL500_.jpg" alt="Product Image"></a><p>Replacement Parts for Shark AI AV2511AE AV2501S AV2610WA AV2501AE RV2502AE RV2610WA RV2520 AV2510 2-In-1 AI Ultra Robot Vacuum Cleaner Accessories Kits. Main Brush, HEPA Filter, Foam Filter,Side Brush</p><p>$19.99 ($1.05 / Count)</p><a href="https://www.amazon.com/dp/B0B28DGZBG?tag=eloabder-20&linkCode=osi&th=1&psc=1">View Product</a></div><div class="product"><a href="https://www.amazon.com/dp/B0782T7L6P?tag=eloabder-20&linkCode=osi&th=1&psc=1"><img src="https://m.media-amazon.com/images/I/41hTVkuzMJL._SL500_.jpg" alt="Product Image"></a><p>10pcs HEPA Filters Replacement for ILIFE V3s V3s pro V5 V5s V5s Pro V5s Pro 2 V5s Plus Noisz S5 Robotic Vacuum Cleaner ILIFE V3s pro Filters ILIFE Robot Vacuum Filter</p><p>$9.80 ($0.98 / Count)</p><a href="https://www.amazon.com/dp/B0782T7L6P?tag=eloabder-20&linkCode=osi&th=1&psc=1">View Product</a></div><div class="product"><a href="https://www.amazon.com/dp/B0CXLVHTTC?tag=eloabder-20&linkCode=osi&th=1&psc=1"><img src="https://m.media-amazon.com/images/I/51BT3phYzKL._SL500_.jpg" alt="Product Image"></a><p>HUIZHEN Spare Accessories for MAMNV BR150/BR151, for ZCWA BR150/BR151, for MANVINS G20,for GTTVO BR150/BR151,for ONSON BR150/BR151 Robot Vacuum Replacement Parts,6 Side Brush,4 HEPA Filters,4 Mop Pads</p><p>$9.99</p><a href="https://www.amazon.com/dp/B0CXLVHTTC?tag=eloabder-20&linkCode=osi&th=1&psc=1">View Product</a></div><div class="product"><a href="https://www.amazon.com/dp/B08RYDDQL8?tag=eloabder-20&linkCode=osi&th=1&psc=1"><img src="https://m.media-amazon.com/images/I/314Xd7+oBXL._SL500_.jpg" alt="Product Image"></a><p>AirClean 4 Pack 3.7" High Replacement Base Pre-Motor Foam Filters Compatible with Shark IQ Robot Vacuum R101AE RV1001AE UR1005AE Self-Empty Base</p><p>$12.99 ($3.25 / Count)</p><a href="https://www.amazon.com/dp/B08RYDDQL8?tag=eloabder-20&linkCode=osi&th=1&psc=1">View Product</a></div><div class="product"><a href="https://www.amazon.com/dp/B0CJLHJ557?tag=eloabder-20&linkCode=osi&th=1&psc=1"><img src="https://m.media-amazon.com/images/I/41iQm8hUjiL._SL500_.jpg" alt="Product Image"></a><p>Replacement Parts Compatible with WYZE Robot Vacuum Cleaner WVCR200S Accessories, 2 Main Brushes, 6 Hepa Filters, 8 Side Brushes Attachment Spare Pack</p><p>$14.99 ($0.94 / Count)</p><a href="https://www.amazon.com/dp/B0CJLHJ557?tag=eloabder-20&linkCode=osi&th=1&psc=1">View Product</a></div>
<div class="product"><a href="https://www.amazon.com/dp/B0C4595Q8P?tag=eloabder-20&linkCode=osi&th=1&psc=1"><img src="https://m.media-amazon.com/images/I/51k23SAtRxL._SL500_.jpg" alt="Product Image"></a><p>4 Pack FSV001 HEPA Filter Compatiable with Fabuletta FSV101, FSV001, Girnoor G160&G165, Afoddon A300, Lubluelu 202, Oraimo Cordless Vacuum Cleaner, Besswin W26 Cordless Stick Vacuum Cleaners</p><p>$15.99 ($4.00 / Count)</p><a href="https://www.amazon.com/dp/B0C4595Q8P?tag=eloabder-20&linkCode=osi&th=1&psc=1">View Product</a></div>
<div class="product"><a href="https://www.amazon.com/dp/B0BNKJX96X?tag=eloabder-20&linkCode=osi&th=1&psc=1"><img src="https://m.media-amazon.com/images/I/41OPeLFppoL._SL500_.jpg" alt="Product Image"></a><p>6 PACK 2033 Replacement Filter Compatible with Bissell Featherweight Stick Lightweight Bagless Vacuum Cleaner 20331, 20333, 20334, 20336, 20339, 2033M,6 Mesh Filter 6 Foam Filters, Replace # 1611508</p><p>$14.99 ($2.50 / Count)</p><a href="https://www.amazon.com/dp/B0BNKJX96X?tag=eloabder-20&linkCode=osi&th=1&psc=1">View Product</a></div><div class="product"><a href="https://www.amazon.com/dp/B0CMBWLTSM?tag=eloabder-20&linkCode=osi&th=1&psc=1"><img src="https://m.media-amazon.com/images/I/41PHqKaLTDL._SL500_.jpg" alt="Product Image"></a><p>18V ONE + Cordless Pet Stick Vacuum Filter for Ryobi, PCL720, PBLSV716, PBLSV717 Stick Vacuum, Reusable Washable Filters, Compare to Part A32SV720N, 6 Pack</p><p>$15.99 ($2.66 / Count)</p><a href="https://www.amazon.com/dp/B0CMBWLTSM?tag=eloabder-20&linkCode=osi&th=1&psc=1">View Product</a></div><div class="product"><a href="https://www.amazon.com/dp/B0CXDYWWT9?tag=eloabder-20&linkCode=osi&th=1&psc=1"><img src="https://m.media-amazon.com/images/I/41F1csTT8jL._SL500_.jpg" alt="Product Image"></a><p>2 Replacement Filters for Craftsman V20 Cordless Stick Vacuum CMCVS001D1, for Black Decker BSVF1 BSV2020 BSV2020G BSV2020P Cordless Stick Vacuum Cleaner with 1 Cleaning Brush</p><p>$14.99</p><a href="https://www.amazon.com/dp/B0CXDYWWT9?tag=eloabder-20&linkCode=osi&th=1&psc=1">View Product</a></div><div class="product"><a href="https://www.amazon.com/dp/B0CCJ5N5DH?tag=eloabder-20&linkCode=osi&th=1&psc=1"><img src="https://m.media-amazon.com/images/I/41xmhDPqk8L._SL500_.jpg" alt="Product Image"></a><p>Aolleteau 1 Pack Brush Roller Compatible with Black + Decker BSV2020, BSV2020P, BSV2020G Powerseries Extreme Cordless Stick Vacuum and Compatible with Craftsman V20 Cordless Stick Vacuum CMCVS001D1</p><p>$17.99</p><a href="https://www.amazon.com/dp/B0CCJ5N5DH?tag=eloabder-20&linkCode=osi&th=1&psc=1">View Product</a></div><div class="product"><a href="https://www.amazon.com/dp/B0CQY61LFD?tag=eloabder-20&linkCode=osi&th=1&psc=1"><img src="https://m.media-amazon.com/images/I/31swBBC444L._SL500_.jpg" alt="Product Image"></a><p>Tablenco for Shark HZ602 Filter Replacement Ultralight Pet Pro Corded Stick Vacuum and HZ2002 Vertex DuoClean PowerFins fit HZ2000 HZ251 HZ250 HH200 HH202,4 Foam Felt 4 Motor Kit (No cleaning brush)</p><p>$9.98</p><a href="https://www.amazon.com/dp/B0CQY61LFD?tag=eloabder-20&linkCode=osi&th=1&psc=1">View Product</a></div><div class="product"><a href="https://www.amazon.com/dp/B09Q55KW8W?tag=eloabder-20&linkCode=osi&th=1&psc=1"><img src="https://m.media-amazon.com/images/I/51MKsJy6nSL._SL500_.jpg" alt="Product Image"></a><p>Anicell 2033 Featherweight Filter for Bissell Featherweight Stick Lightweight Bagless Vacuum 20331 20333 20334 20336 20339 2033M, 4 Mesh Filters 6 Foam Filters Replacement, Replace part# 1611508</p><p>$11.99</p><a href="https://www.amazon.com/dp/B09Q55KW8W?tag=eloabder-20&linkCode=osi&th=1&psc=1">View Product</a></div><div class="product"><a href="https://www.amazon.com/dp/B0CDVG7LHD?tag=eloabder-20&linkCode=osi&th=1&psc=1"><img src="https://m.media-amazon.com/images/I/41hjN1Te6sL._SL500_.jpg" alt="Product Image"></a><p>Moreffi 3 Pack Filter Replacement For HART Cordless Stick Vacuum HPSV01 and HPSV50, Compare to Part Number HASV01</p><p>$19.99 ($6.66 / Count)</p><a href="https://www.amazon.com/dp/B0CDVG7LHD?tag=eloabder-20&linkCode=osi&th=1&psc=1">View Product</a></div>
<div class="product"><a href="https://www.amazon.com/dp/B07DQ9TZC8?tag=eloabder-20&linkCode=osi&th=1&psc=1"><img src="https://m.media-amazon.com/images/I/41PHyZ20FuL._SL500_.jpg" alt="Product Image"></a><p>Kenmore 53294 Style O HEPA Cloth Vacuum Bags for Kenmore Upright Vacuum Cleaners 6 Pack,White</p><p>$20.99 ($3.50 / Count)</p><a href="https://www.amazon.com/dp/B07DQ9TZC8?tag=eloabder-20&linkCode=osi&th=1&psc=1">View Product</a></div><div class="product"><a href="https://www.amazon.com/dp/B08MXVTTT2?tag=eloabder-20&linkCode=osi&th=1&psc=1"><img src="https://m.media-amazon.com/images/I/41T6wRpIMzL._SL500_.jpg" alt="Product Image"></a><p>Kenmore IB600 HEPA Replacement Intuition Upright Vacuum Cleaner Bags for BU4022, BU4020, BU4018, BU4050, BU3040,White</p><p>$18.75</p><a href="https://www.amazon.com/dp/B08MXVTTT2?tag=eloabder-20&linkCode=osi&th=1&psc=1">View Product</a></div><div class="product"><a href="https://www.amazon.com/dp/B01010JVYO?tag=eloabder-20&linkCode=osi&th=1&psc=1"><img src="https://m.media-amazon.com/images/I/51Anluh47GL._SL500_.jpg" alt="Product Image"></a><p>EnviroCare Replacement Micro Filtration Vacuum Cleaner Dust Bags Designed to fit Hoover Windtunnel Upright Type Y 9 pack</p><p>$9.89 ($1.10 / Count)</p><a href="https://www.amazon.com/dp/B01010JVYO?tag=eloabder-20&linkCode=osi&th=1&psc=1">View Product</a></div><div class="product"><a href="https://www.amazon.com/dp/B0D5CP3WBY?tag=eloabder-20&linkCode=osi&th=1&psc=1"><img src="https://m.media-amazon.com/images/I/31MaGmsVOwL._SL500_.jpg" alt="Product Image"></a><p>Bagless Upright Kenmore Vacuum HEPA Filters, Compatible with Foam Filters, Felt Filters and Upright vacuum cleaner for Models K4010,DU2015,DU2012(includes 1 Hepa Filters,2 Foam and 2 Felt Filters)</p><p>$12.99</p><a href="https://www.amazon.com/dp/B0D5CP3WBY?tag=eloabder-20&linkCode=osi&th=1&psc=1">View Product</a></div><div class="product"><a href="https://www.amazon.com/dp/B0CBFV28WX?tag=eloabder-20&linkCode=osi&th=1&psc=1"><img src="https://m.media-amazon.com/images/I/51LIYI0wXSL._SL500_.jpg" alt="Product Image"></a><p>16 Packs Vacuum Bags for Oreck Type CC, Compatible with All Oreck XL Upright Vacuum Cleaner - Replaces Part # CCPK8DW</p><p>$21.99 ($1.37 / Count)</p><a href="https://www.amazon.com/dp/B0CBFV28WX?tag=eloabder-20&linkCode=osi&th=1&psc=1">View Product</a></div><div class="product"><a href="https://www.amazon.com/dp/B00F9GQMHA?tag=eloabder-20&linkCode=osi&th=1&psc=1"><img src="https://m.media-amazon.com/images/I/51lhelurelL._SL500_.jpg" alt="Product Image"></a><p>EnviroCare Replacement Premium Vacuum Cleaner Dust Bags made to fit Eureka F&G Uprights 9 bags</p><p>$11.09</p><a href="https://www.amazon.com/dp/B00F9GQMHA?tag=eloabder-20&linkCode=osi&th=1&psc=1">View Product</a></div><div class="product"><a href="https://www.amazon.com/dp/B002CI8G1I?tag=eloabder-20&linkCode=osi&th=1&psc=1"><img src="https://m.media-amazon.com/images/I/51PYQrQpbSL._SL500_.jpg" alt="Product Image"></a><p>EnviroCare Replacement Micro Filtration Vacuum Cleaner Dust Bags made to fit Kenmore Upright Type U/L/O 50688 and 50690, Panasonic Type U-2, Miele Type Z. 9 pack</p><p>$9.99</p><a href="https://www.amazon.com/dp/B002CI8G1I?tag=eloabder-20&linkCode=osi&th=1&psc=1">View Product</a></div>
<div class="product"><a href="https://www.amazon.com/dp/B07GNQJ67P?tag=eloabder-20&linkCode=osi&th=1&psc=1"><img src="https://m.media-amazon.com/images/I/41XHnKbgjAL._SL500_.jpg" alt="Product Image"></a><p>Kenmore 53292 Type Q HEPA Replacement Dust Bags for Canister Vacuum 81214, 81414, 81714, 21814, BC2005, BC3005, 81615, BC7005, 6 Count (Pack of 1)</p><p>$13.24 ($2.21 / Count)</p><a href="https://www.amazon.com/dp/B07GNQJ67P?tag=eloabder-20&linkCode=osi&th=1&psc=1">View Product</a></div><div class="product"><a href="https://www.amazon.com/dp/B01L0C0FVK?tag=eloabder-20&linkCode=osi&th=1&psc=1"><img src="https://m.media-amazon.com/images/I/51ZIjbo9NVL._SL500_.jpg" alt="Product Image"></a><p>Envirocare Replacement Vacuum Bags Compatible with Kenmore Canister Type C/Q. 5055, 50557 and 50558 Panasonic Type C-5 Vacuums,15 pack</p><p>$16.16</p><a href="https://www.amazon.com/dp/B01L0C0FVK?tag=eloabder-20&linkCode=osi&th=1&psc=1">View Product</a></div><div class="product"><a href="https://www.amazon.com/dp/B0BTRTP2PM?tag=eloabder-20&linkCode=osi&th=1&psc=1"><img src="https://m.media-amazon.com/images/I/41K295aRv9L._SL500_.jpg" alt="Product Image"></a><p>Vacuum Cleaner Bags Fit for Kenmore Canister Type C/Q 50555 50557 50558 and Type C-5, 10PCs</p><p>$15.99</p><a href="https://www.amazon.com/dp/B0BTRTP2PM?tag=eloabder-20&linkCode=osi&th=1&psc=1">View Product</a></div><div class="product"><a href="https://www.amazon.com/dp/B0CRQYGLZX?tag=eloabder-20&linkCode=osi&th=1&psc=1"><img src="https://m.media-amazon.com/images/I/413iXp+j3ML._SL500_.jpg" alt="Product Image"></a><p>15 Pack Canister Vacuum Cleaner Bags Compatible with Kenmore Canister Type C/Q 5055, 50555, 50557, 50558 and Type C-5, C-18, 53292, 200 Series, 400 Series, 600 Series, 700 Series, 800 Series Vacuum</p><p>$11.69</p><a href="https://www.amazon.com/dp/B0CRQYGLZX?tag=eloabder-20&linkCode=osi&th=1&psc=1">View Product</a></div><div class="product"><a href="https://www.amazon.com/dp/B00QGD3SBI?tag=eloabder-20&linkCode=osi&th=1&psc=1"><img src="https://m.media-amazon.com/images/I/51xw0asyqTL._SL500_.jpg" alt="Product Image"></a><p>EnviroCare Replacement Vacuum Bags made to fit Kenmore Canister Type C or Q 50555, 50558, 50557 and Panasonic Type C-5 Vacuums, 9 pack</p><p>$9.79</p><a href="https://www.amazon.com/dp/B00QGD3SBI?tag=eloabder-20&linkCode=osi&th=1&psc=1">View Product</a></div><div class="product"><a href="https://www.amazon.com/dp/B0CQP9NP5N?tag=eloabder-20&linkCode=osi&th=1&psc=1"><img src="https://m.media-amazon.com/images/I/41WnNkTz8zL._SL500_.jpg" alt="Product Image"></a><p>8 Pack Replacement Vacuum Bags Compatible with Kenmore Canister Type C/Q. 5055, 50104, 50557 and 50558 Panasonic Type C-5 Vacuums</p><p>$9.99 ($1.25 / Count)</p><a href="https://www.amazon.com/dp/B0CQP9NP5N?tag=eloabder-20&linkCode=osi&th=1&psc=1">View Product</a></div>
<div class="product"><a href="https://www.amazon.com/dp/B09M3Y2BHR?tag=eloabder-20&linkCode=osi&th=1&psc=1"><img src="https://m.media-amazon.com/images/I/31tevngai1L._SL500_.jpg" alt="Product Image"></a><p>Ymimi Vacuum Filter Compatible with Eureka WhirlWind Bagless Canister Vacuum Cleaner,Fits NEN110A,NEN110B,NEN110Dï¼ˆ2-Packï¼‰</p><p>$11.99 ($6.00 / Count)</p><a href="https://www.amazon.com/dp/B09M3Y2BHR?tag=eloabder-20&linkCode=osi&th=1&psc=1">View Product</a></div><div class="product"><a href="https://www.amazon.com/dp/B07J1WWBHN?tag=eloabder-20&linkCode=osi&th=1&psc=1"><img src="https://m.media-amazon.com/images/I/51gmkDrnR2L._SL500_.jpg" alt="Product Image"></a><p>Bissell Powerforce Helix Bagless Washable Premotor Filter #1608225, Black</p><p>$7.78</p><a href="https://www.amazon.com/dp/B07J1WWBHN?tag=eloabder-20&linkCode=osi&th=1&psc=1">View Product</a></div><div class="product"><a href="https://www.amazon.com/dp/B0BK64TMMK?tag=eloabder-20&linkCode=osi&th=1&psc=1"><img src="https://m.media-amazon.com/images/I/41OBMvET7eL._SL500_.jpg" alt="Product Image"></a><p>Vacuum Belt Replacement for Bissell Cleanview Swivel Pet Upright Bagless/Powerlifter Vacuum Cleaner, fits model: 2252, 2254, 22543, 2258,2259, 2260,2316, 2739, 1793, Parts # 3031120, 32074</p><p>$6.99</p><a href="https://www.amazon.com/dp/B0BK64TMMK?tag=eloabder-20&linkCode=osi&th=1&psc=1">View Product</a></div><div class="product"><a href="https://www.amazon.com/dp/B0BKKL3WRB?tag=eloabder-20&linkCode=osi&th=1&psc=1"><img src="https://m.media-amazon.com/images/I/410jMe-FjIL._SL500_.jpg" alt="Product Image"></a><p>Aolleteau F1 HEPA Filter Compatible with Dirt Devil Bagless Upright Cleaner Models Extra Lite, Breeze, Featherlite Bagless, Jaguar Bagless,Platinum Force Vision, Scorpion and Vision Bagless (2 Pack)</p><p>$13.99 ($7.00 / Count)</p><a href="https://www.amazon.com/dp/B0BKKL3WRB?tag=eloabder-20&linkCode=osi&th=1&psc=1">View Product</a></div><div class="product"><a href="https://www.amazon.com/dp/B09SG1P4WN?tag=eloabder-20&linkCode=osi&th=1&psc=1"><img src="https://m.media-amazon.com/images/I/51+Mr+Wq5ML._SL500_.jpg" alt="Product Image"></a><p>NEN110A Vacuum Filter, Inlet Frame and Sponge Filter Compatible with Eureka Whirlwind Bagless Canister Vacuum Cleaner, Fits NEN110A, NEN110B, NEN110D(4-Pack)</p><p>$15.99 ($4.00 / Count)</p><a href="https://www.amazon.com/dp/B09SG1P4WN?tag=eloabder-20&linkCode=osi&th=1&psc=1">View Product</a></div>
<div class="product"><a href="https://www.amazon.com/dp/B07GT9VB9X?tag=eloabder-20&linkCode=osi&th=1&psc=1"><img src="https://m.media-amazon.com/images/I/41IokheYtNL._SL500_.jpg" alt="Product Image"></a><p>6 Pack 1940 Bissell Steam Mop Pads for Bissell PowerFresh Steam Mop 1806 1544 1440 2075A 2685A 1940W 19404 Series, Model 19402 19408 1940a 1940f 1940q 1940t B0006 B0017, Part #5938#203-2633</p><p>$16.99 ($2.83 / Count)</p><a href="https://www.amazon.com/dp/B07GT9VB9X?tag=eloabder-20&linkCode=osi&th=1&psc=1">View Product</a></div><div class="product"><a href="https://www.amazon.com/dp/B07H3MYZLD?tag=eloabder-20&linkCode=osi&th=1&psc=1"><img src="https://m.media-amazon.com/images/I/511p6MPxQ0L._SL500_.jpg" alt="Product Image"></a><p>Flammi Steam Pocket Mop Replacement Pads for Shark S3500 Series S3501 S3601 S3550 S3901 SE450 S3801CO S3601D S2901 S2902 Steam Pocket Mop, 4 Pack</p><p>$16.97 ($4.24 / Count)</p><a href="https://www.amazon.com/dp/B07H3MYZLD?tag=eloabder-20&linkCode=osi&th=1&psc=1">View Product</a></div><div class="product"><a href="https://www.amazon.com/dp/B0C8SH97HN?tag=eloabder-20&linkCode=osi&th=1&psc=1"><img src="https://m.media-amazon.com/images/I/31Mex4y7odL._SL500_.jpg" alt="Product Image"></a><p>HOMEXCEL Steam Mop Replacement Pads Compatible with Bissell Powerfresh Steam Mop 1940 1806 1440 1544 Series, Model 19402 19404 19408 2685A 2075A 1940A 1940Q 1940T 1940W, Steam Mop Pads Refills,4 Pack</p><p>$9.99 ($2.50 / Count)</p><a href="https://www.amazon.com/dp/B0C8SH97HN?tag=eloabder-20&linkCode=osi&th=1&psc=1">View Product</a></div><div class="product"><a href="https://www.amazon.com/dp/B0BFWTXS33?tag=eloabder-20&linkCode=osi&th=1&psc=1"><img src="https://m.media-amazon.com/images/I/51pa2h7o0EL._SL500_.jpg" alt="Product Image"></a><p>12 Pack 1940 Steam Mop Replacement Pads for Bissell Powerfresh Steam Mop 1940 1440 1806 1544 2075 2685A 2814 Series, Model 19402 19404 19408 19409 1940A 1940F 1940Q 1940T 1940W B0006 B0017 2075A 15441</p><p>$24.99</p><a href="https://www.amazon.com/dp/B0BFWTXS33?tag=eloabder-20&linkCode=osi&th=1&psc=1">View Product</a></div><div class="product"><a href="https://www.amazon.com/dp/B0CLP5QGTY?tag=eloabder-20&linkCode=osi&th=1&psc=1"><img src="https://m.media-amazon.com/images/I/414HqpKde9L._SL500_.jpg" alt="Product Image"></a><p>10 Pack 1940 1806 2685A Steam Mop Pads For Bissell Powerfresh Steam Mop Deluxe Pet Lift-Off Plus Slim Scrubbing Steam Mop Replacement Pad 1940A 2814 1544A 2075A Power Fresh Steamer Pad Refill Washable</p><p>$22.99 ($2.30 / Count)</p><a href="https://www.amazon.com/dp/B0CLP5QGTY?tag=eloabder-20&linkCode=osi&th=1&psc=1">View Product</a></div><div class="product"><a href="https://www.amazon.com/dp/B078BBKBPV?tag=eloabder-20&linkCode=osi&th=1&psc=1"><img src="https://m.media-amazon.com/images/I/51WcJqtOUIL._SL500_.jpg" alt="Product Image"></a><p>Tidy Monster Steam Mop Replacement Pads Compatible with Bissell Powerfresh Steam Mop 1940 1806 1544 1440 2075A 2685A Series, Part # 5938 & 203-2633, 1606668 & 1606669 (4 Pack Scrub Plush)</p><p>$9.99</p><a href="https://www.amazon.com/dp/B078BBKBPV?tag=eloabder-20&linkCode=osi&th=1&psc=1">View Product</a></div><div class="product"><a href="https://www.amazon.com/dp/B00A6G37SU?tag=eloabder-20&linkCode=osi&th=1&psc=1"><img src="https://m.media-amazon.com/images/I/51xo0LB-SpL._SL500_.jpg" alt="Product Image"></a><p>BISSELL PowerFresh Steam Mop Pads (Pack of 2) with Fragrance discs (4 ct), 5938</p><p>$21.26 ($10.63 / Count)</p><a href="https://www.amazon.com/dp/B00A6G37SU?tag=eloabder-20&linkCode=osi&th=1&psc=1">View Product</a></div>
<div class="product"><a href="https://www.amazon.com/dp/B0D2QFVY7H?tag=eloabder-20&linkCode=osi&th=1&psc=1"><img src="https://m.media-amazon.com/images/I/417B7H+vvML._SL500_.jpg" alt="Product Image"></a><p>Kenmore KS1010 Deep Clean & Revitalize Pet Carpet Cleaner Formula, 64 oz, White, 64 Fl Oz</p><p>$22.73 ($0.36 / Fl Oz)</p><a href="https://www.amazon.com/dp/B0D2QFVY7H?tag=eloabder-20&linkCode=osi&th=1&psc=1">View Product</a></div><div class="product"><a href="https://www.amazon.com/dp/B0BNK8ZJJ1?tag=eloabder-20&linkCode=osi&th=1&psc=1"><img src="https://m.media-amazon.com/images/I/51z0Pc4xcNL._SL500_.jpg" alt="Product Image"></a><p>Bissell Spotlifter Pet Carpet and Upholstery Cleaner with Brush Head - 4 Pack, 93523</p><p>$23.88 ($0.50 / Fl Oz)</p><a href="https://www.amazon.com/dp/B0BNK8ZJJ1?tag=eloabder-20&linkCode=osi&th=1&psc=1">View Product</a></div><div class="product"><a href="https://www.amazon.com/dp/B0CX245D26?tag=eloabder-20&linkCode=osi&th=1&psc=1"><img src="https://m.media-amazon.com/images/I/411CSXvvO1L._SL500_.jpg" alt="Product Image"></a><p>BISSELLÂ® Spot & Stain with Febreze + Gain Original Scent Formula for Little Green Devices, Portable Carpet Cleaners (3968)</p><p>$12.99 ($0.41 / Fl Oz)</p><a href="https://www.amazon.com/dp/B0CX245D26?tag=eloabder-20&linkCode=osi&th=1&psc=1">View Product</a></div><div class="product"><a href="https://www.amazon.com/dp/B083VZW4R5?tag=eloabder-20&linkCode=osi&th=1&psc=1"><img src="https://m.media-amazon.com/images/I/413BULPLmBL._SL500_.jpg" alt="Product Image"></a><p>BISSELL Multi-Surface Pet Formula with Febreze Freshness for Crosswave (80 oz), 2295L</p><p>$22.99 ($0.29 / Fl Oz)</p><a href="https://www.amazon.com/dp/B083VZW4R5?tag=eloabder-20&linkCode=osi&th=1&psc=1">View Product</a></div><div class="product"><a href="https://www.amazon.com/dp/B0D2RGW219?tag=eloabder-20&linkCode=osi&th=1&psc=1"><img src="https://m.media-amazon.com/images/I/41gD+82tnAL._SL500_.jpg" alt="Product Image"></a><p>Vacmaster Clean & Restore Carpet Cleaner Formula â€“ CCS03</p><p>$19.99 ($0.31 / Fl Oz)</p><a href="https://www.amazon.com/dp/B0D2RGW219?tag=eloabder-20&linkCode=osi&th=1&psc=1">View Product</a></div>






<div class="product"><a href="https://www.amazon.com/dp/B0BY64HQTP?tag=eloabder-20&linkCode=osi&th=1&psc=1"><img src="https://m.media-amazon.com/images/I/41hUxHuASYL._SL500_.jpg" alt="Product Image"></a><p>Air Conditioning Motor WZDK13-38G-1(RD-310-13-8) DC Brushless Fan Motor, 13W Inverter air Conditioner Motor DC Motor for Central air Conditioner</p><p>$39.95</p><a href="https://www.amazon.com/dp/B0BY64HQTP?tag=eloabder-20&linkCode=osi&th=1&psc=1">View Product</a></div><div class="product"><a href="https://www.amazon.com/dp/B0CM5YB884?tag=eloabder-20&linkCode=osi&th=1&psc=1"><img src="https://m.media-amazon.com/images/I/310lQ2tAvLL._SL500_.jpg" alt="Product Image"></a><p>Sparkfix OEM WZDK20-38G (ZKFP-20-8-6) Air Conditioner Replacement Motors DC280V 20W Air Conditioning Fan Motor Inverter Air Conditioner Brushless DC Motor 1300RPM CCW</p><p>$42.79</p><a href="https://www.amazon.com/dp/B0CM5YB884?tag=eloabder-20&linkCode=osi&th=1&psc=1">View Product</a></div>













<div class="product"><a href="https://www.amazon.com/dp/B009PCI2JU?tag=eloabder-20&linkCode=osi&th=1&psc=1"><img src="https://m.media-amazon.com/images/I/310ZJurANUL._SL500_.jpg" alt="Product Image"></a><p>GE RPWFE Refrigerator Water Filter | Certified to Reduce Lead, Sulfur, and 50+ Other Impurities | Replace Every 6 Months for Best Results | Pack of 1</p><p>$49.98</p><a href="https://www.amazon.com/dp/B009PCI2JU?tag=eloabder-20&linkCode=osi&th=1&psc=1">View Product</a></div><div class="product"><a href="https://www.amazon.com/dp/B0882ZJ48W?tag=eloabder-20&linkCode=osi&th=1&psc=1"><img src="https://m.media-amazon.com/images/I/41110o9sUoL._SL500_.jpg" alt="Product Image"></a><p>GE XWFE Refrigerator Water Filter | Certified to Reduce Lead, Sulfur, and 50+ Other Impurities | Replace Every 6 Months for Best Results | Pack of 1, White</p><p>$49.00</p><a href="https://www.amazon.com/dp/B0882ZJ48W?tag=eloabder-20&linkCode=osi&th=1&psc=1">View Product</a></div><div class="product"><a href="https://www.amazon.com/dp/B074HLRXMP?tag=eloabder-20&linkCode=osi&th=1&psc=1"><img src="https://m.media-amazon.com/images/I/21oDpGCQXiL._SL500_.jpg" alt="Product Image"></a><p>LG LT1000P - 6 Month / 200 Gallon Capacity Replacement Refrigerator Water Filter (NSF42, NSF53, and NSF401) ADQ74793501, ADQ75795105, or AGF80300704 , White</p><p>$47.00</p><a href="https://www.amazon.com/dp/B074HLRXMP?tag=eloabder-20&linkCode=osi&th=1&psc=1">View Product</a></div><div class="product"><a href="https://www.amazon.com/dp/B01BKWSHHE?tag=eloabder-20&linkCode=osi&th=1&psc=1"><img src="https://m.media-amazon.com/images/I/31E2+zlkvjL._SL500_.jpg" alt="Product Image"></a><p>Frigidaire EPTWFU01 Water Filtration Filter, 1 Count, White</p><p>$42.99</p><a href="https://www.amazon.com/dp/B01BKWSHHE?tag=eloabder-20&linkCode=osi&th=1&psc=1">View Product</a></div><div class="product"><a href="https://www.amazon.com/dp/B08V6JB9R7?tag=eloabder-20&linkCode=osi&th=1&psc=1"><img src="https://m.media-amazon.com/images/I/31PRPEffCZL._SL500_.jpg" alt="Product Image"></a><p>Frigidaire FPPWFU01 PurePour PWF-1 Water Filter 1 Count (Pack of 1)</p><p>$45.81</p><a href="https://www.amazon.com/dp/B08V6JB9R7?tag=eloabder-20&linkCode=osi&th=1&psc=1">View Product</a></div><div class="product"><a href="https://www.amazon.com/dp/B000AST3AK?tag=eloabder-20&linkCode=osi&th=1&psc=1"><img src="https://m.media-amazon.com/images/I/41DUoSxpwTS._SL500_.jpg" alt="Product Image"></a><p>GE MWF Refrigerator Water Filter | Certified to Reduce Lead, Sulfur, and 50+ Other Impurities | Replace Every 6 Months for Best Results | Pack of 1</p><p>$39.98</p><a href="https://www.amazon.com/dp/B000AST3AK?tag=eloabder-20&linkCode=osi&th=1&psc=1">View Product</a></div><div class="product"><a href="https://www.amazon.com/dp/B0CFZR7K8D?tag=eloabder-20&linkCode=osi&th=1&psc=1"><img src="https://m.media-amazon.com/images/I/31WM5sdhKLL._SL500_.jpg" alt="Product Image"></a><p>HMASAV W10295370A water filter replacement, Compatible with EDR1RXD1,EDR1RXD1B,W10295370,Filter 1,WHR1RXD1,KAD1RXD1,P4RFWB,P8RFWB2L,46-9930,46-9081 2PACK</p><p>$29.99 ($15.00 / Count)</p><a href="https://www.amazon.com/dp/B0CFZR7K8D?tag=eloabder-20&linkCode=osi&th=1&psc=1">View Product</a></div><div class="product"><a href="https://www.amazon.com/dp/B07JM9TTTT?tag=eloabder-20&linkCode=osi&th=1&psc=1"><img src="https://m.media-amazon.com/images/I/41CfAtJ8TPL._SL500_.jpg" alt="Product Image"></a><p>GLACIER FRESH LT1000PC Replacement Water Filter, Compatible with LT1000PC/PCS, LT1000PC, LT-1000PC, MDJ64844601, ADQ747935 ADQ74793504 Filter and LT120F ADQ73334008 Fresh Air (3+3)</p><p>$39.99 ($13.33 / Count)</p><a href="https://www.amazon.com/dp/B07JM9TTTT?tag=eloabder-20&linkCode=osi&th=1&psc=1">View Product</a></div><div class="product"><a href="https://www.amazon.com/dp/B003N1ZSYG?tag=eloabder-20&linkCode=osi&th=1&psc=1"><img src="https://m.media-amazon.com/images/I/31Mbrkrxu1L._SL500_.jpg" alt="Product Image"></a><p>SAMSUNG Genuine Filter for Refrigerator Water and Ice, Carbon Block Filtration for Clean, Clear Drinking Water, 6-Month Life, HAF-CIN/EXP, 1 Pack</p><p>$39.99</p><a href="https://www.amazon.com/dp/B003N1ZSYG?tag=eloabder-20&linkCode=osi&th=1&psc=1">View Product</a></div>









<div class="product"><a href="https://www.amazon.com/dp/B0B2NZ47HN?tag=eloabder-20&linkCode=osi&th=1&psc=1"><img src="https://m.media-amazon.com/images/I/41nC6c2XxJL._SL500_.jpg" alt="Product Image"></a><p>OTE Portable Sparkling Water Maker Soda Maker Machine for home with 20PCS Cylinders 450ml Personal seltzer Carbonators Electroless Double Layer PET Bottle BPA Free Double Pressure Relief Valves -Pink</p><p>$49.99</p><a href="https://www.amazon.com/dp/B0B2NZ47HN?tag=eloabder-20&linkCode=osi&th=1&psc=1">View Product</a></div><div class="product"><a href="https://www.amazon.com/dp/B09DY54L7M?tag=eloabder-20&linkCode=osi&th=1&psc=1"><img src="https://m.media-amazon.com/images/I/31LSpnm3G8L._SL500_.jpg" alt="Product Image"></a><p>MOSOLAN Bottle Cleaning Brush, 17 Inches Extra Long Handle Water Bottle Brush, Flexible Bendable Cleaner for Washing Narrow Neck Bottles, Wine Decanter, Kombucha, Pipes, Beer Brewing Supplies, 2 Pack</p><p>$11.95 ($5.98 / Count)</p><a href="https://www.amazon.com/dp/B09DY54L7M?tag=eloabder-20&linkCode=osi&th=1&psc=1">View Product</a></div><div class="product"><a href="https://www.amazon.com/dp/B0736CBNDN?tag=eloabder-20&linkCode=osi&th=1&psc=1"><img src="https://m.media-amazon.com/images/I/41tWXmwP5KL._SL500_.jpg" alt="Product Image"></a><p>#2 Filter Pads (10 Pack Bulk) Compatible with Mini Jet Machine | #2 1.8-2.5 micron | 2 Micron Filtering pads. Filter Wine Beer, Kombucha, Mead Mash. Polishing filtration| Not a Buon Vino product.</p><p>$18.99</p><a href="https://www.amazon.com/dp/B0736CBNDN?tag=eloabder-20&linkCode=osi&th=1&psc=1">View Product</a></div>









<div class="product"><a href="https://www.amazon.com/dp/B07YGN577Y?tag=eloabder-20&linkCode=osi&th=1&psc=1"><img src="https://m.media-amazon.com/images/I/31kfZiyDMUL._SL500_.jpg" alt="Product Image"></a><p>9870163 Trash Power Nut WP9870163 L8</p><p>$50.36</p><a href="https://www.amazon.com/dp/B07YGN577Y?tag=eloabder-20&linkCode=osi&th=1&psc=1">View Product</a></div>

<div class="product"><a href="https://www.amazon.com/dp/B0CWQLM4C7?tag=eloabder-20&linkCode=osi&th=1&psc=1"><img src="https://m.media-amazon.com/images/I/41gTEIOjtlL._SL500_.jpg" alt="Product Image"></a><p>7" Seven Seconds Lazy Kitchen Food Making Tools - Multifunctional Fruit Vegetable Chopper Quick Garlic Peeling Machine Convenient Food Chopper for Slicing,Juice,Grinding</p><p>$32.99</p><a href="https://www.amazon.com/dp/B0CWQLM4C7?tag=eloabder-20&linkCode=osi&th=1&psc=1">View Product</a></div>







<div class="product"><a href="https://www.amazon.com/dp/B0CNKFM9WR?tag=eloabder-20&linkCode=osi&th=1&psc=1"><img src="https://m.media-amazon.com/images/I/31sGGIDic9L._SL500_.jpg" alt="Product Image"></a><p>hobbyme Pack of 4 Plastic Coffee Scoops with Brush & Espresso Grinder Brush for Ground Coffee Cleaning Tea Power Coffee Grinder Spoon</p><p>$6.49</p><a href="https://www.amazon.com/dp/B0CNKFM9WR?tag=eloabder-20&linkCode=osi&th=1&psc=1">View Product</a></div>

















<div class="product"><a href="https://www.amazon.com/dp/B00UTFZAII?tag=eloabder-20&linkCode=osi&th=1&psc=1"><img src="https://m.media-amazon.com/images/I/31z7hZ6KbXL._SL500_.jpg" alt="Product Image"></a><p>Miele 10123210 AirClean 3D Efficiency Dust Bag, Type GN, 4 Bags & 2 Filters, White</p><p>$21.86 ($21.86 / Count)</p><a href="https://www.amazon.com/dp/B00UTFZAII?tag=eloabder-20&linkCode=osi&th=1&psc=1">View Product</a></div><div class="product"><a href="https://www.amazon.com/dp/B07WHG6J5S?tag=eloabder-20&linkCode=osi&th=1&psc=1"><img src="https://m.media-amazon.com/images/I/41hnaEOxB9L._SL500_.jpg" alt="Product Image"></a><p>KEEPOW Vacuum Filters for Eureka, Power Speed Vacuum Filters Replacement for Eureka NEU182A, NEU182B, NEU280, NEU180, NEU181, NEU188, NEU202 Bagless Upright Vacuum Cleaner, Part E0202 (4 Pack)</p><p>$9.99 ($2.50 / Count)</p><a href="https://www.amazon.com/dp/B07WHG6J5S?tag=eloabder-20&linkCode=osi&th=1&psc=1">View Product</a></div><div class="product"><a href="https://www.amazon.com/dp/B00UTFZB82?tag=eloabder-20&linkCode=osi&th=1&psc=1"><img src="https://m.media-amazon.com/images/I/41WdlL5T0dL._SL500_.jpg" alt="Product Image"></a><p>Miele AirClean 3D Efficiency Dust Bag, Type FJM, 4 Bags & 2 Filters, White</p><p>$18.99</p><a href="https://www.amazon.com/dp/B00UTFZB82?tag=eloabder-20&linkCode=osi&th=1&psc=1">View Product</a></div><div class="product"><a href="https://www.amazon.com/dp/B09NKP346M?tag=eloabder-20&linkCode=osi&th=1&psc=1"><img src="https://m.media-amazon.com/images/I/41o25nqkODL._SL500_.jpg" alt="Product Image"></a><p>Anewise 6 Pack Filter Replacement for Bissell Powerforce Compact Lightweight Upright 2112 1520 for Bissel Turbo Bagless 2690 Cleanview 3437 3508 Vacuum Cleaner, Compare to Parts #1604896/160-4896</p><p>$12.99</p><a href="https://www.amazon.com/dp/B09NKP346M?tag=eloabder-20&linkCode=osi&th=1&psc=1">View Product</a></div><div class="product"><a href="https://www.amazon.com/dp/B01MQ5NITB?tag=eloabder-20&linkCode=osi&th=1&psc=1"><img src="https://m.media-amazon.com/images/I/41J6lG4H1bL._SL500_.jpg" alt="Product Image"></a><p>Bissell Style 7 3 Pack Vacuum Cleaner Bags, White, 3 Count</p><p>$8.69 ($2.90 / Count)</p><a href="https://www.amazon.com/dp/B01MQ5NITB?tag=eloabder-20&linkCode=osi&th=1&psc=1">View Product</a></div><div class="product"><a href="https://www.amazon.com/dp/B0CDH1JY5D?tag=eloabder-20&linkCode=osi&th=1&psc=1"><img src="https://m.media-amazon.com/images/I/516DPXu4siL._SL500_.jpg" alt="Product Image"></a><p>4 Pack Replacement Filters Compatiable with Wyze Cordless Vacuum Cleaner, Removable and Washable HEPA Filter Accessories Part Set with 1 Cleaning Brush for Wyze Handheld Cordless Vacuum Cleaner</p><p>$15.99 ($4.00 / Count)</p><a href="https://www.amazon.com/dp/B0CDH1JY5D?tag=eloabder-20&linkCode=osi&th=1&psc=1">View Product</a></div><div class="product"><a href="https://www.amazon.com/dp/B07P3WB37F?tag=eloabder-20&linkCode=osi&th=1&psc=1"><img src="https://m.media-amazon.com/images/I/51WaYrkiVXL._SL500_.jpg" alt="Product Image"></a><p>Miele AirClean 3D Efficiency Dust Bag, Type GN, XL Value Pack, 8 Bags and 4 Filters</p><p>$36.99</p><a href="https://www.amazon.com/dp/B07P3WB37F?tag=eloabder-20&linkCode=osi&th=1&psc=1">View Product</a></div><div class="product"><a href="https://www.amazon.com/dp/B09DSY4Z2T?tag=eloabder-20&linkCode=osi&th=1&psc=1"><img src="https://m.media-amazon.com/images/I/51+ref3EeAL._SL500_.jpg" alt="Product Image"></a><p>Filter Replacement for Tineco A10 A11 Hero A10/A11 Master PURE ONE S11 Series, S12, X Cordless Vacuum Cleaner (3 PACK) â€¦</p><p>$12.99 ($4.33 / Count)</p><a href="https://www.amazon.com/dp/B09DSY4Z2T?tag=eloabder-20&linkCode=osi&th=1&psc=1">View Product</a></div>


<div class="product"><a href="https://www.amazon.com/dp/B0BXRR5QFV?tag=eloabder-20&linkCode=osi&th=1&psc=1"><img src="https://m.media-amazon.com/images/I/41sjdBkCp8L._SL500_.jpg" alt="Product Image"></a><p>AC Infinity CLOUDFORGE T7, Plant Humidifier 15L with VPD Humidity Controls, 10-Level Precision Vaporizer, Extendable Hose, Targeting Pipe, and No-Leak Seal for Grow Tents</p><p>$159.00</p><a href="https://www.amazon.com/dp/B0BXRR5QFV?tag=eloabder-20&linkCode=osi&th=1&psc=1">View Product</a></div><div class="product"><a href="https://www.amazon.com/dp/B01N6MV8SA?tag=eloabder-20&linkCode=osi&th=1&psc=1"><img src="https://m.media-amazon.com/images/I/41hX08+W1xL._SL500_.jpg" alt="Product Image"></a><p>Protec Humidifier Tank Cleaner, 1 Count - Colors May Vary</p><p>$5.98</p><a href="https://www.amazon.com/dp/B01N6MV8SA?tag=eloabder-20&linkCode=osi&th=1&psc=1">View Product</a></div><div class="product"><a href="https://www.amazon.com/dp/B07GXBTH82?tag=eloabder-20&linkCode=osi&th=1&psc=1"><img src="https://m.media-amazon.com/images/I/41ibxK12JPL._SL500_.jpg" alt="Product Image"></a><p>Essick Air 1970-2 Humidifier, 2-Quart Bacteriostatic Treatment, 2 Pack, Clear, 2</p><p>$22.99</p><a href="https://www.amazon.com/dp/B07GXBTH82?tag=eloabder-20&linkCode=osi&th=1&psc=1">View Product</a></div><div class="product"><a href="https://www.amazon.com/dp/B08TTT3K9B?tag=eloabder-20&linkCode=osi&th=1&psc=1"><img src="https://m.media-amazon.com/images/I/41U6j9SexmL._SL500_.jpg" alt="Product Image"></a><p>Leemone Humidifier Cleaner 12 Pack, Demineralization Cleaning Ball, Works in All humidifiers and Fish Tanks, Purifies Water, Prevents Hard Water Build-Up, Eliminates White Dust and Odor</p><p>$14.44</p><a href="https://www.amazon.com/dp/B08TTT3K9B?tag=eloabder-20&linkCode=osi&th=1&psc=1">View Product</a></div>
<div class="product"><a href="https://www.amazon.com/dp/B07YD4XCT3?tag=eloabder-20&linkCode=osi&th=1&psc=1"><img src="https://m.media-amazon.com/images/I/41hR81iKyJL._SL500_.jpg" alt="Product Image"></a><p>Vacplus Moisture Absorber Packets, Fragrance Free(10 Pack), Humidity Packs, Hanging Closet Dehumidifier Bags, Desiccant 9.8OZ</p><p>$21.99</p><a href="https://www.amazon.com/dp/B07YD4XCT3?tag=eloabder-20&linkCode=osi&th=1&psc=1">View Product</a></div><div class="product"><a href="https://www.amazon.com/dp/B09LQF5V5K?tag=eloabder-20&linkCode=osi&th=1&psc=1"><img src="https://m.media-amazon.com/images/I/51Cx5ECAotL._SL500_.jpg" alt="Product Image"></a><p>CLEVAST Moisture Absorbers Packets 10 Pack, Dehumidifier Bags for Closet, Unscented Hanging Humidity Absorber in Wardrobes, Bedrooms, Bathrooms(230g/pack)</p><p>$16.98</p><a href="https://www.amazon.com/dp/B09LQF5V5K?tag=eloabder-20&linkCode=osi&th=1&psc=1">View Product</a></div><div class="product"><a href="https://www.amazon.com/dp/B0B8L9QRW8?tag=eloabder-20&linkCode=osi&th=1&psc=1"><img src="https://m.media-amazon.com/images/I/518LgtpPi8L._SL500_.jpg" alt="Product Image"></a><p>Arm & Hammer Essentials Disposable Moisture Absorber and Odor Eliminator Tub, Fragrance Free, 1 lb, 3-Pack, Attracts and Traps Excess Moisture, Ideal Closet Dehumidifier, White</p><p>$24.94 ($0.52 / Ounce)</p><a href="https://www.amazon.com/dp/B0B8L9QRW8?tag=eloabder-20&linkCode=osi&th=1&psc=1">View Product</a></div><div class="product"><a href="https://www.amazon.com/dp/B09W9TPJGZ?tag=eloabder-20&linkCode=osi&th=1&psc=1"><img src="https://m.media-amazon.com/images/I/51pVTVMwHbL._SL500_.jpg" alt="Product Image"></a><p>THECOSKY Dehumidifier and Air Purifier Combo,HEPA H13 Filter and Negative Air Ion Function,54oz(1.6L) Water Tank with Drain Hose,24hrs Auto-Off Timer,Idea for Bedroom,Bathroom,Closet,RV</p><p>$109.99</p><a href="https://www.amazon.com/dp/B09W9TPJGZ?tag=eloabder-20&linkCode=osi&th=1&psc=1">View Product</a></div><div class="product"><a href="https://www.amazon.com/dp/B0CXDG65LZ?tag=eloabder-20&linkCode=osi&th=1&psc=1"><img src="https://m.media-amazon.com/images/I/41HNflmbKHL._SL500_.jpg" alt="Product Image"></a><p>14 x 17.5 x1.75 MERV 13 Replacement Dehumidifier Filter Compatible with Santa Fe Advance90, Advance100, Advance120, Honeywell DR90 & DR120 dehumidifier models, 2 Pack</p><p>$42.99</p><a href="https://www.amazon.com/dp/B0CXDG65LZ?tag=eloabder-20&linkCode=osi&th=1&psc=1">View Product</a></div>
<div class="product"><a href="https://www.amazon.com/dp/B088B921NQ?tag=eloabder-20&linkCode=osi&th=1&psc=1"><img src="https://m.media-amazon.com/images/I/612e4cT3RYL._SL500_.jpg" alt="Product Image"></a><p>ULTTY H13 HEPA Replacement Filter with Medical Coating, True HEPA Filter For R021/ R020 Purifying Fan, Medium</p><p>$29.99</p><a href="https://www.amazon.com/dp/B088B921NQ?tag=eloabder-20&linkCode=osi&th=1&psc=1">View Product</a></div><div class="product"><a href="https://www.amazon.com/dp/B0D2MZ4Y7Z?tag=eloabder-20&linkCode=osi&th=1&psc=1"><img src="https://m.media-amazon.com/images/I/51KgTHizWyL._SL500_.jpg" alt="Product Image"></a><p>Butto 5-Pack Ceiling Fan Filters for Blades - Strong Adhesive Ceiling Fan Filters for Common Household Contaminants - Unscented Coconut Carbon Fan Air Purifier Pads to Make Air Fresh and Natural</p><p>$9.98</p><a href="https://www.amazon.com/dp/B0D2MZ4Y7Z?tag=eloabder-20&linkCode=osi&th=1&psc=1">View Product</a></div><div class="product"><a href="https://www.amazon.com/dp/B0C42HCM21?tag=eloabder-20&linkCode=osi&th=1&psc=1"><img src="https://m.media-amazon.com/images/I/31jk3lpoygL._SL500_.jpg" alt="Product Image"></a><p>Barnakl Ceiling Fan Filters | Activated Coconut Shell Carbon Filter | Easy-Stick Universal Ceiling Fan Air Filters | Unscented Ceiling Fan Blade Filters for Common Household Contaminants, (3-Count)</p><p>$19.99 ($6.66 / Count)</p><a href="https://www.amazon.com/dp/B0C42HCM21?tag=eloabder-20&linkCode=osi&th=1&psc=1">View Product</a></div>
<div class="product"><a href="https://www.amazon.com/dp/B08LZWP29P?tag=eloabder-20&linkCode=osi&th=1&psc=1"><img src="https://m.media-amazon.com/images/I/41NLuzzFW9L._SL500_.jpg" alt="Product Image"></a><p>Chromex Tankless Water Heater Descaling Solution | Highly Effective Descaler Restores Heating Efficiency, Quart, 32 fl oz (1)</p><p>$26.99</p><a href="https://www.amazon.com/dp/B08LZWP29P?tag=eloabder-20&linkCode=osi&th=1&psc=1">View Product</a></div>

<div class="product"><a href="https://www.amazon.com/dp/B005UO4OWQ?tag=eloabder-20&linkCode=osi&th=1&psc=1"><img src="https://m.media-amazon.com/images/I/41oQPKFofoL._SL500_.jpg" alt="Product Image"></a><p>Bissell 203-7458 Brushroll, Bg10/86T3, Black</p><p>$21.26 ($21.26 / Count)</p><a href="https://www.amazon.com/dp/B005UO4OWQ?tag=eloabder-20&linkCode=osi&th=1&psc=1">View Product</a></div>





















<div class="product"><a href="https://www.amazon.com/dp/B0014J7FUY?tag=eloabder-20&linkCode=osi&th=1&psc=1"><img src="https://m.media-amazon.com/images/I/31QrM+IPxOL._SL500_.jpg" alt="Product Image"></a><p>Urnex Grindz Professional Coffee Grinder Cleaning Tablets - 430 Grams - All Natural Food Safe Gluten Free - Cleans Burr and Casing - Help Extend Life of Your Grinder</p><p>$25.99 ($1.71 / Ounce)</p><a href="https://www.amazon.com/dp/B0014J7FUY?tag=eloabder-20&linkCode=osi&th=1&psc=1">View Product</a></div>



<div class="product"><a href="https://www.amazon.com/dp/B0CHW317SG?tag=eloabder-20&linkCode=osi&th=1&psc=1"><img src="https://m.media-amazon.com/images/I/41Qd5Iu3qBL._SL500_.jpg" alt="Product Image"></a><p>EUHOMY 55 Can Beverage Refrigerator cooler-Mini Fridge Glass Door for Beer Drinks Wines, Freestanding Beverage Fridge with Adjustable Shelves Blue LED for Home/Office/Dorm/Bar (1.3cu.ft)</p><p>$128.99</p><a href="https://www.amazon.com/dp/B0CHW317SG?tag=eloabder-20&linkCode=osi&th=1&psc=1">View Product</a></div>

<div class="product"><a href="https://www.amazon.com/dp/B099CN2MRK?tag=eloabder-20&linkCode=osi&th=1&psc=1"><img src="https://m.media-amazon.com/images/I/31CvUCIUX5L._SL500_.jpg" alt="Product Image"></a><p>Genuine PuroAir 240 Replacement Filter - Replacement HEPA Filter for PuroAir 240 Purifier - Captures up to 99% of Pollen, Smoke, Pollen, Dust and Common Household Pollutants</p><p>$48.00</p><a href="https://www.amazon.com/dp/B099CN2MRK?tag=eloabder-20&linkCode=osi&th=1&psc=1">View Product</a></div><div class="product"><a href="https://www.amazon.com/dp/B0055521W0?tag=eloabder-20&linkCode=osi&th=1&psc=1"><img src="https://m.media-amazon.com/images/I/41Hs7ixdyXL._SL500_.jpg" alt="Product Image"></a><p>GermGuardian Filter B HEPA Pure Genuine Air Purifier Replacement Filter, Removes 99.97% of Pollutants for AC4825, AC4300, AC4900, AC4825DLX, AC4850, CDAP4500, AP2200, Black/Yellow, FLT4825</p><p>$17.90 ($17.90 / Count)</p><a href="https://www.amazon.com/dp/B0055521W0?tag=eloabder-20&linkCode=osi&th=1&psc=1">View Product</a></div><div class="product"><a href="https://www.amazon.com/dp/B0BNMYKZPV?tag=eloabder-20&linkCode=osi&th=1&psc=1"><img src="https://m.media-amazon.com/images/I/41-K3mB6KkL._SL500_.jpg" alt="Product Image"></a><p>2 Pack True HEPA KILO Filter Compatible with Afloia KILO, KILOPLUS, KILOPRO, MIRO,MIRO PRO and MORENTO MR-Kilo, Kalo Air Purifier, 360Â° 3-Stage Filtration</p><p>$34.99 ($17.50 / Count)</p><a href="https://www.amazon.com/dp/B0BNMYKZPV?tag=eloabder-20&linkCode=osi&th=1&psc=1">View Product</a></div><div class="product"><a href="https://www.amazon.com/dp/B0D3M4Y9W7?tag=eloabder-20&linkCode=osi&th=1&psc=1"><img src="https://m.media-amazon.com/images/I/41tzW+mkZuL._SL500_.jpg" alt="Product Image"></a><p>Breshair 14 True HEPA Filter Replacement Compatible with PuroAir 240 Air Purifier, 3-in-1 Filtration System with Activated Carbon Filter, 2-Pack</p><p>$31.56 ($15.78 / Count)</p><a href="https://www.amazon.com/dp/B0D3M4Y9W7?tag=eloabder-20&linkCode=osi&th=1&psc=1">View Product</a></div><div class="product"><a href="https://www.amazon.com/dp/B0CB18MVX6?tag=eloabder-20&linkCode=osi&th=1&psc=1"><img src="https://m.media-amazon.com/images/I/519ZmmLOrzL._SL500_.jpg" alt="Product Image"></a><p>2 Pack 3-in-1 H13 True HEPA Replacement Filter Compatible with Pure Enrichment PureZone Air Purifier Part# PEAIRPLG</p><p>$23.99 ($12.00 / Count)</p><a href="https://www.amazon.com/dp/B0CB18MVX6?tag=eloabder-20&linkCode=osi&th=1&psc=1">View Product</a></div><div class="product"><a href="https://www.amazon.com/dp/B08JTZMRML?tag=eloabder-20&linkCode=osi&th=1&psc=1"><img src="https://m.media-amazon.com/images/I/51yx60sCjHL._SL500_.jpg" alt="Product Image"></a><p>6 Pack HPA300 HEPA Filter Replacement for Honeywell HPA300 Series Air Purifiers HPA300, HPA300VP, HPA304, HPA3300, Replace HRF-R3 (6 Ture HEPA R Replacement Filter + 8 Activated Carbon Pre-Filter)</p><p>$47.99 ($3.43 / Count)</p><a href="https://www.amazon.com/dp/B08JTZMRML?tag=eloabder-20&linkCode=osi&th=1&psc=1">View Product</a></div><div class="product"><a href="https://www.amazon.com/dp/B0CF1GLSYS?tag=eloabder-20&linkCode=osi&th=1&psc=1"><img src="https://m.media-amazon.com/images/I/41709EXRzXL._SL500_.jpg" alt="Product Image"></a><p>CHIVALZ 4 Pack HY4866 True HEPA Replacement Filters Compatible with MORENTO HY4866 Air Purifier, WESTHEY HY4866 Air Purifier and YIOU M1 Air Cleaner Purifier, Original Version</p><p>$39.99 ($10.00 / Count)</p><a href="https://www.amazon.com/dp/B0CF1GLSYS?tag=eloabder-20&linkCode=osi&th=1&psc=1">View Product</a></div>







<div class="product"><a href="https://www.amazon.com/dp/B0CYKMFKR9?tag=eloabder-20&linkCode=osi&th=1&psc=1"><img src="https://m.media-amazon.com/images/I/316zU-ozoxL._SL500_.jpg" alt="Product Image"></a><p>Air Purifier Replacement Filter for Space Heater Bladeless Fan</p><p>$29.99</p><a href="https://www.amazon.com/dp/B0CYKMFKR9?tag=eloabder-20&linkCode=osi&th=1&psc=1">View Product</a></div>
<div class="product"><a href="https://www.amazon.com/dp/B07MRH6VY7?tag=eloabder-20&linkCode=osi&th=1&psc=1"><img src="https://m.media-amazon.com/images/I/51g-nuN4A5L._SL500_.jpg" alt="Product Image"></a><p>Colorfullife Replacement Air Purifier Filter for Dyson Tower Purifier Pure Cool Link TP01, TP02, TP03, BP01, Compare to Part 968126-03ï¼Œ2 Pack</p><p>$26.99</p><a href="https://www.amazon.com/dp/B07MRH6VY7?tag=eloabder-20&linkCode=osi&th=1&psc=1">View Product</a></div><div class="product"><a href="https://www.amazon.com/dp/B07TX5SW7J?tag=eloabder-20&linkCode=osi&th=1&psc=1"><img src="https://m.media-amazon.com/images/I/512Kn+cPglL._SL500_.jpg" alt="Product Image"></a><p>TP01 HEPA Filter Replacement Compatible with Dyson Tower Purifier Pure Cool Link TP01, TP02, TP03, AM11, BP01 Models, Compare to Part # 968126-03 (Pack of 2)</p><p>$27.95 ($13.98 / Count)</p><a href="https://www.amazon.com/dp/B07TX5SW7J?tag=eloabder-20&linkCode=osi&th=1&psc=1">View Product</a></div><div class="product"><a href="https://www.amazon.com/dp/B0CC24GZGB?tag=eloabder-20&linkCode=osi&th=1&psc=1"><img src="https://m.media-amazon.com/images/I/41woNpZ9VgL._SL500_.jpg" alt="Product Image"></a><p>TP01 TP02 Filter Compatible with Dyson Pure Cool Link Purifying Tower Fan TP00 TP03 AM11 and Cool Me BP01 Personal Series, 360Â° Air Purifier Filter Replacement 968126-03, 1-Pack</p><p>$25.99</p><a href="https://www.amazon.com/dp/B0CC24GZGB?tag=eloabder-20&linkCode=osi&th=1&psc=1">View Product</a></div><div class="product"><a href="https://www.amazon.com/dp/B0CX23N2JJ?tag=eloabder-20&linkCode=osi&th=1&psc=1"><img src="https://m.media-amazon.com/images/I/3145hmd5j7L._SL500_.jpg" alt="Product Image"></a><p>Dreo Air Purifiers Replacement Filter, HEPA Filter for Dreo Purifier Tower Fan MC710S, with 2 Stage Filtration, Black, Standard(DR-HPA019)</p><p>$39.99</p><a href="https://www.amazon.com/dp/B0CX23N2JJ?tag=eloabder-20&linkCode=osi&th=1&psc=1">View Product</a></div>










<div class="product"><a href="https://www.amazon.com/dp/B001U0OJ7O?tag=eloabder-20&linkCode=osi&th=1&psc=1"><img src="https://m.media-amazon.com/images/I/41XEg3QV-wL._SL500_.jpg" alt="Product Image"></a><p>Whirlpool W10165294RB 15-Inch Plastic Trash Compactor ct, 60 Bags, Count</p><p>$48.34</p><a href="https://www.amazon.com/dp/B001U0OJ7O?tag=eloabder-20&linkCode=osi&th=1&psc=1">View Product</a></div><div class="product"><a href="https://www.amazon.com/dp/B0CC3V4ZZ4?tag=eloabder-20&linkCode=osi&th=1&psc=1"><img src="https://m.media-amazon.com/images/I/31bbvodHnjL._SL500_.jpg" alt="Product Image"></a><p>Waste Smasher- Hand-Held Manual Trash Compactor Dishwasher Safe Black</p><p>$24.95</p><a href="https://www.amazon.com/dp/B0CC3V4ZZ4?tag=eloabder-20&linkCode=osi&th=1&psc=1">View Product</a></div><div class="product"><a href="https://www.amazon.com/dp/B00IYO5914?tag=eloabder-20&linkCode=osi&th=1&psc=1"><img src="https://m.media-amazon.com/images/I/51SLpTXIYNL._SL500_.jpg" alt="Product Image"></a><p>Kitchen Master Super Strong Compactor Bags Pre Cuffed (12 Pack)</p><p>$34.95</p><a href="https://www.amazon.com/dp/B00IYO5914?tag=eloabder-20&linkCode=osi&th=1&psc=1">View Product</a></div><div class="product"><a href="https://www.amazon.com/dp/B075DJ4ZVQ?tag=eloabder-20&linkCode=osi&th=1&psc=1"><img src="https://m.media-amazon.com/images/I/51Vaek4I89L._SL500_.jpg" alt="Product Image"></a><p>Dano Pre-Cuffed Compactor Bags</p><p>$32.95 ($2.75 / Count)</p><a href="https://www.amazon.com/dp/B075DJ4ZVQ?tag=eloabder-20&linkCode=osi&th=1&psc=1">View Product</a></div><div class="product"><a href="https://www.amazon.com/dp/B0C2DCVCBJ?tag=eloabder-20&linkCode=osi&th=1&psc=1"><img src="https://m.media-amazon.com/images/I/51072CtaKuL._SL500_.jpg" alt="Product Image"></a><p>60-pack W10165294RB Trash Compactor Bags - leak-proof trash compactor bags for kitchen 60-ct 15 inches - Fits 15-inch Rectangular Drawer Compactors</p><p>$45.99 ($0.77 / Count)</p><a href="https://www.amazon.com/dp/B0C2DCVCBJ?tag=eloabder-20&linkCode=osi&th=1&psc=1">View Product</a></div><div class="product"><a href="https://www.amazon.com/dp/B001U0OJ7E?tag=eloabder-20&linkCode=osi&th=1&psc=1"><img src="https://m.media-amazon.com/images/I/41c0z26RyvL._SL500_.jpg" alt="Product Image"></a><p>Whirlpool W10165293RB Genuine OEM 60 Pack-Plastic Compactor Bags-18" Models â€“ 1394369, 4178058, 4318932, 4318933, 4318935, 4318937, 4318939, AH1964576, EA1964576, PS1964576</p><p>$48.64 ($0.81 / Count)</p><a href="https://www.amazon.com/dp/B001U0OJ7E?tag=eloabder-20&linkCode=osi&th=1&psc=1">View Product</a></div><div class="product"><a href="https://www.amazon.com/dp/B00W27J16S?tag=eloabder-20&linkCode=osi&th=1&psc=1"><img src="https://m.media-amazon.com/images/I/41RaOjAGlrL._SL500_.jpg" alt="Product Image"></a><p>Compactor Bags Pre Cuffed (50 Pack)</p><p>$84.95 ($1.70 / count)</p><a href="https://www.amazon.com/dp/B00W27J16S?tag=eloabder-20&linkCode=osi&th=1&psc=1">View Product</a></div><div class="product"><a href="https://www.amazon.com/dp/B00MOCYY2W?tag=eloabder-20&linkCode=osi&th=1&psc=1"><img src="https://m.media-amazon.com/images/I/41SH8mDsAnL._SL500_.jpg" alt="Product Image"></a><p>GE WX60X1 Genuine OEM Universal Trash Compactor Bags for GE Trash Compactors</p><p>$19.00</p><a href="https://www.amazon.com/dp/B00MOCYY2W?tag=eloabder-20&linkCode=osi&th=1&psc=1">View Product</a></div><div class="product"><a href="https://www.amazon.com/dp/B0D7SFSTNG?tag=eloabder-20&linkCode=osi&th=1&psc=1"><img src="https://m.media-amazon.com/images/I/41szt9tZJPL._SL500_.jpg" alt="Product Image"></a><p>4PCS Trash Compactor Charcoal Air Filter Fit for Whirlpool/KitchenAid/Maytag/Jenn-Air/Amana/Inglis/Magic Chef Trash Compactor, Replaces 4151750 554358 WP4151750 AP6009134 PS11742279</p><p>$23.59 ($5.90 / Count)</p><a href="https://www.amazon.com/dp/B0D7SFSTNG?tag=eloabder-20&linkCode=osi&th=1&psc=1">View Product</a></div>
<div class="product"><a href="https://www.amazon.com/dp/B0CGLX5ZB9?tag=eloabder-20&linkCode=osi&th=1&psc=1"><img src="https://m.media-amazon.com/images/I/51qeRZQS98L._SL500_.jpg" alt="Product Image"></a><p>Spare Replacement Parts Compatible with MAMNV BR150 BR151, ZCWA BR150 BR151, MANVINS G20 Robot Vacuum and Mop Combo Accessories Include: 3 Hepa Filters 3 Mop Pads 6 Side Spin Brushes</p><p>$9.98</p><a href="https://www.amazon.com/dp/B0CGLX5ZB9?tag=eloabder-20&linkCode=osi&th=1&psc=1">View Product</a></div><div class="product"><a href="https://www.amazon.com/dp/B0B28DGZBG?tag=eloabder-20&linkCode=osi&th=1&psc=1"><img src="https://m.media-amazon.com/images/I/51ooMN4RqML._SL500_.jpg" alt="Product Image"></a><p>Replacement Parts for Shark AI AV2511AE AV2501S AV2610WA AV2501AE RV2502AE RV2610WA RV2520 AV2510 2-In-1 AI Ultra Robot Vacuum Cleaner Accessories Kits. Main Brush, HEPA Filter, Foam Filter,Side Brush</p><p>$19.99 ($1.05 / Count)</p><a href="https://www.amazon.com/dp/B0B28DGZBG?tag=eloabder-20&linkCode=osi&th=1&psc=1">View Product</a></div><div class="product"><a href="https://www.amazon.com/dp/B0782T7L6P?tag=eloabder-20&linkCode=osi&th=1&psc=1"><img src="https://m.media-amazon.com/images/I/41hTVkuzMJL._SL500_.jpg" alt="Product Image"></a><p>10pcs HEPA Filters Replacement for ILIFE V3s V3s pro V5 V5s V5s Pro V5s Pro 2 V5s Plus Noisz S5 Robotic Vacuum Cleaner ILIFE V3s pro Filters ILIFE Robot Vacuum Filter</p><p>$9.80 ($0.98 / Count)</p><a href="https://www.amazon.com/dp/B0782T7L6P?tag=eloabder-20&linkCode=osi&th=1&psc=1">View Product</a></div><div class="product"><a href="https://www.amazon.com/dp/B0CXLVHTTC?tag=eloabder-20&linkCode=osi&th=1&psc=1"><img src="https://m.media-amazon.com/images/I/51BT3phYzKL._SL500_.jpg" alt="Product Image"></a><p>HUIZHEN Spare Accessories for MAMNV BR150/BR151, for ZCWA BR150/BR151, for MANVINS G20,for GTTVO BR150/BR151,for ONSON BR150/BR151 Robot Vacuum Replacement Parts,6 Side Brush,4 HEPA Filters,4 Mop Pads</p><p>$9.99</p><a href="https://www.amazon.com/dp/B0CXLVHTTC?tag=eloabder-20&linkCode=osi&th=1&psc=1">View Product</a></div><div class="product"><a href="https://www.amazon.com/dp/B08RYDDQL8?tag=eloabder-20&linkCode=osi&th=1&psc=1"><img src="https://m.media-amazon.com/images/I/314Xd7+oBXL._SL500_.jpg" alt="Product Image"></a><p>AirClean 4 Pack 3.7" High Replacement Base Pre-Motor Foam Filters Compatible with Shark IQ Robot Vacuum R101AE RV1001AE UR1005AE Self-Empty Base</p><p>$12.99 ($3.25 / Count)</p><a href="https://www.amazon.com/dp/B08RYDDQL8?tag=eloabder-20&linkCode=osi&th=1&psc=1">View Product</a></div><div class="product"><a href="https://www.amazon.com/dp/B0CJLHJ557?tag=eloabder-20&linkCode=osi&th=1&psc=1"><img src="https://m.media-amazon.com/images/I/41iQm8hUjiL._SL500_.jpg" alt="Product Image"></a><p>Replacement Parts Compatible with WYZE Robot Vacuum Cleaner WVCR200S Accessories, 2 Main Brushes, 6 Hepa Filters, 8 Side Brushes Attachment Spare Pack</p><p>$14.99 ($0.94 / Count)</p><a href="https://www.amazon.com/dp/B0CJLHJ557?tag=eloabder-20&linkCode=osi&th=1&psc=1">View Product</a></div>
<div class="product"><a href="https://www.amazon.com/dp/B0C4595Q8P?tag=eloabder-20&linkCode=osi&th=1&psc=1"><img src="https://m.media-amazon.com/images/I/51k23SAtRxL._SL500_.jpg" alt="Product Image"></a><p>4 Pack FSV001 HEPA Filter Compatiable with Fabuletta FSV101, FSV001, Girnoor G160&G165, Afoddon A300, Lubluelu 202, Oraimo Cordless Vacuum Cleaner, Besswin W26 Cordless Stick Vacuum Cleaners</p><p>$15.99 ($4.00 / Count)</p><a href="https://www.amazon.com/dp/B0C4595Q8P?tag=eloabder-20&linkCode=osi&th=1&psc=1">View Product</a></div>
<div class="product"><a href="https://www.amazon.com/dp/B0BNKJX96X?tag=eloabder-20&linkCode=osi&th=1&psc=1"><img src="https://m.media-amazon.com/images/I/41OPeLFppoL._SL500_.jpg" alt="Product Image"></a><p>6 PACK 2033 Replacement Filter Compatible with Bissell Featherweight Stick Lightweight Bagless Vacuum Cleaner 20331, 20333, 20334, 20336, 20339, 2033M,6 Mesh Filter 6 Foam Filters, Replace # 1611508</p><p>$14.99 ($2.50 / Count)</p><a href="https://www.amazon.com/dp/B0BNKJX96X?tag=eloabder-20&linkCode=osi&th=1&psc=1">View Product</a></div><div class="product"><a href="https://www.amazon.com/dp/B0CMBWLTSM?tag=eloabder-20&linkCode=osi&th=1&psc=1"><img src="https://m.media-amazon.com/images/I/41PHqKaLTDL._SL500_.jpg" alt="Product Image"></a><p>18V ONE + Cordless Pet Stick Vacuum Filter for Ryobi, PCL720, PBLSV716, PBLSV717 Stick Vacuum, Reusable Washable Filters, Compare to Part A32SV720N, 6 Pack</p><p>$15.99 ($2.66 / Count)</p><a href="https://www.amazon.com/dp/B0CMBWLTSM?tag=eloabder-20&linkCode=osi&th=1&psc=1">View Product</a></div><div class="product"><a href="https://www.amazon.com/dp/B0CXDYWWT9?tag=eloabder-20&linkCode=osi&th=1&psc=1"><img src="https://m.media-amazon.com/images/I/41F1csTT8jL._SL500_.jpg" alt="Product Image"></a><p>2 Replacement Filters for Craftsman V20 Cordless Stick Vacuum CMCVS001D1, for Black Decker BSVF1 BSV2020 BSV2020G BSV2020P Cordless Stick Vacuum Cleaner with 1 Cleaning Brush</p><p>$14.99</p><a href="https://www.amazon.com/dp/B0CXDYWWT9?tag=eloabder-20&linkCode=osi&th=1&psc=1">View Product</a></div><div class="product"><a href="https://www.amazon.com/dp/B0CCJ5N5DH?tag=eloabder-20&linkCode=osi&th=1&psc=1"><img src="https://m.media-amazon.com/images/I/41xmhDPqk8L._SL500_.jpg" alt="Product Image"></a><p>Aolleteau 1 Pack Brush Roller Compatible with Black + Decker BSV2020, BSV2020P, BSV2020G Powerseries Extreme Cordless Stick Vacuum and Compatible with Craftsman V20 Cordless Stick Vacuum CMCVS001D1</p><p>$17.99</p><a href="https://www.amazon.com/dp/B0CCJ5N5DH?tag=eloabder-20&linkCode=osi&th=1&psc=1">View Product</a></div><div class="product"><a href="https://www.amazon.com/dp/B0CQY61LFD?tag=eloabder-20&linkCode=osi&th=1&psc=1"><img src="https://m.media-amazon.com/images/I/31swBBC444L._SL500_.jpg" alt="Product Image"></a><p>Tablenco for Shark HZ602 Filter Replacement Ultralight Pet Pro Corded Stick Vacuum and HZ2002 Vertex DuoClean PowerFins fit HZ2000 HZ251 HZ250 HH200 HH202,4 Foam Felt 4 Motor Kit (No cleaning brush)</p><p>$9.98</p><a href="https://www.amazon.com/dp/B0CQY61LFD?tag=eloabder-20&linkCode=osi&th=1&psc=1">View Product</a></div><div class="product"><a href="https://www.amazon.com/dp/B09Q55KW8W?tag=eloabder-20&linkCode=osi&th=1&psc=1"><img src="https://m.media-amazon.com/images/I/51MKsJy6nSL._SL500_.jpg" alt="Product Image"></a><p>Anicell 2033 Featherweight Filter for Bissell Featherweight Stick Lightweight Bagless Vacuum 20331 20333 20334 20336 20339 2033M, 4 Mesh Filters 6 Foam Filters Replacement, Replace part# 1611508</p><p>$11.99</p><a href="https://www.amazon.com/dp/B09Q55KW8W?tag=eloabder-20&linkCode=osi&th=1&psc=1">View Product</a></div><div class="product"><a href="https://www.amazon.com/dp/B0CDVG7LHD?tag=eloabder-20&linkCode=osi&th=1&psc=1"><img src="https://m.media-amazon.com/images/I/41hjN1Te6sL._SL500_.jpg" alt="Product Image"></a><p>Moreffi 3 Pack Filter Replacement For HART Cordless Stick Vacuum HPSV01 and HPSV50, Compare to Part Number HASV01</p><p>$19.99 ($6.66 / Count)</p><a href="https://www.amazon.com/dp/B0CDVG7LHD?tag=eloabder-20&linkCode=osi&th=1&psc=1">View Product</a></div>
<div class="product"><a href="https://www.amazon.com/dp/B07DQ9TZC8?tag=eloabder-20&linkCode=osi&th=1&psc=1"><img src="https://m.media-amazon.com/images/I/41PHyZ20FuL._SL500_.jpg" alt="Product Image"></a><p>Kenmore 53294 Style O HEPA Cloth Vacuum Bags for Kenmore Upright Vacuum Cleaners 6 Pack,White</p><p>$20.99 ($3.50 / Count)</p><a href="https://www.amazon.com/dp/B07DQ9TZC8?tag=eloabder-20&linkCode=osi&th=1&psc=1">View Product</a></div><div class="product"><a href="https://www.amazon.com/dp/B08MXVTTT2?tag=eloabder-20&linkCode=osi&th=1&psc=1"><img src="https://m.media-amazon.com/images/I/41T6wRpIMzL._SL500_.jpg" alt="Product Image"></a><p>Kenmore IB600 HEPA Replacement Intuition Upright Vacuum Cleaner Bags for BU4022, BU4020, BU4018, BU4050, BU3040,White</p><p>$18.75</p><a href="https://www.amazon.com/dp/B08MXVTTT2?tag=eloabder-20&linkCode=osi&th=1&psc=1">View Product</a></div><div class="product"><a href="https://www.amazon.com/dp/B01010JVYO?tag=eloabder-20&linkCode=osi&th=1&psc=1"><img src="https://m.media-amazon.com/images/I/51Anluh47GL._SL500_.jpg" alt="Product Image"></a><p>EnviroCare Replacement Micro Filtration Vacuum Cleaner Dust Bags Designed to fit Hoover Windtunnel Upright Type Y 9 pack</p><p>$9.89 ($1.10 / Count)</p><a href="https://www.amazon.com/dp/B01010JVYO?tag=eloabder-20&linkCode=osi&th=1&psc=1">View Product</a></div><div class="product"><a href="https://www.amazon.com/dp/B0D5CP3WBY?tag=eloabder-20&linkCode=osi&th=1&psc=1"><img src="https://m.media-amazon.com/images/I/31MaGmsVOwL._SL500_.jpg" alt="Product Image"></a><p>Bagless Upright Kenmore Vacuum HEPA Filters, Compatible with Foam Filters, Felt Filters and Upright vacuum cleaner for Models K4010,DU2015,DU2012(includes 1 Hepa Filters,2 Foam and 2 Felt Filters)</p><p>$12.99</p><a href="https://www.amazon.com/dp/B0D5CP3WBY?tag=eloabder-20&linkCode=osi&th=1&psc=1">View Product</a></div><div class="product"><a href="https://www.amazon.com/dp/B0CBFV28WX?tag=eloabder-20&linkCode=osi&th=1&psc=1"><img src="https://m.media-amazon.com/images/I/51LIYI0wXSL._SL500_.jpg" alt="Product Image"></a><p>16 Packs Vacuum Bags for Oreck Type CC, Compatible with All Oreck XL Upright Vacuum Cleaner - Replaces Part # CCPK8DW</p><p>$21.99 ($1.37 / Count)</p><a href="https://www.amazon.com/dp/B0CBFV28WX?tag=eloabder-20&linkCode=osi&th=1&psc=1">View Product</a></div><div class="product"><a href="https://www.amazon.com/dp/B00F9GQMHA?tag=eloabder-20&linkCode=osi&th=1&psc=1"><img src="https://m.media-amazon.com/images/I/51lhelurelL._SL500_.jpg" alt="Product Image"></a><p>EnviroCare Replacement Premium Vacuum Cleaner Dust Bags made to fit Eureka F&G Uprights 9 bags</p><p>$11.09</p><a href="https://www.amazon.com/dp/B00F9GQMHA?tag=eloabder-20&linkCode=osi&th=1&psc=1">View Product</a></div><div class="product"><a href="https://www.amazon.com/dp/B002CI8G1I?tag=eloabder-20&linkCode=osi&th=1&psc=1"><img src="https://m.media-amazon.com/images/I/51PYQrQpbSL._SL500_.jpg" alt="Product Image"></a><p>EnviroCare Replacement Micro Filtration Vacuum Cleaner Dust Bags made to fit Kenmore Upright Type U/L/O 50688 and 50690, Panasonic Type U-2, Miele Type Z. 9 pack</p><p>$9.99</p><a href="https://www.amazon.com/dp/B002CI8G1I?tag=eloabder-20&linkCode=osi&th=1&psc=1">View Product</a></div>
<div class="product"><a href="https://www.amazon.com/dp/B07GNQJ67P?tag=eloabder-20&linkCode=osi&th=1&psc=1"><img src="https://m.media-amazon.com/images/I/41XHnKbgjAL._SL500_.jpg" alt="Product Image"></a><p>Kenmore 53292 Type Q HEPA Replacement Dust Bags for Canister Vacuum 81214, 81414, 81714, 21814, BC2005, BC3005, 81615, BC7005, 6 Count (Pack of 1)</p><p>$13.24 ($2.21 / Count)</p><a href="https://www.amazon.com/dp/B07GNQJ67P?tag=eloabder-20&linkCode=osi&th=1&psc=1">View Product</a></div><div class="product"><a href="https://www.amazon.com/dp/B01L0C0FVK?tag=eloabder-20&linkCode=osi&th=1&psc=1"><img src="https://m.media-amazon.com/images/I/51ZIjbo9NVL._SL500_.jpg" alt="Product Image"></a><p>Envirocare Replacement Vacuum Bags Compatible with Kenmore Canister Type C/Q. 5055, 50557 and 50558 Panasonic Type C-5 Vacuums,15 pack</p><p>$16.16</p><a href="https://www.amazon.com/dp/B01L0C0FVK?tag=eloabder-20&linkCode=osi&th=1&psc=1">View Product</a></div><div class="product"><a href="https://www.amazon.com/dp/B0BTRTP2PM?tag=eloabder-20&linkCode=osi&th=1&psc=1"><img src="https://m.media-amazon.com/images/I/41K295aRv9L._SL500_.jpg" alt="Product Image"></a><p>Vacuum Cleaner Bags Fit for Kenmore Canister Type C/Q 50555 50557 50558 and Type C-5, 10PCs</p><p>$15.99</p><a href="https://www.amazon.com/dp/B0BTRTP2PM?tag=eloabder-20&linkCode=osi&th=1&psc=1">View Product</a></div><div class="product"><a href="https://www.amazon.com/dp/B0CRQYGLZX?tag=eloabder-20&linkCode=osi&th=1&psc=1"><img src="https://m.media-amazon.com/images/I/413iXp+j3ML._SL500_.jpg" alt="Product Image"></a><p>15 Pack Canister Vacuum Cleaner Bags Compatible with Kenmore Canister Type C/Q 5055, 50555, 50557, 50558 and Type C-5, C-18, 53292, 200 Series, 400 Series, 600 Series, 700 Series, 800 Series Vacuum</p><p>$11.69</p><a href="https://www.amazon.com/dp/B0CRQYGLZX?tag=eloabder-20&linkCode=osi&th=1&psc=1">View Product</a></div><div class="product"><a href="https://www.amazon.com/dp/B00QGD3SBI?tag=eloabder-20&linkCode=osi&th=1&psc=1"><img src="https://m.media-amazon.com/images/I/51xw0asyqTL._SL500_.jpg" alt="Product Image"></a><p>EnviroCare Replacement Vacuum Bags made to fit Kenmore Canister Type C or Q 50555, 50558, 50557 and Panasonic Type C-5 Vacuums, 9 pack</p><p>$9.79</p><a href="https://www.amazon.com/dp/B00QGD3SBI?tag=eloabder-20&linkCode=osi&th=1&psc=1">View Product</a></div><div class="product"><a href="https://www.amazon.com/dp/B0CQP9NP5N?tag=eloabder-20&linkCode=osi&th=1&psc=1"><img src="https://m.media-amazon.com/images/I/41WnNkTz8zL._SL500_.jpg" alt="Product Image"></a><p>8 Pack Replacement Vacuum Bags Compatible with Kenmore Canister Type C/Q. 5055, 50104, 50557 and 50558 Panasonic Type C-5 Vacuums</p><p>$9.99 ($1.25 / Count)</p><a href="https://www.amazon.com/dp/B0CQP9NP5N?tag=eloabder-20&linkCode=osi&th=1&psc=1">View Product</a></div>
<div class="product"><a href="https://www.amazon.com/dp/B09M3Y2BHR?tag=eloabder-20&linkCode=osi&th=1&psc=1"><img src="https://m.media-amazon.com/images/I/31tevngai1L._SL500_.jpg" alt="Product Image"></a><p>Ymimi Vacuum Filter Compatible with Eureka WhirlWind Bagless Canister Vacuum Cleaner,Fits NEN110A,NEN110B,NEN110Dï¼ˆ2-Packï¼‰</p><p>$11.99 ($6.00 / Count)</p><a href="https://www.amazon.com/dp/B09M3Y2BHR?tag=eloabder-20&linkCode=osi&th=1&psc=1">View Product</a></div><div class="product"><a href="https://www.amazon.com/dp/B07J1WWBHN?tag=eloabder-20&linkCode=osi&th=1&psc=1"><img src="https://m.media-amazon.com/images/I/51gmkDrnR2L._SL500_.jpg" alt="Product Image"></a><p>Bissell Powerforce Helix Bagless Washable Premotor Filter #1608225, Black</p><p>$7.78</p><a href="https://www.amazon.com/dp/B07J1WWBHN?tag=eloabder-20&linkCode=osi&th=1&psc=1">View Product</a></div><div class="product"><a href="https://www.amazon.com/dp/B0BK64TMMK?tag=eloabder-20&linkCode=osi&th=1&psc=1"><img src="https://m.media-amazon.com/images/I/41OBMvET7eL._SL500_.jpg" alt="Product Image"></a><p>Vacuum Belt Replacement for Bissell Cleanview Swivel Pet Upright Bagless/Powerlifter Vacuum Cleaner, fits model: 2252, 2254, 22543, 2258,2259, 2260,2316, 2739, 1793, Parts # 3031120, 32074</p><p>$6.99</p><a href="https://www.amazon.com/dp/B0BK64TMMK?tag=eloabder-20&linkCode=osi&th=1&psc=1">View Product</a></div><div class="product"><a href="https://www.amazon.com/dp/B0BKKL3WRB?tag=eloabder-20&linkCode=osi&th=1&psc=1"><img src="https://m.media-amazon.com/images/I/410jMe-FjIL._SL500_.jpg" alt="Product Image"></a><p>Aolleteau F1 HEPA Filter Compatible with Dirt Devil Bagless Upright Cleaner Models Extra Lite, Breeze, Featherlite Bagless, Jaguar Bagless,Platinum Force Vision, Scorpion and Vision Bagless (2 Pack)</p><p>$13.99 ($7.00 / Count)</p><a href="https://www.amazon.com/dp/B0BKKL3WRB?tag=eloabder-20&linkCode=osi&th=1&psc=1">View Product</a></div><div class="product"><a href="https://www.amazon.com/dp/B09SG1P4WN?tag=eloabder-20&linkCode=osi&th=1&psc=1"><img src="https://m.media-amazon.com/images/I/51+Mr+Wq5ML._SL500_.jpg" alt="Product Image"></a><p>NEN110A Vacuum Filter, Inlet Frame and Sponge Filter Compatible with Eureka Whirlwind Bagless Canister Vacuum Cleaner, Fits NEN110A, NEN110B, NEN110D(4-Pack)</p><p>$15.99 ($4.00 / Count)</p><a href="https://www.amazon.com/dp/B09SG1P4WN?tag=eloabder-20&linkCode=osi&th=1&psc=1">View Product</a></div>
<div class="product"><a href="https://www.amazon.com/dp/B07GT9VB9X?tag=eloabder-20&linkCode=osi&th=1&psc=1"><img src="https://m.media-amazon.com/images/I/41IokheYtNL._SL500_.jpg" alt="Product Image"></a><p>6 Pack 1940 Bissell Steam Mop Pads for Bissell PowerFresh Steam Mop 1806 1544 1440 2075A 2685A 1940W 19404 Series, Model 19402 19408 1940a 1940f 1940q 1940t B0006 B0017, Part #5938#203-2633</p><p>$16.99 ($2.83 / Count)</p><a href="https://www.amazon.com/dp/B07GT9VB9X?tag=eloabder-20&linkCode=osi&th=1&psc=1">View Product</a></div><div class="product"><a href="https://www.amazon.com/dp/B07H3MYZLD?tag=eloabder-20&linkCode=osi&th=1&psc=1"><img src="https://m.media-amazon.com/images/I/511p6MPxQ0L._SL500_.jpg" alt="Product Image"></a><p>Flammi Steam Pocket Mop Replacement Pads for Shark S3500 Series S3501 S3601 S3550 S3901 SE450 S3801CO S3601D S2901 S2902 Steam Pocket Mop, 4 Pack</p><p>$16.97 ($4.24 / Count)</p><a href="https://www.amazon.com/dp/B07H3MYZLD?tag=eloabder-20&linkCode=osi&th=1&psc=1">View Product</a></div><div class="product"><a href="https://www.amazon.com/dp/B0C8SH97HN?tag=eloabder-20&linkCode=osi&th=1&psc=1"><img src="https://m.media-amazon.com/images/I/31Mex4y7odL._SL500_.jpg" alt="Product Image"></a><p>HOMEXCEL Steam Mop Replacement Pads Compatible with Bissell Powerfresh Steam Mop 1940 1806 1440 1544 Series, Model 19402 19404 19408 2685A 2075A 1940A 1940Q 1940T 1940W, Steam Mop Pads Refills,4 Pack</p><p>$9.99 ($2.50 / Count)</p><a href="https://www.amazon.com/dp/B0C8SH97HN?tag=eloabder-20&linkCode=osi&th=1&psc=1">View Product</a></div><div class="product"><a href="https://www.amazon.com/dp/B0BFWTXS33?tag=eloabder-20&linkCode=osi&th=1&psc=1"><img src="https://m.media-amazon.com/images/I/51pa2h7o0EL._SL500_.jpg" alt="Product Image"></a><p>12 Pack 1940 Steam Mop Replacement Pads for Bissell Powerfresh Steam Mop 1940 1440 1806 1544 2075 2685A 2814 Series, Model 19402 19404 19408 19409 1940A 1940F 1940Q 1940T 1940W B0006 B0017 2075A 15441</p><p>$24.99</p><a href="https://www.amazon.com/dp/B0BFWTXS33?tag=eloabder-20&linkCode=osi&th=1&psc=1">View Product</a></div><div class="product"><a href="https://www.amazon.com/dp/B0CLP5QGTY?tag=eloabder-20&linkCode=osi&th=1&psc=1"><img src="https://m.media-amazon.com/images/I/414HqpKde9L._SL500_.jpg" alt="Product Image"></a><p>10 Pack 1940 1806 2685A Steam Mop Pads For Bissell Powerfresh Steam Mop Deluxe Pet Lift-Off Plus Slim Scrubbing Steam Mop Replacement Pad 1940A 2814 1544A 2075A Power Fresh Steamer Pad Refill Washable</p><p>$22.99 ($2.30 / Count)</p><a href="https://www.amazon.com/dp/B0CLP5QGTY?tag=eloabder-20&linkCode=osi&th=1&psc=1">View Product</a></div><div class="product"><a href="https://www.amazon.com/dp/B078BBKBPV?tag=eloabder-20&linkCode=osi&th=1&psc=1"><img src="https://m.media-amazon.com/images/I/51WcJqtOUIL._SL500_.jpg" alt="Product Image"></a><p>Tidy Monster Steam Mop Replacement Pads Compatible with Bissell Powerfresh Steam Mop 1940 1806 1544 1440 2075A 2685A Series, Part # 5938 & 203-2633, 1606668 & 1606669 (4 Pack Scrub Plush)</p><p>$9.99</p><a href="https://www.amazon.com/dp/B078BBKBPV?tag=eloabder-20&linkCode=osi&th=1&psc=1">View Product</a></div><div class="product"><a href="https://www.amazon.com/dp/B00A6G37SU?tag=eloabder-20&linkCode=osi&th=1&psc=1"><img src="https://m.media-amazon.com/images/I/51xo0LB-SpL._SL500_.jpg" alt="Product Image"></a><p>BISSELL PowerFresh Steam Mop Pads (Pack of 2) with Fragrance discs (4 ct), 5938</p><p>$21.26 ($10.63 / Count)</p><a href="https://www.amazon.com/dp/B00A6G37SU?tag=eloabder-20&linkCode=osi&th=1&psc=1">View Product</a></div>
<div class="product"><a href="https://www.amazon.com/dp/B0D2QFVY7H?tag=eloabder-20&linkCode=osi&th=1&psc=1"><img src="https://m.media-amazon.com/images/I/417B7H+vvML._SL500_.jpg" alt="Product Image"></a><p>Kenmore KS1010 Deep Clean & Revitalize Pet Carpet Cleaner Formula, 64 oz, White, 64 Fl Oz</p><p>$22.73 ($0.36 / Fl Oz)</p><a href="https://www.amazon.com/dp/B0D2QFVY7H?tag=eloabder-20&linkCode=osi&th=1&psc=1">View Product</a></div><div class="product"><a href="https://www.amazon.com/dp/B0BNK8ZJJ1?tag=eloabder-20&linkCode=osi&th=1&psc=1"><img src="https://m.media-amazon.com/images/I/51z0Pc4xcNL._SL500_.jpg" alt="Product Image"></a><p>Bissell Spotlifter Pet Carpet and Upholstery Cleaner with Brush Head - 4 Pack, 93523</p><p>$23.88 ($0.50 / Fl Oz)</p><a href="https://www.amazon.com/dp/B0BNK8ZJJ1?tag=eloabder-20&linkCode=osi&th=1&psc=1">View Product</a></div><div class="product"><a href="https://www.amazon.com/dp/B0CX245D26?tag=eloabder-20&linkCode=osi&th=1&psc=1"><img src="https://m.media-amazon.com/images/I/411CSXvvO1L._SL500_.jpg" alt="Product Image"></a><p>BISSELLÂ® Spot & Stain with Febreze + Gain Original Scent Formula for Little Green Devices, Portable Carpet Cleaners (3968)</p><p>$12.99 ($0.41 / Fl Oz)</p><a href="https://www.amazon.com/dp/B0CX245D26?tag=eloabder-20&linkCode=osi&th=1&psc=1">View Product</a></div><div class="product"><a href="https://www.amazon.com/dp/B083VZW4R5?tag=eloabder-20&linkCode=osi&th=1&psc=1"><img src="https://m.media-amazon.com/images/I/413BULPLmBL._SL500_.jpg" alt="Product Image"></a><p>BISSELL Multi-Surface Pet Formula with Febreze Freshness for Crosswave (80 oz), 2295L</p><p>$22.99 ($0.29 / Fl Oz)</p><a href="https://www.amazon.com/dp/B083VZW4R5?tag=eloabder-20&linkCode=osi&th=1&psc=1">View Product</a></div><div class="product"><a href="https://www.amazon.com/dp/B0D2RGW219?tag=eloabder-20&linkCode=osi&th=1&psc=1"><img src="https://m.media-amazon.com/images/I/41gD+82tnAL._SL500_.jpg" alt="Product Image"></a><p>Vacmaster Clean & Restore Carpet Cleaner Formula â€“ CCS03</p><p>$19.99 ($0.31 / Fl Oz)</p><a href="https://www.amazon.com/dp/B0D2RGW219?tag=eloabder-20&linkCode=osi&th=1&psc=1">View Product</a></div>






<div class="product"><a href="https://www.amazon.com/dp/B0BY64HQTP?tag=eloabder-20&linkCode=osi&th=1&psc=1"><img src="https://m.media-amazon.com/images/I/41hUxHuASYL._SL500_.jpg" alt="Product Image"></a><p>Air Conditioning Motor WZDK13-38G-1(RD-310-13-8) DC Brushless Fan Motor, 13W Inverter air Conditioner Motor DC Motor for Central air Conditioner</p><p>$39.95</p><a href="https://www.amazon.com/dp/B0BY64HQTP?tag=eloabder-20&linkCode=osi&th=1&psc=1">View Product</a></div><div class="product"><a href="https://www.amazon.com/dp/B0CM5YB884?tag=eloabder-20&linkCode=osi&th=1&psc=1"><img src="https://m.media-amazon.com/images/I/310lQ2tAvLL._SL500_.jpg" alt="Product Image"></a><p>Sparkfix OEM WZDK20-38G (ZKFP-20-8-6) Air Conditioner Replacement Motors DC280V 20W Air Conditioning Fan Motor Inverter Air Conditioner Brushless DC Motor 1300RPM CCW</p><p>$42.79</p><a href="https://www.amazon.com/dp/B0CM5YB884?tag=eloabder-20&linkCode=osi&th=1&psc=1">View Product</a></div>













<div class="product"><a href="https://www.amazon.com/dp/B009PCI2JU?tag=eloabder-20&linkCode=osi&th=1&psc=1"><img src="https://m.media-amazon.com/images/I/310ZJurANUL._SL500_.jpg" alt="Product Image"></a><p>GE RPWFE Refrigerator Water Filter | Certified to Reduce Lead, Sulfur, and 50+ Other Impurities | Replace Every 6 Months for Best Results | Pack of 1</p><p>$49.98</p><a href="https://www.amazon.com/dp/B009PCI2JU?tag=eloabder-20&linkCode=osi&th=1&psc=1">View Product</a></div><div class="product"><a href="https://www.amazon.com/dp/B0882ZJ48W?tag=eloabder-20&linkCode=osi&th=1&psc=1"><img src="https://m.media-amazon.com/images/I/41110o9sUoL._SL500_.jpg" alt="Product Image"></a><p>GE XWFE Refrigerator Water Filter | Certified to Reduce Lead, Sulfur, and 50+ Other Impurities | Replace Every 6 Months for Best Results | Pack of 1, White</p><p>$49.00</p><a href="https://www.amazon.com/dp/B0882ZJ48W?tag=eloabder-20&linkCode=osi&th=1&psc=1">View Product</a></div><div class="product"><a href="https://www.amazon.com/dp/B074HLRXMP?tag=eloabder-20&linkCode=osi&th=1&psc=1"><img src="https://m.media-amazon.com/images/I/21oDpGCQXiL._SL500_.jpg" alt="Product Image"></a><p>LG LT1000P - 6 Month / 200 Gallon Capacity Replacement Refrigerator Water Filter (NSF42, NSF53, and NSF401) ADQ74793501, ADQ75795105, or AGF80300704 , White</p><p>$47.00</p><a href="https://www.amazon.com/dp/B074HLRXMP?tag=eloabder-20&linkCode=osi&th=1&psc=1">View Product</a></div><div class="product"><a href="https://www.amazon.com/dp/B01BKWSHHE?tag=eloabder-20&linkCode=osi&th=1&psc=1"><img src="https://m.media-amazon.com/images/I/31E2+zlkvjL._SL500_.jpg" alt="Product Image"></a><p>Frigidaire EPTWFU01 Water Filtration Filter, 1 Count, White</p><p>$42.99</p><a href="https://www.amazon.com/dp/B01BKWSHHE?tag=eloabder-20&linkCode=osi&th=1&psc=1">View Product</a></div><div class="product"><a href="https://www.amazon.com/dp/B08V6JB9R7?tag=eloabder-20&linkCode=osi&th=1&psc=1"><img src="https://m.media-amazon.com/images/I/31PRPEffCZL._SL500_.jpg" alt="Product Image"></a><p>Frigidaire FPPWFU01 PurePour PWF-1 Water Filter 1 Count (Pack of 1)</p><p>$45.81</p><a href="https://www.amazon.com/dp/B08V6JB9R7?tag=eloabder-20&linkCode=osi&th=1&psc=1">View Product</a></div><div class="product"><a href="https://www.amazon.com/dp/B000AST3AK?tag=eloabder-20&linkCode=osi&th=1&psc=1"><img src="https://m.media-amazon.com/images/I/41DUoSxpwTS._SL500_.jpg" alt="Product Image"></a><p>GE MWF Refrigerator Water Filter | Certified to Reduce Lead, Sulfur, and 50+ Other Impurities | Replace Every 6 Months for Best Results | Pack of 1</p><p>$39.98</p><a href="https://www.amazon.com/dp/B000AST3AK?tag=eloabder-20&linkCode=osi&th=1&psc=1">View Product</a></div><div class="product"><a href="https://www.amazon.com/dp/B0CFZR7K8D?tag=eloabder-20&linkCode=osi&th=1&psc=1"><img src="https://m.media-amazon.com/images/I/31WM5sdhKLL._SL500_.jpg" alt="Product Image"></a><p>HMASAV W10295370A water filter replacement, Compatible with EDR1RXD1,EDR1RXD1B,W10295370,Filter 1,WHR1RXD1,KAD1RXD1,P4RFWB,P8RFWB2L,46-9930,46-9081 2PACK</p><p>$29.99 ($15.00 / Count)</p><a href="https://www.amazon.com/dp/B0CFZR7K8D?tag=eloabder-20&linkCode=osi&th=1&psc=1">View Product</a></div><div class="product"><a href="https://www.amazon.com/dp/B07JM9TTTT?tag=eloabder-20&linkCode=osi&th=1&psc=1"><img src="https://m.media-amazon.com/images/I/41CfAtJ8TPL._SL500_.jpg" alt="Product Image"></a><p>GLACIER FRESH LT1000PC Replacement Water Filter, Compatible with LT1000PC/PCS, LT1000PC, LT-1000PC, MDJ64844601, ADQ747935 ADQ74793504 Filter and LT120F ADQ73334008 Fresh Air (3+3)</p><p>$39.99 ($13.33 / Count)</p><a href="https://www.amazon.com/dp/B07JM9TTTT?tag=eloabder-20&linkCode=osi&th=1&psc=1">View Product</a></div><div class="product"><a href="https://www.amazon.com/dp/B003N1ZSYG?tag=eloabder-20&linkCode=osi&th=1&psc=1"><img src="https://m.media-amazon.com/images/I/31Mbrkrxu1L._SL500_.jpg" alt="Product Image"></a><p>SAMSUNG Genuine Filter for Refrigerator Water and Ice, Carbon Block Filtration for Clean, Clear Drinking Water, 6-Month Life, HAF-CIN/EXP, 1 Pack</p><p>$39.99</p><a href="https://www.amazon.com/dp/B003N1ZSYG?tag=eloabder-20&linkCode=osi&th=1&psc=1">View Product</a></div>









<div class="product"><a href="https://www.amazon.com/dp/B0B2NZ47HN?tag=eloabder-20&linkCode=osi&th=1&psc=1"><img src="https://m.media-amazon.com/images/I/41nC6c2XxJL._SL500_.jpg" alt="Product Image"></a><p>OTE Portable Sparkling Water Maker Soda Maker Machine for home with 20PCS Cylinders 450ml Personal seltzer Carbonators Electroless Double Layer PET Bottle BPA Free Double Pressure Relief Valves -Pink</p><p>$49.99</p><a href="https://www.amazon.com/dp/B0B2NZ47HN?tag=eloabder-20&linkCode=osi&th=1&psc=1">View Product</a></div><div class="product"><a href="https://www.amazon.com/dp/B09DY54L7M?tag=eloabder-20&linkCode=osi&th=1&psc=1"><img src="https://m.media-amazon.com/images/I/31LSpnm3G8L._SL500_.jpg" alt="Product Image"></a><p>MOSOLAN Bottle Cleaning Brush, 17 Inches Extra Long Handle Water Bottle Brush, Flexible Bendable Cleaner for Washing Narrow Neck Bottles, Wine Decanter, Kombucha, Pipes, Beer Brewing Supplies, 2 Pack</p><p>$11.95 ($5.98 / Count)</p><a href="https://www.amazon.com/dp/B09DY54L7M?tag=eloabder-20&linkCode=osi&th=1&psc=1">View Product</a></div><div class="product"><a href="https://www.amazon.com/dp/B0736CBNDN?tag=eloabder-20&linkCode=osi&th=1&psc=1"><img src="https://m.media-amazon.com/images/I/41tWXmwP5KL._SL500_.jpg" alt="Product Image"></a><p>#2 Filter Pads (10 Pack Bulk) Compatible with Mini Jet Machine | #2 1.8-2.5 micron | 2 Micron Filtering pads. Filter Wine Beer, Kombucha, Mead Mash. Polishing filtration| Not a Buon Vino product.</p><p>$18.99</p><a href="https://www.amazon.com/dp/B0736CBNDN?tag=eloabder-20&linkCode=osi&th=1&psc=1">View Product</a></div>









<div class="product"><a href="https://www.amazon.com/dp/B07YGN577Y?tag=eloabder-20&linkCode=osi&th=1&psc=1"><img src="https://m.media-amazon.com/images/I/31kfZiyDMUL._SL500_.jpg" alt="Product Image"></a><p>9870163 Trash Power Nut WP9870163 L8</p><p>$50.36</p><a href="https://www.amazon.com/dp/B07YGN577Y?tag=eloabder-20&linkCode=osi&th=1&psc=1">View Product</a></div>

<div class="product"><a href="https://www.amazon.com/dp/B0CWQLM4C7?tag=eloabder-20&linkCode=osi&th=1&psc=1"><img src="https://m.media-amazon.com/images/I/41gTEIOjtlL._SL500_.jpg" alt="Product Image"></a><p>7" Seven Seconds Lazy Kitchen Food Making Tools - Multifunctional Fruit Vegetable Chopper Quick Garlic Peeling Machine Convenient Food Chopper for Slicing,Juice,Grinding</p><p>$32.99</p><a href="https://www.amazon.com/dp/B0CWQLM4C7?tag=eloabder-20&linkCode=osi&th=1&psc=1">View Product</a></div>







<div class="product"><a href="https://www.amazon.com/dp/B0CNKFM9WR?tag=eloabder-20&linkCode=osi&th=1&psc=1"><img src="https://m.media-amazon.com/images/I/31sGGIDic9L._SL500_.jpg" alt="Product Image"></a><p>hobbyme Pack of 4 Plastic Coffee Scoops with Brush & Espresso Grinder Brush for Ground Coffee Cleaning Tea Power Coffee Grinder Spoon</p><p>$6.49</p><a href="https://www.amazon.com/dp/B0CNKFM9WR?tag=eloabder-20&linkCode=osi&th=1&psc=1">View Product</a></div>





<div class="product"><a href="https://www.amazon.com/dp/B07798328B?tag=eloabder-20&linkCode=osi&th=1&psc=1"><img src="https://m.media-amazon.com/images/I/31Vpin+sgUS._SL500_.jpg" alt="Product Image"></a><p>Prime-Line MP10513 Standard Plastic Ice Cube Trays (5 Pack)</p><p>$12.69</p><a href="https://www.amazon.com/dp/B07798328B?tag=eloabder-20&linkCode=osi&th=1&psc=1">View Product</a></div><div class="product"><a href="https://www.amazon.com/dp/B077965JDB?tag=eloabder-20&linkCode=osi&th=1&psc=1"><img src="https://m.media-amazon.com/images/I/31H1hNlH6RL._SL500_.jpg" alt="Product Image"></a><p>Prime-Line MP10863 Standard Plastic Ice Cube Trays (2 Pack)</p><p>$9.69</p><a href="https://www.amazon.com/dp/B077965JDB?tag=eloabder-20&linkCode=osi&th=1&psc=1">View Product</a></div>












<div class="product"><a href="https://www.amazon.com/dp/B00UTFZAII?tag=eloabder-20&linkCode=osi&th=1&psc=1"><img src="https://m.media-amazon.com/images/I/31z7hZ6KbXL._SL500_.jpg" alt="Product Image"></a><p>Miele 10123210 AirClean 3D Efficiency Dust Bag, Type GN, 4 Bags & 2 Filters, White</p><p>$21.86 ($21.86 / Count)</p><a href="https://www.amazon.com/dp/B00UTFZAII?tag=eloabder-20&linkCode=osi&th=1&psc=1">View Product</a></div><div class="product"><a href="https://www.amazon.com/dp/B07WHG6J5S?tag=eloabder-20&linkCode=osi&th=1&psc=1"><img src="https://m.media-amazon.com/images/I/41hnaEOxB9L._SL500_.jpg" alt="Product Image"></a><p>KEEPOW Vacuum Filters for Eureka, Power Speed Vacuum Filters Replacement for Eureka NEU182A, NEU182B, NEU280, NEU180, NEU181, NEU188, NEU202 Bagless Upright Vacuum Cleaner, Part E0202 (4 Pack)</p><p>$9.99 ($2.50 / Count)</p><a href="https://www.amazon.com/dp/B07WHG6J5S?tag=eloabder-20&linkCode=osi&th=1&psc=1">View Product</a></div><div class="product"><a href="https://www.amazon.com/dp/B00UTFZB82?tag=eloabder-20&linkCode=osi&th=1&psc=1"><img src="https://m.media-amazon.com/images/I/41WdlL5T0dL._SL500_.jpg" alt="Product Image"></a><p>Miele AirClean 3D Efficiency Dust Bag, Type FJM, 4 Bags & 2 Filters, White</p><p>$18.99</p><a href="https://www.amazon.com/dp/B00UTFZB82?tag=eloabder-20&linkCode=osi&th=1&psc=1">View Product</a></div><div class="product"><a href="https://www.amazon.com/dp/B09NKP346M?tag=eloabder-20&linkCode=osi&th=1&psc=1"><img src="https://m.media-amazon.com/images/I/41o25nqkODL._SL500_.jpg" alt="Product Image"></a><p>Anewise 6 Pack Filter Replacement for Bissell Powerforce Compact Lightweight Upright 2112 1520 for Bissel Turbo Bagless 2690 Cleanview 3437 3508 Vacuum Cleaner, Compare to Parts #1604896/160-4896</p><p>$12.99</p><a href="https://www.amazon.com/dp/B09NKP346M?tag=eloabder-20&linkCode=osi&th=1&psc=1">View Product</a></div><div class="product"><a href="https://www.amazon.com/dp/B01MQ5NITB?tag=eloabder-20&linkCode=osi&th=1&psc=1"><img src="https://m.media-amazon.com/images/I/41J6lG4H1bL._SL500_.jpg" alt="Product Image"></a><p>Bissell Style 7 3 Pack Vacuum Cleaner Bags, White, 3 Count</p><p>$8.69 ($2.90 / Count)</p><a href="https://www.amazon.com/dp/B01MQ5NITB?tag=eloabder-20&linkCode=osi&th=1&psc=1">View Product</a></div><div class="product"><a href="https://www.amazon.com/dp/B0CDH1JY5D?tag=eloabder-20&linkCode=osi&th=1&psc=1"><img src="https://m.media-amazon.com/images/I/516DPXu4siL._SL500_.jpg" alt="Product Image"></a><p>4 Pack Replacement Filters Compatiable with Wyze Cordless Vacuum Cleaner, Removable and Washable HEPA Filter Accessories Part Set with 1 Cleaning Brush for Wyze Handheld Cordless Vacuum Cleaner</p><p>$15.99 ($4.00 / Count)</p><a href="https://www.amazon.com/dp/B0CDH1JY5D?tag=eloabder-20&linkCode=osi&th=1&psc=1">View Product</a></div><div class="product"><a href="https://www.amazon.com/dp/B07P3WB37F?tag=eloabder-20&linkCode=osi&th=1&psc=1"><img src="https://m.media-amazon.com/images/I/51WaYrkiVXL._SL500_.jpg" alt="Product Image"></a><p>Miele AirClean 3D Efficiency Dust Bag, Type GN, XL Value Pack, 8 Bags and 4 Filters</p><p>$36.99</p><a href="https://www.amazon.com/dp/B07P3WB37F?tag=eloabder-20&linkCode=osi&th=1&psc=1">View Product</a></div><div class="product"><a href="https://www.amazon.com/dp/B09DSY4Z2T?tag=eloabder-20&linkCode=osi&th=1&psc=1"><img src="https://m.media-amazon.com/images/I/51+ref3EeAL._SL500_.jpg" alt="Product Image"></a><p>Filter Replacement for Tineco A10 A11 Hero A10/A11 Master PURE ONE S11 Series, S12, X Cordless Vacuum Cleaner (3 PACK) â€¦</p><p>$12.99 ($4.33 / Count)</p><a href="https://www.amazon.com/dp/B09DSY4Z2T?tag=eloabder-20&linkCode=osi&th=1&psc=1">View Product</a></div>


<div class="product"><a href="https://www.amazon.com/dp/B0BXRR5QFV?tag=eloabder-20&linkCode=osi&th=1&psc=1"><img src="https://m.media-amazon.com/images/I/41sjdBkCp8L._SL500_.jpg" alt="Product Image"></a><p>AC Infinity CLOUDFORGE T7, Plant Humidifier 15L with VPD Humidity Controls, 10-Level Precision Vaporizer, Extendable Hose, Targeting Pipe, and No-Leak Seal for Grow Tents</p><p>$159.00</p><a href="https://www.amazon.com/dp/B0BXRR5QFV?tag=eloabder-20&linkCode=osi&th=1&psc=1">View Product</a></div><div class="product"><a href="https://www.amazon.com/dp/B01N6MV8SA?tag=eloabder-20&linkCode=osi&th=1&psc=1"><img src="https://m.media-amazon.com/images/I/41hX08+W1xL._SL500_.jpg" alt="Product Image"></a><p>Protec Humidifier Tank Cleaner, 1 Count - Colors May Vary</p><p>$5.98</p><a href="https://www.amazon.com/dp/B01N6MV8SA?tag=eloabder-20&linkCode=osi&th=1&psc=1">View Product</a></div><div class="product"><a href="https://www.amazon.com/dp/B07GXBTH82?tag=eloabder-20&linkCode=osi&th=1&psc=1"><img src="https://m.media-amazon.com/images/I/41ibxK12JPL._SL500_.jpg" alt="Product Image"></a><p>Essick Air 1970-2 Humidifier, 2-Quart Bacteriostatic Treatment, 2 Pack, Clear, 2</p><p>$22.99</p><a href="https://www.amazon.com/dp/B07GXBTH82?tag=eloabder-20&linkCode=osi&th=1&psc=1">View Product</a></div><div class="product"><a href="https://www.amazon.com/dp/B08TTT3K9B?tag=eloabder-20&linkCode=osi&th=1&psc=1"><img src="https://m.media-amazon.com/images/I/41U6j9SexmL._SL500_.jpg" alt="Product Image"></a><p>Leemone Humidifier Cleaner 12 Pack, Demineralization Cleaning Ball, Works in All humidifiers and Fish Tanks, Purifies Water, Prevents Hard Water Build-Up, Eliminates White Dust and Odor</p><p>$14.44</p><a href="https://www.amazon.com/dp/B08TTT3K9B?tag=eloabder-20&linkCode=osi&th=1&psc=1">View Product</a></div>
<div class="product"><a href="https://www.amazon.com/dp/B07YD4XCT3?tag=eloabder-20&linkCode=osi&th=1&psc=1"><img src="https://m.media-amazon.com/images/I/41hR81iKyJL._SL500_.jpg" alt="Product Image"></a><p>Vacplus Moisture Absorber Packets, Fragrance Free(10 Pack), Humidity Packs, Hanging Closet Dehumidifier Bags, Desiccant 9.8OZ</p><p>$21.99</p><a href="https://www.amazon.com/dp/B07YD4XCT3?tag=eloabder-20&linkCode=osi&th=1&psc=1">View Product</a></div><div class="product"><a href="https://www.amazon.com/dp/B09LQF5V5K?tag=eloabder-20&linkCode=osi&th=1&psc=1"><img src="https://m.media-amazon.com/images/I/51Cx5ECAotL._SL500_.jpg" alt="Product Image"></a><p>CLEVAST Moisture Absorbers Packets 10 Pack, Dehumidifier Bags for Closet, Unscented Hanging Humidity Absorber in Wardrobes, Bedrooms, Bathrooms(230g/pack)</p><p>$16.98</p><a href="https://www.amazon.com/dp/B09LQF5V5K?tag=eloabder-20&linkCode=osi&th=1&psc=1">View Product</a></div><div class="product"><a href="https://www.amazon.com/dp/B0B8L9QRW8?tag=eloabder-20&linkCode=osi&th=1&psc=1"><img src="https://m.media-amazon.com/images/I/518LgtpPi8L._SL500_.jpg" alt="Product Image"></a><p>Arm & Hammer Essentials Disposable Moisture Absorber and Odor Eliminator Tub, Fragrance Free, 1 lb, 3-Pack, Attracts and Traps Excess Moisture, Ideal Closet Dehumidifier, White</p><p>$24.94 ($0.52 / Ounce)</p><a href="https://www.amazon.com/dp/B0B8L9QRW8?tag=eloabder-20&linkCode=osi&th=1&psc=1">View Product</a></div><div class="product"><a href="https://www.amazon.com/dp/B09W9TPJGZ?tag=eloabder-20&linkCode=osi&th=1&psc=1"><img src="https://m.media-amazon.com/images/I/51pVTVMwHbL._SL500_.jpg" alt="Product Image"></a><p>THECOSKY Dehumidifier and Air Purifier Combo,HEPA H13 Filter and Negative Air Ion Function,54oz(1.6L) Water Tank with Drain Hose,24hrs Auto-Off Timer,Idea for Bedroom,Bathroom,Closet,RV</p><p>$109.99</p><a href="https://www.amazon.com/dp/B09W9TPJGZ?tag=eloabder-20&linkCode=osi&th=1&psc=1">View Product</a></div><div class="product"><a href="https://www.amazon.com/dp/B0CXDG65LZ?tag=eloabder-20&linkCode=osi&th=1&psc=1"><img src="https://m.media-amazon.com/images/I/41HNflmbKHL._SL500_.jpg" alt="Product Image"></a><p>14 x 17.5 x1.75 MERV 13 Replacement Dehumidifier Filter Compatible with Santa Fe Advance90, Advance100, Advance120, Honeywell DR90 & DR120 dehumidifier models, 2 Pack</p><p>$42.99</p><a href="https://www.amazon.com/dp/B0CXDG65LZ?tag=eloabder-20&linkCode=osi&th=1&psc=1">View Product</a></div>
<div class="product"><a href="https://www.amazon.com/dp/B088B921NQ?tag=eloabder-20&linkCode=osi&th=1&psc=1"><img src="https://m.media-amazon.com/images/I/612e4cT3RYL._SL500_.jpg" alt="Product Image"></a><p>ULTTY H13 HEPA Replacement Filter with Medical Coating, True HEPA Filter For R021/ R020 Purifying Fan, Medium</p><p>$29.99</p><a href="https://www.amazon.com/dp/B088B921NQ?tag=eloabder-20&linkCode=osi&th=1&psc=1">View Product</a></div><div class="product"><a href="https://www.amazon.com/dp/B0D2MZ4Y7Z?tag=eloabder-20&linkCode=osi&th=1&psc=1"><img src="https://m.media-amazon.com/images/I/51KgTHizWyL._SL500_.jpg" alt="Product Image"></a><p>Butto 5-Pack Ceiling Fan Filters for Blades - Strong Adhesive Ceiling Fan Filters for Common Household Contaminants - Unscented Coconut Carbon Fan Air Purifier Pads to Make Air Fresh and Natural</p><p>$9.98</p><a href="https://www.amazon.com/dp/B0D2MZ4Y7Z?tag=eloabder-20&linkCode=osi&th=1&psc=1">View Product</a></div><div class="product"><a href="https://www.amazon.com/dp/B0C42HCM21?tag=eloabder-20&linkCode=osi&th=1&psc=1"><img src="https://m.media-amazon.com/images/I/31jk3lpoygL._SL500_.jpg" alt="Product Image"></a><p>Barnakl Ceiling Fan Filters | Activated Coconut Shell Carbon Filter | Easy-Stick Universal Ceiling Fan Air Filters | Unscented Ceiling Fan Blade Filters for Common Household Contaminants, (3-Count)</p><p>$19.99 ($6.66 / Count)</p><a href="https://www.amazon.com/dp/B0C42HCM21?tag=eloabder-20&linkCode=osi&th=1&psc=1">View Product</a></div>
<div class="product"><a href="https://www.amazon.com/dp/B08LZWP29P?tag=eloabder-20&linkCode=osi&th=1&psc=1"><img src="https://m.media-amazon.com/images/I/41NLuzzFW9L._SL500_.jpg" alt="Product Image"></a><p>Chromex Tankless Water Heater Descaling Solution | Highly Effective Descaler Restores Heating Efficiency, Quart, 32 fl oz (1)</p><p>$26.99</p><a href="https://www.amazon.com/dp/B08LZWP29P?tag=eloabder-20&linkCode=osi&th=1&psc=1">View Product</a></div>

<div class="product"><a href="https://www.amazon.com/dp/B005UO4OWQ?tag=eloabder-20&linkCode=osi&th=1&psc=1"><img src="https://m.media-amazon.com/images/I/41oQPKFofoL._SL500_.jpg" alt="Product Image"></a><p>Bissell 203-7458 Brushroll, Bg10/86T3, Black</p><p>$21.26 ($21.26 / Count)</p><a href="https://www.amazon.com/dp/B005UO4OWQ?tag=eloabder-20&linkCode=osi&th=1&psc=1">View Product</a></div>





















<div class="product"><a href="https://www.amazon.com/dp/B0014J7FUY?tag=eloabder-20&linkCode=osi&th=1&psc=1"><img src="https://m.media-amazon.com/images/I/31QrM+IPxOL._SL500_.jpg" alt="Product Image"></a><p>Urnex Grindz Professional Coffee Grinder Cleaning Tablets - 430 Grams - All Natural Food Safe Gluten Free - Cleans Burr and Casing - Help Extend Life of Your Grinder</p><p>$25.99 ($1.71 / Ounce)</p><a href="https://www.amazon.com/dp/B0014J7FUY?tag=eloabder-20&linkCode=osi&th=1&psc=1">View Product</a></div>



<div class="product"><a href="https://www.amazon.com/dp/B0CHW317SG?tag=eloabder-20&linkCode=osi&th=1&psc=1"><img src="https://m.media-amazon.com/images/I/41Qd5Iu3qBL._SL500_.jpg" alt="Product Image"></a><p>EUHOMY 55 Can Beverage Refrigerator cooler-Mini Fridge Glass Door for Beer Drinks Wines, Freestanding Beverage Fridge with Adjustable Shelves Blue LED for Home/Office/Dorm/Bar (1.3cu.ft)</p><p>$128.99</p><a href="https://www.amazon.com/dp/B0CHW317SG?tag=eloabder-20&linkCode=osi&th=1&psc=1">View Product</a></div>

<div class="product"><a href="https://www.amazon.com/dp/B099CN2MRK?tag=eloabder-20&linkCode=osi&th=1&psc=1"><img src="https://m.media-amazon.com/images/I/31CvUCIUX5L._SL500_.jpg" alt="Product Image"></a><p>Genuine PuroAir 240 Replacement Filter - Replacement HEPA Filter for PuroAir 240 Purifier - Captures up to 99% of Pollen, Smoke, Pollen, Dust and Common Household Pollutants</p><p>$48.00</p><a href="https://www.amazon.com/dp/B099CN2MRK?tag=eloabder-20&linkCode=osi&th=1&psc=1">View Product</a></div><div class="product"><a href="https://www.amazon.com/dp/B0055521W0?tag=eloabder-20&linkCode=osi&th=1&psc=1"><img src="https://m.media-amazon.com/images/I/41Hs7ixdyXL._SL500_.jpg" alt="Product Image"></a><p>GermGuardian Filter B HEPA Pure Genuine Air Purifier Replacement Filter, Removes 99.97% of Pollutants for AC4825, AC4300, AC4900, AC4825DLX, AC4850, CDAP4500, AP2200, Black/Yellow, FLT4825</p><p>$17.90 ($17.90 / Count)</p><a href="https://www.amazon.com/dp/B0055521W0?tag=eloabder-20&linkCode=osi&th=1&psc=1">View Product</a></div><div class="product"><a href="https://www.amazon.com/dp/B0BNMYKZPV?tag=eloabder-20&linkCode=osi&th=1&psc=1"><img src="https://m.media-amazon.com/images/I/41-K3mB6KkL._SL500_.jpg" alt="Product Image"></a><p>2 Pack True HEPA KILO Filter Compatible with Afloia KILO, KILOPLUS, KILOPRO, MIRO,MIRO PRO and MORENTO MR-Kilo, Kalo Air Purifier, 360Â° 3-Stage Filtration</p><p>$34.99 ($17.50 / Count)</p><a href="https://www.amazon.com/dp/B0BNMYKZPV?tag=eloabder-20&linkCode=osi&th=1&psc=1">View Product</a></div><div class="product"><a href="https://www.amazon.com/dp/B0D3M4Y9W7?tag=eloabder-20&linkCode=osi&th=1&psc=1"><img src="https://m.media-amazon.com/images/I/41tzW+mkZuL._SL500_.jpg" alt="Product Image"></a><p>Breshair 14 True HEPA Filter Replacement Compatible with PuroAir 240 Air Purifier, 3-in-1 Filtration System with Activated Carbon Filter, 2-Pack</p><p>$31.56 ($15.78 / Count)</p><a href="https://www.amazon.com/dp/B0D3M4Y9W7?tag=eloabder-20&linkCode=osi&th=1&psc=1">View Product</a></div><div class="product"><a href="https://www.amazon.com/dp/B0CB18MVX6?tag=eloabder-20&linkCode=osi&th=1&psc=1"><img src="https://m.media-amazon.com/images/I/519ZmmLOrzL._SL500_.jpg" alt="Product Image"></a><p>2 Pack 3-in-1 H13 True HEPA Replacement Filter Compatible with Pure Enrichment PureZone Air Purifier Part# PEAIRPLG</p><p>$23.99 ($12.00 / Count)</p><a href="https://www.amazon.com/dp/B0CB18MVX6?tag=eloabder-20&linkCode=osi&th=1&psc=1">View Product</a></div><div class="product"><a href="https://www.amazon.com/dp/B08JTZMRML?tag=eloabder-20&linkCode=osi&th=1&psc=1"><img src="https://m.media-amazon.com/images/I/51yx60sCjHL._SL500_.jpg" alt="Product Image"></a><p>6 Pack HPA300 HEPA Filter Replacement for Honeywell HPA300 Series Air Purifiers HPA300, HPA300VP, HPA304, HPA3300, Replace HRF-R3 (6 Ture HEPA R Replacement Filter + 8 Activated Carbon Pre-Filter)</p><p>$47.99 ($3.43 / Count)</p><a href="https://www.amazon.com/dp/B08JTZMRML?tag=eloabder-20&linkCode=osi&th=1&psc=1">View Product</a></div><div class="product"><a href="https://www.amazon.com/dp/B0CF1GLSYS?tag=eloabder-20&linkCode=osi&th=1&psc=1"><img src="https://m.media-amazon.com/images/I/41709EXRzXL._SL500_.jpg" alt="Product Image"></a><p>CHIVALZ 4 Pack HY4866 True HEPA Replacement Filters Compatible with MORENTO HY4866 Air Purifier, WESTHEY HY4866 Air Purifier and YIOU M1 Air Cleaner Purifier, Original Version</p><p>$39.99 ($10.00 / Count)</p><a href="https://www.amazon.com/dp/B0CF1GLSYS?tag=eloabder-20&linkCode=osi&th=1&psc=1">View Product</a></div>







<div class="product"><a href="https://www.amazon.com/dp/B0CYKMFKR9?tag=eloabder-20&linkCode=osi&th=1&psc=1"><img src="https://m.media-amazon.com/images/I/316zU-ozoxL._SL500_.jpg" alt="Product Image"></a><p>Air Purifier Replacement Filter for Space Heater Bladeless Fan</p><p>$29.99</p><a href="https://www.amazon.com/dp/B0CYKMFKR9?tag=eloabder-20&linkCode=osi&th=1&psc=1">View Product</a></div>
<div class="product"><a href="https://www.amazon.com/dp/B07MRH6VY7?tag=eloabder-20&linkCode=osi&th=1&psc=1"><img src="https://m.media-amazon.com/images/I/51g-nuN4A5L._SL500_.jpg" alt="Product Image"></a><p>Colorfullife Replacement Air Purifier Filter for Dyson Tower Purifier Pure Cool Link TP01, TP02, TP03, BP01, Compare to Part 968126-03ï¼Œ2 Pack</p><p>$26.99</p><a href="https://www.amazon.com/dp/B07MRH6VY7?tag=eloabder-20&linkCode=osi&th=1&psc=1">View Product</a></div><div class="product"><a href="https://www.amazon.com/dp/B07TX5SW7J?tag=eloabder-20&linkCode=osi&th=1&psc=1"><img src="https://m.media-amazon.com/images/I/512Kn+cPglL._SL500_.jpg" alt="Product Image"></a><p>TP01 HEPA Filter Replacement Compatible with Dyson Tower Purifier Pure Cool Link TP01, TP02, TP03, AM11, BP01 Models, Compare to Part # 968126-03 (Pack of 2)</p><p>$27.95 ($13.98 / Count)</p><a href="https://www.amazon.com/dp/B07TX5SW7J?tag=eloabder-20&linkCode=osi&th=1&psc=1">View Product</a></div><div class="product"><a href="https://www.amazon.com/dp/B0CC24GZGB?tag=eloabder-20&linkCode=osi&th=1&psc=1"><img src="https://m.media-amazon.com/images/I/41woNpZ9VgL._SL500_.jpg" alt="Product Image"></a><p>TP01 TP02 Filter Compatible with Dyson Pure Cool Link Purifying Tower Fan TP00 TP03 AM11 and Cool Me BP01 Personal Series, 360Â° Air Purifier Filter Replacement 968126-03, 1-Pack</p><p>$25.99</p><a href="https://www.amazon.com/dp/B0CC24GZGB?tag=eloabder-20&linkCode=osi&th=1&psc=1">View Product</a></div><div class="product"><a href="https://www.amazon.com/dp/B0CX23N2JJ?tag=eloabder-20&linkCode=osi&th=1&psc=1"><img src="https://m.media-amazon.com/images/I/3145hmd5j7L._SL500_.jpg" alt="Product Image"></a><p>Dreo Air Purifiers Replacement Filter, HEPA Filter for Dreo Purifier Tower Fan MC710S, with 2 Stage Filtration, Black, Standard(DR-HPA019)</p><p>$39.99</p><a href="https://www.amazon.com/dp/B0CX23N2JJ?tag=eloabder-20&linkCode=osi&th=1&psc=1">View Product</a></div>










<div class="product"><a href="https://www.amazon.com/dp/B001U0OJ7O?tag=eloabder-20&linkCode=osi&th=1&psc=1"><img src="https://m.media-amazon.com/images/I/41XEg3QV-wL._SL500_.jpg" alt="Product Image"></a><p>Whirlpool W10165294RB 15-Inch Plastic Trash Compactor ct, 60 Bags, Count</p><p>$48.34</p><a href="https://www.amazon.com/dp/B001U0OJ7O?tag=eloabder-20&linkCode=osi&th=1&psc=1">View Product</a></div><div class="product"><a href="https://www.amazon.com/dp/B0CC3V4ZZ4?tag=eloabder-20&linkCode=osi&th=1&psc=1"><img src="https://m.media-amazon.com/images/I/31bbvodHnjL._SL500_.jpg" alt="Product Image"></a><p>Waste Smasher- Hand-Held Manual Trash Compactor Dishwasher Safe Black</p><p>$24.95</p><a href="https://www.amazon.com/dp/B0CC3V4ZZ4?tag=eloabder-20&linkCode=osi&th=1&psc=1">View Product</a></div><div class="product"><a href="https://www.amazon.com/dp/B00IYO5914?tag=eloabder-20&linkCode=osi&th=1&psc=1"><img src="https://m.media-amazon.com/images/I/51SLpTXIYNL._SL500_.jpg" alt="Product Image"></a><p>Kitchen Master Super Strong Compactor Bags Pre Cuffed (12 Pack)</p><p>$34.95</p><a href="https://www.amazon.com/dp/B00IYO5914?tag=eloabder-20&linkCode=osi&th=1&psc=1">View Product</a></div><div class="product"><a href="https://www.amazon.com/dp/B075DJ4ZVQ?tag=eloabder-20&linkCode=osi&th=1&psc=1"><img src="https://m.media-amazon.com/images/I/51Vaek4I89L._SL500_.jpg" alt="Product Image"></a><p>Dano Pre-Cuffed Compactor Bags</p><p>$32.95 ($2.75 / Count)</p><a href="https://www.amazon.com/dp/B075DJ4ZVQ?tag=eloabder-20&linkCode=osi&th=1&psc=1">View Product</a></div><div class="product"><a href="https://www.amazon.com/dp/B0C2DCVCBJ?tag=eloabder-20&linkCode=osi&th=1&psc=1"><img src="https://m.media-amazon.com/images/I/51072CtaKuL._SL500_.jpg" alt="Product Image"></a><p>60-pack W10165294RB Trash Compactor Bags - leak-proof trash compactor bags for kitchen 60-ct 15 inches - Fits 15-inch Rectangular Drawer Compactors</p><p>$45.99 ($0.77 / Count)</p><a href="https://www.amazon.com/dp/B0C2DCVCBJ?tag=eloabder-20&linkCode=osi&th=1&psc=1">View Product</a></div><div class="product"><a href="https://www.amazon.com/dp/B001U0OJ7E?tag=eloabder-20&linkCode=osi&th=1&psc=1"><img src="https://m.media-amazon.com/images/I/41c0z26RyvL._SL500_.jpg" alt="Product Image"></a><p>Whirlpool W10165293RB Genuine OEM 60 Pack-Plastic Compactor Bags-18" Models â€“ 1394369, 4178058, 4318932, 4318933, 4318935, 4318937, 4318939, AH1964576, EA1964576, PS1964576</p><p>$48.64 ($0.81 / Count)</p><a href="https://www.amazon.com/dp/B001U0OJ7E?tag=eloabder-20&linkCode=osi&th=1&psc=1">View Product</a></div><div class="product"><a href="https://www.amazon.com/dp/B00W27J16S?tag=eloabder-20&linkCode=osi&th=1&psc=1"><img src="https://m.media-amazon.com/images/I/41RaOjAGlrL._SL500_.jpg" alt="Product Image"></a><p>Compactor Bags Pre Cuffed (50 Pack)</p><p>$84.95 ($1.70 / count)</p><a href="https://www.amazon.com/dp/B00W27J16S?tag=eloabder-20&linkCode=osi&th=1&psc=1">View Product</a></div><div class="product"><a href="https://www.amazon.com/dp/B00MOCYY2W?tag=eloabder-20&linkCode=osi&th=1&psc=1"><img src="https://m.media-amazon.com/images/I/41SH8mDsAnL._SL500_.jpg" alt="Product Image"></a><p>GE WX60X1 Genuine OEM Universal Trash Compactor Bags for GE Trash Compactors</p><p>$19.00</p><a href="https://www.amazon.com/dp/B00MOCYY2W?tag=eloabder-20&linkCode=osi&th=1&psc=1">View Product</a></div><div class="product"><a href="https://www.amazon.com/dp/B0D7SFSTNG?tag=eloabder-20&linkCode=osi&th=1&psc=1"><img src="https://m.media-amazon.com/images/I/41szt9tZJPL._SL500_.jpg" alt="Product Image"></a><p>4PCS Trash Compactor Charcoal Air Filter Fit for Whirlpool/KitchenAid/Maytag/Jenn-Air/Amana/Inglis/Magic Chef Trash Compactor, Replaces 4151750 554358 WP4151750 AP6009134 PS11742279</p><p>$23.59 ($5.90 / Count)</p><a href="https://www.amazon.com/dp/B0D7SFSTNG?tag=eloabder-20&linkCode=osi&th=1&psc=1">View Product</a></div>
<div class="product"><a href="https://www.amazon.com/dp/B0CGLX5ZB9?tag=eloabder-20&linkCode=osi&th=1&psc=1"><img src="https://m.media-amazon.com/images/I/51qeRZQS98L._SL500_.jpg" alt="Product Image"></a><p>Spare Replacement Parts Compatible with MAMNV BR150 BR151, ZCWA BR150 BR151, MANVINS G20 Robot Vacuum and Mop Combo Accessories Include: 3 Hepa Filters 3 Mop Pads 6 Side Spin Brushes</p><p>$9.98</p><a href="https://www.amazon.com/dp/B0CGLX5ZB9?tag=eloabder-20&linkCode=osi&th=1&psc=1">View Product</a></div><div class="product"><a href="https://www.amazon.com/dp/B0B28DGZBG?tag=eloabder-20&linkCode=osi&th=1&psc=1"><img src="https://m.media-amazon.com/images/I/51ooMN4RqML._SL500_.jpg" alt="Product Image"></a><p>Replacement Parts for Shark AI AV2511AE AV2501S AV2610WA AV2501AE RV2502AE RV2610WA RV2520 AV2510 2-In-1 AI Ultra Robot Vacuum Cleaner Accessories Kits. Main Brush, HEPA Filter, Foam Filter,Side Brush</p><p>$19.99 ($1.05 / Count)</p><a href="https://www.amazon.com/dp/B0B28DGZBG?tag=eloabder-20&linkCode=osi&th=1&psc=1">View Product</a></div><div class="product"><a href="https://www.amazon.com/dp/B0782T7L6P?tag=eloabder-20&linkCode=osi&th=1&psc=1"><img src="https://m.media-amazon.com/images/I/41hTVkuzMJL._SL500_.jpg" alt="Product Image"></a><p>10pcs HEPA Filters Replacement for ILIFE V3s V3s pro V5 V5s V5s Pro V5s Pro 2 V5s Plus Noisz S5 Robotic Vacuum Cleaner ILIFE V3s pro Filters ILIFE Robot Vacuum Filter</p><p>$9.80 ($0.98 / Count)</p><a href="https://www.amazon.com/dp/B0782T7L6P?tag=eloabder-20&linkCode=osi&th=1&psc=1">View Product</a></div><div class="product"><a href="https://www.amazon.com/dp/B0CXLVHTTC?tag=eloabder-20&linkCode=osi&th=1&psc=1"><img src="https://m.media-amazon.com/images/I/51BT3phYzKL._SL500_.jpg" alt="Product Image"></a><p>HUIZHEN Spare Accessories for MAMNV BR150/BR151, for ZCWA BR150/BR151, for MANVINS G20,for GTTVO BR150/BR151,for ONSON BR150/BR151 Robot Vacuum Replacement Parts,6 Side Brush,4 HEPA Filters,4 Mop Pads</p><p>$9.99</p><a href="https://www.amazon.com/dp/B0CXLVHTTC?tag=eloabder-20&linkCode=osi&th=1&psc=1">View Product</a></div><div class="product"><a href="https://www.amazon.com/dp/B08RYDDQL8?tag=eloabder-20&linkCode=osi&th=1&psc=1"><img src="https://m.media-amazon.com/images/I/314Xd7+oBXL._SL500_.jpg" alt="Product Image"></a><p>AirClean 4 Pack 3.7" High Replacement Base Pre-Motor Foam Filters Compatible with Shark IQ Robot Vacuum R101AE RV1001AE UR1005AE Self-Empty Base</p><p>$12.99 ($3.25 / Count)</p><a href="https://www.amazon.com/dp/B08RYDDQL8?tag=eloabder-20&linkCode=osi&th=1&psc=1">View Product</a></div><div class="product"><a href="https://www.amazon.com/dp/B0CJLHJ557?tag=eloabder-20&linkCode=osi&th=1&psc=1"><img src="https://m.media-amazon.com/images/I/41iQm8hUjiL._SL500_.jpg" alt="Product Image"></a><p>Replacement Parts Compatible with WYZE Robot Vacuum Cleaner WVCR200S Accessories, 2 Main Brushes, 6 Hepa Filters, 8 Side Brushes Attachment Spare Pack</p><p>$14.99 ($0.94 / Count)</p><a href="https://www.amazon.com/dp/B0CJLHJ557?tag=eloabder-20&linkCode=osi&th=1&psc=1">View Product</a></div>
<div class="product"><a href="https://www.amazon.com/dp/B0C4595Q8P?tag=eloabder-20&linkCode=osi&th=1&psc=1"><img src="https://m.media-amazon.com/images/I/51k23SAtRxL._SL500_.jpg" alt="Product Image"></a><p>4 Pack FSV001 HEPA Filter Compatiable with Fabuletta FSV101, FSV001, Girnoor G160&G165, Afoddon A300, Lubluelu 202, Oraimo Cordless Vacuum Cleaner, Besswin W26 Cordless Stick Vacuum Cleaners</p><p>$15.99 ($4.00 / Count)</p><a href="https://www.amazon.com/dp/B0C4595Q8P?tag=eloabder-20&linkCode=osi&th=1&psc=1">View Product</a></div>
<div class="product"><a href="https://www.amazon.com/dp/B0BNKJX96X?tag=eloabder-20&linkCode=osi&th=1&psc=1"><img src="https://m.media-amazon.com/images/I/41OPeLFppoL._SL500_.jpg" alt="Product Image"></a><p>6 PACK 2033 Replacement Filter Compatible with Bissell Featherweight Stick Lightweight Bagless Vacuum Cleaner 20331, 20333, 20334, 20336, 20339, 2033M,6 Mesh Filter 6 Foam Filters, Replace # 1611508</p><p>$14.99 ($2.50 / Count)</p><a href="https://www.amazon.com/dp/B0BNKJX96X?tag=eloabder-20&linkCode=osi&th=1&psc=1">View Product</a></div><div class="product"><a href="https://www.amazon.com/dp/B0CMBWLTSM?tag=eloabder-20&linkCode=osi&th=1&psc=1"><img src="https://m.media-amazon.com/images/I/41PHqKaLTDL._SL500_.jpg" alt="Product Image"></a><p>18V ONE + Cordless Pet Stick Vacuum Filter for Ryobi, PCL720, PBLSV716, PBLSV717 Stick Vacuum, Reusable Washable Filters, Compare to Part A32SV720N, 6 Pack</p><p>$15.99 ($2.66 / Count)</p><a href="https://www.amazon.com/dp/B0CMBWLTSM?tag=eloabder-20&linkCode=osi&th=1&psc=1">View Product</a></div><div class="product"><a href="https://www.amazon.com/dp/B0CXDYWWT9?tag=eloabder-20&linkCode=osi&th=1&psc=1"><img src="https://m.media-amazon.com/images/I/41F1csTT8jL._SL500_.jpg" alt="Product Image"></a><p>2 Replacement Filters for Craftsman V20 Cordless Stick Vacuum CMCVS001D1, for Black Decker BSVF1 BSV2020 BSV2020G BSV2020P Cordless Stick Vacuum Cleaner with 1 Cleaning Brush</p><p>$14.99</p><a href="https://www.amazon.com/dp/B0CXDYWWT9?tag=eloabder-20&linkCode=osi&th=1&psc=1">View Product</a></div><div class="product"><a href="https://www.amazon.com/dp/B0CCJ5N5DH?tag=eloabder-20&linkCode=osi&th=1&psc=1"><img src="https://m.media-amazon.com/images/I/41xmhDPqk8L._SL500_.jpg" alt="Product Image"></a><p>Aolleteau 1 Pack Brush Roller Compatible with Black + Decker BSV2020, BSV2020P, BSV2020G Powerseries Extreme Cordless Stick Vacuum and Compatible with Craftsman V20 Cordless Stick Vacuum CMCVS001D1</p><p>$17.99</p><a href="https://www.amazon.com/dp/B0CCJ5N5DH?tag=eloabder-20&linkCode=osi&th=1&psc=1">View Product</a></div><div class="product"><a href="https://www.amazon.com/dp/B0CQY61LFD?tag=eloabder-20&linkCode=osi&th=1&psc=1"><img src="https://m.media-amazon.com/images/I/31swBBC444L._SL500_.jpg" alt="Product Image"></a><p>Tablenco for Shark HZ602 Filter Replacement Ultralight Pet Pro Corded Stick Vacuum and HZ2002 Vertex DuoClean PowerFins fit HZ2000 HZ251 HZ250 HH200 HH202,4 Foam Felt 4 Motor Kit (No cleaning brush)</p><p>$9.98</p><a href="https://www.amazon.com/dp/B0CQY61LFD?tag=eloabder-20&linkCode=osi&th=1&psc=1">View Product</a></div><div class="product"><a href="https://www.amazon.com/dp/B09Q55KW8W?tag=eloabder-20&linkCode=osi&th=1&psc=1"><img src="https://m.media-amazon.com/images/I/51MKsJy6nSL._SL500_.jpg" alt="Product Image"></a><p>Anicell 2033 Featherweight Filter for Bissell Featherweight Stick Lightweight Bagless Vacuum 20331 20333 20334 20336 20339 2033M, 4 Mesh Filters 6 Foam Filters Replacement, Replace part# 1611508</p><p>$11.99</p><a href="https://www.amazon.com/dp/B09Q55KW8W?tag=eloabder-20&linkCode=osi&th=1&psc=1">View Product</a></div><div class="product"><a href="https://www.amazon.com/dp/B0CDVG7LHD?tag=eloabder-20&linkCode=osi&th=1&psc=1"><img src="https://m.media-amazon.com/images/I/41hjN1Te6sL._SL500_.jpg" alt="Product Image"></a><p>Moreffi 3 Pack Filter Replacement For HART Cordless Stick Vacuum HPSV01 and HPSV50, Compare to Part Number HASV01</p><p>$19.99 ($6.66 / Count)</p><a href="https://www.amazon.com/dp/B0CDVG7LHD?tag=eloabder-20&linkCode=osi&th=1&psc=1">View Product</a></div>
<div class="product"><a href="https://www.amazon.com/dp/B07DQ9TZC8?tag=eloabder-20&linkCode=osi&th=1&psc=1"><img src="https://m.media-amazon.com/images/I/41PHyZ20FuL._SL500_.jpg" alt="Product Image"></a><p>Kenmore 53294 Style O HEPA Cloth Vacuum Bags for Kenmore Upright Vacuum Cleaners 6 Pack,White</p><p>$20.99 ($3.50 / Count)</p><a href="https://www.amazon.com/dp/B07DQ9TZC8?tag=eloabder-20&linkCode=osi&th=1&psc=1">View Product</a></div><div class="product"><a href="https://www.amazon.com/dp/B08MXVTTT2?tag=eloabder-20&linkCode=osi&th=1&psc=1"><img src="https://m.media-amazon.com/images/I/41T6wRpIMzL._SL500_.jpg" alt="Product Image"></a><p>Kenmore IB600 HEPA Replacement Intuition Upright Vacuum Cleaner Bags for BU4022, BU4020, BU4018, BU4050, BU3040,White</p><p>$18.75</p><a href="https://www.amazon.com/dp/B08MXVTTT2?tag=eloabder-20&linkCode=osi&th=1&psc=1">View Product</a></div><div class="product"><a href="https://www.amazon.com/dp/B01010JVYO?tag=eloabder-20&linkCode=osi&th=1&psc=1"><img src="https://m.media-amazon.com/images/I/51Anluh47GL._SL500_.jpg" alt="Product Image"></a><p>EnviroCare Replacement Micro Filtration Vacuum Cleaner Dust Bags Designed to fit Hoover Windtunnel Upright Type Y 9 pack</p><p>$9.89 ($1.10 / Count)</p><a href="https://www.amazon.com/dp/B01010JVYO?tag=eloabder-20&linkCode=osi&th=1&psc=1">View Product</a></div><div class="product"><a href="https://www.amazon.com/dp/B0D5CP3WBY?tag=eloabder-20&linkCode=osi&th=1&psc=1"><img src="https://m.media-amazon.com/images/I/31MaGmsVOwL._SL500_.jpg" alt="Product Image"></a><p>Bagless Upright Kenmore Vacuum HEPA Filters, Compatible with Foam Filters, Felt Filters and Upright vacuum cleaner for Models K4010,DU2015,DU2012(includes 1 Hepa Filters,2 Foam and 2 Felt Filters)</p><p>$12.99</p><a href="https://www.amazon.com/dp/B0D5CP3WBY?tag=eloabder-20&linkCode=osi&th=1&psc=1">View Product</a></div><div class="product"><a href="https://www.amazon.com/dp/B0CBFV28WX?tag=eloabder-20&linkCode=osi&th=1&psc=1"><img src="https://m.media-amazon.com/images/I/51LIYI0wXSL._SL500_.jpg" alt="Product Image"></a><p>16 Packs Vacuum Bags for Oreck Type CC, Compatible with All Oreck XL Upright Vacuum Cleaner - Replaces Part # CCPK8DW</p><p>$21.99 ($1.37 / Count)</p><a href="https://www.amazon.com/dp/B0CBFV28WX?tag=eloabder-20&linkCode=osi&th=1&psc=1">View Product</a></div><div class="product"><a href="https://www.amazon.com/dp/B00F9GQMHA?tag=eloabder-20&linkCode=osi&th=1&psc=1"><img src="https://m.media-amazon.com/images/I/51lhelurelL._SL500_.jpg" alt="Product Image"></a><p>EnviroCare Replacement Premium Vacuum Cleaner Dust Bags made to fit Eureka F&G Uprights 9 bags</p><p>$11.09</p><a href="https://www.amazon.com/dp/B00F9GQMHA?tag=eloabder-20&linkCode=osi&th=1&psc=1">View Product</a></div><div class="product"><a href="https://www.amazon.com/dp/B002CI8G1I?tag=eloabder-20&linkCode=osi&th=1&psc=1"><img src="https://m.media-amazon.com/images/I/51PYQrQpbSL._SL500_.jpg" alt="Product Image"></a><p>EnviroCare Replacement Micro Filtration Vacuum Cleaner Dust Bags made to fit Kenmore Upright Type U/L/O 50688 and 50690, Panasonic Type U-2, Miele Type Z. 9 pack</p><p>$9.99</p><a href="https://www.amazon.com/dp/B002CI8G1I?tag=eloabder-20&linkCode=osi&th=1&psc=1">View Product</a></div>
<div class="product"><a href="https://www.amazon.com/dp/B07GNQJ67P?tag=eloabder-20&linkCode=osi&th=1&psc=1"><img src="https://m.media-amazon.com/images/I/41XHnKbgjAL._SL500_.jpg" alt="Product Image"></a><p>Kenmore 53292 Type Q HEPA Replacement Dust Bags for Canister Vacuum 81214, 81414, 81714, 21814, BC2005, BC3005, 81615, BC7005, 6 Count (Pack of 1)</p><p>$13.24 ($2.21 / Count)</p><a href="https://www.amazon.com/dp/B07GNQJ67P?tag=eloabder-20&linkCode=osi&th=1&psc=1">View Product</a></div><div class="product"><a href="https://www.amazon.com/dp/B01L0C0FVK?tag=eloabder-20&linkCode=osi&th=1&psc=1"><img src="https://m.media-amazon.com/images/I/51ZIjbo9NVL._SL500_.jpg" alt="Product Image"></a><p>Envirocare Replacement Vacuum Bags Compatible with Kenmore Canister Type C/Q. 5055, 50557 and 50558 Panasonic Type C-5 Vacuums,15 pack</p><p>$16.16</p><a href="https://www.amazon.com/dp/B01L0C0FVK?tag=eloabder-20&linkCode=osi&th=1&psc=1">View Product</a></div><div class="product"><a href="https://www.amazon.com/dp/B0BTRTP2PM?tag=eloabder-20&linkCode=osi&th=1&psc=1"><img src="https://m.media-amazon.com/images/I/41K295aRv9L._SL500_.jpg" alt="Product Image"></a><p>Vacuum Cleaner Bags Fit for Kenmore Canister Type C/Q 50555 50557 50558 and Type C-5, 10PCs</p><p>$15.99</p><a href="https://www.amazon.com/dp/B0BTRTP2PM?tag=eloabder-20&linkCode=osi&th=1&psc=1">View Product</a></div><div class="product"><a href="https://www.amazon.com/dp/B0CRQYGLZX?tag=eloabder-20&linkCode=osi&th=1&psc=1"><img src="https://m.media-amazon.com/images/I/413iXp+j3ML._SL500_.jpg" alt="Product Image"></a><p>15 Pack Canister Vacuum Cleaner Bags Compatible with Kenmore Canister Type C/Q 5055, 50555, 50557, 50558 and Type C-5, C-18, 53292, 200 Series, 400 Series, 600 Series, 700 Series, 800 Series Vacuum</p><p>$11.69</p><a href="https://www.amazon.com/dp/B0CRQYGLZX?tag=eloabder-20&linkCode=osi&th=1&psc=1">View Product</a></div><div class="product"><a href="https://www.amazon.com/dp/B00QGD3SBI?tag=eloabder-20&linkCode=osi&th=1&psc=1"><img src="https://m.media-amazon.com/images/I/51xw0asyqTL._SL500_.jpg" alt="Product Image"></a><p>EnviroCare Replacement Vacuum Bags made to fit Kenmore Canister Type C or Q 50555, 50558, 50557 and Panasonic Type C-5 Vacuums, 9 pack</p><p>$9.79</p><a href="https://www.amazon.com/dp/B00QGD3SBI?tag=eloabder-20&linkCode=osi&th=1&psc=1">View Product</a></div><div class="product"><a href="https://www.amazon.com/dp/B0CQP9NP5N?tag=eloabder-20&linkCode=osi&th=1&psc=1"><img src="https://m.media-amazon.com/images/I/41WnNkTz8zL._SL500_.jpg" alt="Product Image"></a><p>8 Pack Replacement Vacuum Bags Compatible with Kenmore Canister Type C/Q. 5055, 50104, 50557 and 50558 Panasonic Type C-5 Vacuums</p><p>$9.99 ($1.25 / Count)</p><a href="https://www.amazon.com/dp/B0CQP9NP5N?tag=eloabder-20&linkCode=osi&th=1&psc=1">View Product</a></div>
<div class="product"><a href="https://www.amazon.com/dp/B09M3Y2BHR?tag=eloabder-20&linkCode=osi&th=1&psc=1"><img src="https://m.media-amazon.com/images/I/31tevngai1L._SL500_.jpg" alt="Product Image"></a><p>Ymimi Vacuum Filter Compatible with Eureka WhirlWind Bagless Canister Vacuum Cleaner,Fits NEN110A,NEN110B,NEN110Dï¼ˆ2-Packï¼‰</p><p>$11.99 ($6.00 / Count)</p><a href="https://www.amazon.com/dp/B09M3Y2BHR?tag=eloabder-20&linkCode=osi&th=1&psc=1">View Product</a></div><div class="product"><a href="https://www.amazon.com/dp/B07J1WWBHN?tag=eloabder-20&linkCode=osi&th=1&psc=1"><img src="https://m.media-amazon.com/images/I/51gmkDrnR2L._SL500_.jpg" alt="Product Image"></a><p>Bissell Powerforce Helix Bagless Washable Premotor Filter #1608225, Black</p><p>$7.78</p><a href="https://www.amazon.com/dp/B07J1WWBHN?tag=eloabder-20&linkCode=osi&th=1&psc=1">View Product</a></div><div class="product"><a href="https://www.amazon.com/dp/B0BK64TMMK?tag=eloabder-20&linkCode=osi&th=1&psc=1"><img src="https://m.media-amazon.com/images/I/41OBMvET7eL._SL500_.jpg" alt="Product Image"></a><p>Vacuum Belt Replacement for Bissell Cleanview Swivel Pet Upright Bagless/Powerlifter Vacuum Cleaner, fits model: 2252, 2254, 22543, 2258,2259, 2260,2316, 2739, 1793, Parts # 3031120, 32074</p><p>$6.99</p><a href="https://www.amazon.com/dp/B0BK64TMMK?tag=eloabder-20&linkCode=osi&th=1&psc=1">View Product</a></div><div class="product"><a href="https://www.amazon.com/dp/B0BKKL3WRB?tag=eloabder-20&linkCode=osi&th=1&psc=1"><img src="https://m.media-amazon.com/images/I/410jMe-FjIL._SL500_.jpg" alt="Product Image"></a><p>Aolleteau F1 HEPA Filter Compatible with Dirt Devil Bagless Upright Cleaner Models Extra Lite, Breeze, Featherlite Bagless, Jaguar Bagless,Platinum Force Vision, Scorpion and Vision Bagless (2 Pack)</p><p>$13.99 ($7.00 / Count)</p><a href="https://www.amazon.com/dp/B0BKKL3WRB?tag=eloabder-20&linkCode=osi&th=1&psc=1">View Product</a></div><div class="product"><a href="https://www.amazon.com/dp/B09SG1P4WN?tag=eloabder-20&linkCode=osi&th=1&psc=1"><img src="https://m.media-amazon.com/images/I/51+Mr+Wq5ML._SL500_.jpg" alt="Product Image"></a><p>NEN110A Vacuum Filter, Inlet Frame and Sponge Filter Compatible with Eureka Whirlwind Bagless Canister Vacuum Cleaner, Fits NEN110A, NEN110B, NEN110D(4-Pack)</p><p>$15.99 ($4.00 / Count)</p><a href="https://www.amazon.com/dp/B09SG1P4WN?tag=eloabder-20&linkCode=osi&th=1&psc=1">View Product</a></div>
<div class="product"><a href="https://www.amazon.com/dp/B07GT9VB9X?tag=eloabder-20&linkCode=osi&th=1&psc=1"><img src="https://m.media-amazon.com/images/I/41IokheYtNL._SL500_.jpg" alt="Product Image"></a><p>6 Pack 1940 Bissell Steam Mop Pads for Bissell PowerFresh Steam Mop 1806 1544 1440 2075A 2685A 1940W 19404 Series, Model 19402 19408 1940a 1940f 1940q 1940t B0006 B0017, Part #5938#203-2633</p><p>$16.99 ($2.83 / Count)</p><a href="https://www.amazon.com/dp/B07GT9VB9X?tag=eloabder-20&linkCode=osi&th=1&psc=1">View Product</a></div><div class="product"><a href="https://www.amazon.com/dp/B07H3MYZLD?tag=eloabder-20&linkCode=osi&th=1&psc=1"><img src="https://m.media-amazon.com/images/I/511p6MPxQ0L._SL500_.jpg" alt="Product Image"></a><p>Flammi Steam Pocket Mop Replacement Pads for Shark S3500 Series S3501 S3601 S3550 S3901 SE450 S3801CO S3601D S2901 S2902 Steam Pocket Mop, 4 Pack</p><p>$16.97 ($4.24 / Count)</p><a href="https://www.amazon.com/dp/B07H3MYZLD?tag=eloabder-20&linkCode=osi&th=1&psc=1">View Product</a></div><div class="product"><a href="https://www.amazon.com/dp/B0C8SH97HN?tag=eloabder-20&linkCode=osi&th=1&psc=1"><img src="https://m.media-amazon.com/images/I/31Mex4y7odL._SL500_.jpg" alt="Product Image"></a><p>HOMEXCEL Steam Mop Replacement Pads Compatible with Bissell Powerfresh Steam Mop 1940 1806 1440 1544 Series, Model 19402 19404 19408 2685A 2075A 1940A 1940Q 1940T 1940W, Steam Mop Pads Refills,4 Pack</p><p>$9.99 ($2.50 / Count)</p><a href="https://www.amazon.com/dp/B0C8SH97HN?tag=eloabder-20&linkCode=osi&th=1&psc=1">View Product</a></div><div class="product"><a href="https://www.amazon.com/dp/B0BFWTXS33?tag=eloabder-20&linkCode=osi&th=1&psc=1"><img src="https://m.media-amazon.com/images/I/51pa2h7o0EL._SL500_.jpg" alt="Product Image"></a><p>12 Pack 1940 Steam Mop Replacement Pads for Bissell Powerfresh Steam Mop 1940 1440 1806 1544 2075 2685A 2814 Series, Model 19402 19404 19408 19409 1940A 1940F 1940Q 1940T 1940W B0006 B0017 2075A 15441</p><p>$24.99</p><a href="https://www.amazon.com/dp/B0BFWTXS33?tag=eloabder-20&linkCode=osi&th=1&psc=1">View Product</a></div><div class="product"><a href="https://www.amazon.com/dp/B0CLP5QGTY?tag=eloabder-20&linkCode=osi&th=1&psc=1"><img src="https://m.media-amazon.com/images/I/414HqpKde9L._SL500_.jpg" alt="Product Image"></a><p>10 Pack 1940 1806 2685A Steam Mop Pads For Bissell Powerfresh Steam Mop Deluxe Pet Lift-Off Plus Slim Scrubbing Steam Mop Replacement Pad 1940A 2814 1544A 2075A Power Fresh Steamer Pad Refill Washable</p><p>$22.99 ($2.30 / Count)</p><a href="https://www.amazon.com/dp/B0CLP5QGTY?tag=eloabder-20&linkCode=osi&th=1&psc=1">View Product</a></div><div class="product"><a href="https://www.amazon.com/dp/B078BBKBPV?tag=eloabder-20&linkCode=osi&th=1&psc=1"><img src="https://m.media-amazon.com/images/I/51WcJqtOUIL._SL500_.jpg" alt="Product Image"></a><p>Tidy Monster Steam Mop Replacement Pads Compatible with Bissell Powerfresh Steam Mop 1940 1806 1544 1440 2075A 2685A Series, Part # 5938 & 203-2633, 1606668 & 1606669 (4 Pack Scrub Plush)</p><p>$9.99</p><a href="https://www.amazon.com/dp/B078BBKBPV?tag=eloabder-20&linkCode=osi&th=1&psc=1">View Product</a></div><div class="product"><a href="https://www.amazon.com/dp/B00A6G37SU?tag=eloabder-20&linkCode=osi&th=1&psc=1"><img src="https://m.media-amazon.com/images/I/51xo0LB-SpL._SL500_.jpg" alt="Product Image"></a><p>BISSELL PowerFresh Steam Mop Pads (Pack of 2) with Fragrance discs (4 ct), 5938</p><p>$21.26 ($10.63 / Count)</p><a href="https://www.amazon.com/dp/B00A6G37SU?tag=eloabder-20&linkCode=osi&th=1&psc=1">View Product</a></div>
<div class="product"><a href="https://www.amazon.com/dp/B0D2QFVY7H?tag=eloabder-20&linkCode=osi&th=1&psc=1"><img src="https://m.media-amazon.com/images/I/417B7H+vvML._SL500_.jpg" alt="Product Image"></a><p>Kenmore KS1010 Deep Clean & Revitalize Pet Carpet Cleaner Formula, 64 oz, White, 64 Fl Oz</p><p>$22.73 ($0.36 / Fl Oz)</p><a href="https://www.amazon.com/dp/B0D2QFVY7H?tag=eloabder-20&linkCode=osi&th=1&psc=1">View Product</a></div><div class="product"><a href="https://www.amazon.com/dp/B0BNK8ZJJ1?tag=eloabder-20&linkCode=osi&th=1&psc=1"><img src="https://m.media-amazon.com/images/I/51z0Pc4xcNL._SL500_.jpg" alt="Product Image"></a><p>Bissell Spotlifter Pet Carpet and Upholstery Cleaner with Brush Head - 4 Pack, 93523</p><p>$23.88 ($0.50 / Fl Oz)</p><a href="https://www.amazon.com/dp/B0BNK8ZJJ1?tag=eloabder-20&linkCode=osi&th=1&psc=1">View Product</a></div><div class="product"><a href="https://www.amazon.com/dp/B0CX245D26?tag=eloabder-20&linkCode=osi&th=1&psc=1"><img src="https://m.media-amazon.com/images/I/411CSXvvO1L._SL500_.jpg" alt="Product Image"></a><p>BISSELLÂ® Spot & Stain with Febreze + Gain Original Scent Formula for Little Green Devices, Portable Carpet Cleaners (3968)</p><p>$12.99 ($0.41 / Fl Oz)</p><a href="https://www.amazon.com/dp/B0CX245D26?tag=eloabder-20&linkCode=osi&th=1&psc=1">View Product</a></div><div class="product"><a href="https://www.amazon.com/dp/B083VZW4R5?tag=eloabder-20&linkCode=osi&th=1&psc=1"><img src="https://m.media-amazon.com/images/I/413BULPLmBL._SL500_.jpg" alt="Product Image"></a><p>BISSELL Multi-Surface Pet Formula with Febreze Freshness for Crosswave (80 oz), 2295L</p><p>$22.99 ($0.29 / Fl Oz)</p><a href="https://www.amazon.com/dp/B083VZW4R5?tag=eloabder-20&linkCode=osi&th=1&psc=1">View Product</a></div><div class="product"><a href="https://www.amazon.com/dp/B0D2RGW219?tag=eloabder-20&linkCode=osi&th=1&psc=1"><img src="https://m.media-amazon.com/images/I/41gD+82tnAL._SL500_.jpg" alt="Product Image"></a><p>Vacmaster Clean & Restore Carpet Cleaner Formula â€“ CCS03</p><p>$19.99 ($0.31 / Fl Oz)</p><a href="https://www.amazon.com/dp/B0D2RGW219?tag=eloabder-20&linkCode=osi&th=1&psc=1">View Product</a></div>






<div class="product"><a href="https://www.amazon.com/dp/B0BY64HQTP?tag=eloabder-20&linkCode=osi&th=1&psc=1"><img src="https://m.media-amazon.com/images/I/41hUxHuASYL._SL500_.jpg" alt="Product Image"></a><p>Air Conditioning Motor WZDK13-38G-1(RD-310-13-8) DC Brushless Fan Motor, 13W Inverter air Conditioner Motor DC Motor for Central air Conditioner</p><p>$39.95</p><a href="https://www.amazon.com/dp/B0BY64HQTP?tag=eloabder-20&linkCode=osi&th=1&psc=1">View Product</a></div><div class="product"><a href="https://www.amazon.com/dp/B0CM5YB884?tag=eloabder-20&linkCode=osi&th=1&psc=1"><img src="https://m.media-amazon.com/images/I/310lQ2tAvLL._SL500_.jpg" alt="Product Image"></a><p>Sparkfix OEM WZDK20-38G (ZKFP-20-8-6) Air Conditioner Replacement Motors DC280V 20W Air Conditioning Fan Motor Inverter Air Conditioner Brushless DC Motor 1300RPM CCW</p><p>$42.79</p><a href="https://www.amazon.com/dp/B0CM5YB884?tag=eloabder-20&linkCode=osi&th=1&psc=1">View Product</a></div>













<div class="product"><a href="https://www.amazon.com/dp/B009PCI2JU?tag=eloabder-20&linkCode=osi&th=1&psc=1"><img src="https://m.media-amazon.com/images/I/310ZJurANUL._SL500_.jpg" alt="Product Image"></a><p>GE RPWFE Refrigerator Water Filter | Certified to Reduce Lead, Sulfur, and 50+ Other Impurities | Replace Every 6 Months for Best Results | Pack of 1</p><p>$49.98</p><a href="https://www.amazon.com/dp/B009PCI2JU?tag=eloabder-20&linkCode=osi&th=1&psc=1">View Product</a></div><div class="product"><a href="https://www.amazon.com/dp/B0882ZJ48W?tag=eloabder-20&linkCode=osi&th=1&psc=1"><img src="https://m.media-amazon.com/images/I/41110o9sUoL._SL500_.jpg" alt="Product Image"></a><p>GE XWFE Refrigerator Water Filter | Certified to Reduce Lead, Sulfur, and 50+ Other Impurities | Replace Every 6 Months for Best Results | Pack of 1, White</p><p>$49.00</p><a href="https://www.amazon.com/dp/B0882ZJ48W?tag=eloabder-20&linkCode=osi&th=1&psc=1">View Product</a></div><div class="product"><a href="https://www.amazon.com/dp/B074HLRXMP?tag=eloabder-20&linkCode=osi&th=1&psc=1"><img src="https://m.media-amazon.com/images/I/21oDpGCQXiL._SL500_.jpg" alt="Product Image"></a><p>LG LT1000P - 6 Month / 200 Gallon Capacity Replacement Refrigerator Water Filter (NSF42, NSF53, and NSF401) ADQ74793501, ADQ75795105, or AGF80300704 , White</p><p>$47.00</p><a href="https://www.amazon.com/dp/B074HLRXMP?tag=eloabder-20&linkCode=osi&th=1&psc=1">View Product</a></div><div class="product"><a href="https://www.amazon.com/dp/B01BKWSHHE?tag=eloabder-20&linkCode=osi&th=1&psc=1"><img src="https://m.media-amazon.com/images/I/31E2+zlkvjL._SL500_.jpg" alt="Product Image"></a><p>Frigidaire EPTWFU01 Water Filtration Filter, 1 Count, White</p><p>$42.99</p><a href="https://www.amazon.com/dp/B01BKWSHHE?tag=eloabder-20&linkCode=osi&th=1&psc=1">View Product</a></div><div class="product"><a href="https://www.amazon.com/dp/B08V6JB9R7?tag=eloabder-20&linkCode=osi&th=1&psc=1"><img src="https://m.media-amazon.com/images/I/31PRPEffCZL._SL500_.jpg" alt="Product Image"></a><p>Frigidaire FPPWFU01 PurePour PWF-1 Water Filter 1 Count (Pack of 1)</p><p>$45.81</p><a href="https://www.amazon.com/dp/B08V6JB9R7?tag=eloabder-20&linkCode=osi&th=1&psc=1">View Product</a></div><div class="product"><a href="https://www.amazon.com/dp/B000AST3AK?tag=eloabder-20&linkCode=osi&th=1&psc=1"><img src="https://m.media-amazon.com/images/I/41DUoSxpwTS._SL500_.jpg" alt="Product Image"></a><p>GE MWF Refrigerator Water Filter | Certified to Reduce Lead, Sulfur, and 50+ Other Impurities | Replace Every 6 Months for Best Results | Pack of 1</p><p>$39.98</p><a href="https://www.amazon.com/dp/B000AST3AK?tag=eloabder-20&linkCode=osi&th=1&psc=1">View Product</a></div><div class="product"><a href="https://www.amazon.com/dp/B0CFZR7K8D?tag=eloabder-20&linkCode=osi&th=1&psc=1"><img src="https://m.media-amazon.com/images/I/31WM5sdhKLL._SL500_.jpg" alt="Product Image"></a><p>HMASAV W10295370A water filter replacement, Compatible with EDR1RXD1,EDR1RXD1B,W10295370,Filter 1,WHR1RXD1,KAD1RXD1,P4RFWB,P8RFWB2L,46-9930,46-9081 2PACK</p><p>$29.99 ($15.00 / Count)</p><a href="https://www.amazon.com/dp/B0CFZR7K8D?tag=eloabder-20&linkCode=osi&th=1&psc=1">View Product</a></div><div class="product"><a href="https://www.amazon.com/dp/B07JM9TTTT?tag=eloabder-20&linkCode=osi&th=1&psc=1"><img src="https://m.media-amazon.com/images/I/41CfAtJ8TPL._SL500_.jpg" alt="Product Image"></a><p>GLACIER FRESH LT1000PC Replacement Water Filter, Compatible with LT1000PC/PCS, LT1000PC, LT-1000PC, MDJ64844601, ADQ747935 ADQ74793504 Filter and LT120F ADQ73334008 Fresh Air (3+3)</p><p>$39.99 ($13.33 / Count)</p><a href="https://www.amazon.com/dp/B07JM9TTTT?tag=eloabder-20&linkCode=osi&th=1&psc=1">View Product</a></div><div class="product"><a href="https://www.amazon.com/dp/B003N1ZSYG?tag=eloabder-20&linkCode=osi&th=1&psc=1"><img src="https://m.media-amazon.com/images/I/31Mbrkrxu1L._SL500_.jpg" alt="Product Image"></a><p>SAMSUNG Genuine Filter for Refrigerator Water and Ice, Carbon Block Filtration for Clean, Clear Drinking Water, 6-Month Life, HAF-CIN/EXP, 1 Pack</p><p>$39.99</p><a href="https://www.amazon.com/dp/B003N1ZSYG?tag=eloabder-20&linkCode=osi&th=1&psc=1">View Product</a></div>









<div class="product"><a href="https://www.amazon.com/dp/B0B2NZ47HN?tag=eloabder-20&linkCode=osi&th=1&psc=1"><img src="https://m.media-amazon.com/images/I/41nC6c2XxJL._SL500_.jpg" alt="Product Image"></a><p>OTE Portable Sparkling Water Maker Soda Maker Machine for home with 20PCS Cylinders 450ml Personal seltzer Carbonators Electroless Double Layer PET Bottle BPA Free Double Pressure Relief Valves -Pink</p><p>$49.99</p><a href="https://www.amazon.com/dp/B0B2NZ47HN?tag=eloabder-20&linkCode=osi&th=1&psc=1">View Product</a></div><div class="product"><a href="https://www.amazon.com/dp/B09DY54L7M?tag=eloabder-20&linkCode=osi&th=1&psc=1"><img src="https://m.media-amazon.com/images/I/31LSpnm3G8L._SL500_.jpg" alt="Product Image"></a><p>MOSOLAN Bottle Cleaning Brush, 17 Inches Extra Long Handle Water Bottle Brush, Flexible Bendable Cleaner for Washing Narrow Neck Bottles, Wine Decanter, Kombucha, Pipes, Beer Brewing Supplies, 2 Pack</p><p>$11.95 ($5.98 / Count)</p><a href="https://www.amazon.com/dp/B09DY54L7M?tag=eloabder-20&linkCode=osi&th=1&psc=1">View Product</a></div><div class="product"><a href="https://www.amazon.com/dp/B0736CBNDN?tag=eloabder-20&linkCode=osi&th=1&psc=1"><img src="https://m.media-amazon.com/images/I/41tWXmwP5KL._SL500_.jpg" alt="Product Image"></a><p>#2 Filter Pads (10 Pack Bulk) Compatible with Mini Jet Machine | #2 1.8-2.5 micron | 2 Micron Filtering pads. Filter Wine Beer, Kombucha, Mead Mash. Polishing filtration| Not a Buon Vino product.</p><p>$18.99</p><a href="https://www.amazon.com/dp/B0736CBNDN?tag=eloabder-20&linkCode=osi&th=1&psc=1">View Product</a></div>









<div class="product"><a href="https://www.amazon.com/dp/B07YGN577Y?tag=eloabder-20&linkCode=osi&th=1&psc=1"><img src="https://m.media-amazon.com/images/I/31kfZiyDMUL._SL500_.jpg" alt="Product Image"></a><p>9870163 Trash Power Nut WP9870163 L8</p><p>$50.36</p><a href="https://www.amazon.com/dp/B07YGN577Y?tag=eloabder-20&linkCode=osi&th=1&psc=1">View Product</a></div>

<div class="product"><a href="https://www.amazon.com/dp/B0CWQLM4C7?tag=eloabder-20&linkCode=osi&th=1&psc=1"><img src="https://m.media-amazon.com/images/I/41gTEIOjtlL._SL500_.jpg" alt="Product Image"></a><p>7" Seven Seconds Lazy Kitchen Food Making Tools - Multifunctional Fruit Vegetable Chopper Quick Garlic Peeling Machine Convenient Food Chopper for Slicing,Juice,Grinding</p><p>$32.99</p><a href="https://www.amazon.com/dp/B0CWQLM4C7?tag=eloabder-20&linkCode=osi&th=1&psc=1">View Product</a></div>







<div class="product"><a href="https://www.amazon.com/dp/B0CNKFM9WR?tag=eloabder-20&linkCode=osi&th=1&psc=1"><img src="https://m.media-amazon.com/images/I/31sGGIDic9L._SL500_.jpg" alt="Product Image"></a><p>hobbyme Pack of 4 Plastic Coffee Scoops with Brush & Espresso Grinder Brush for Ground Coffee Cleaning Tea Power Coffee Grinder Spoon</p><p>$6.49</p><a href="https://www.amazon.com/dp/B0CNKFM9WR?tag=eloabder-20&linkCode=osi&th=1&psc=1">View Product</a></div>





<div class="product"><a href="https://www.amazon.com/dp/B07798328B?tag=eloabder-20&linkCode=osi&th=1&psc=1"><img src="https://m.media-amazon.com/images/I/31Vpin+sgUS._SL500_.jpg" alt="Product Image"></a><p>Prime-Line MP10513 Standard Plastic Ice Cube Trays (5 Pack)</p><p>$12.69</p><a href="https://www.amazon.com/dp/B07798328B?tag=eloabder-20&linkCode=osi&th=1&psc=1">View Product</a></div><div class="product"><a href="https://www.amazon.com/dp/B077965JDB?tag=eloabder-20&linkCode=osi&th=1&psc=1"><img src="https://m.media-amazon.com/images/I/31H1hNlH6RL._SL500_.jpg" alt="Product Image"></a><p>Prime-Line MP10863 Standard Plastic Ice Cube Trays (2 Pack)</p><p>$9.69</p><a href="https://www.amazon.com/dp/B077965JDB?tag=eloabder-20&linkCode=osi&th=1&psc=1">View Product</a></div>













<div class="product"><a href="https://www.amazon.com/dp/B00UTFZAII?tag=eloabder-20&linkCode=osi&th=1&psc=1"><img src="https://m.media-amazon.com/images/I/31z7hZ6KbXL._SL500_.jpg" alt="Product Image"></a><p>Miele 10123210 AirClean 3D Efficiency Dust Bag, Type GN, 4 Bags & 2 Filters, White</p><p>$21.86 ($21.86 / Count)</p><a href="https://www.amazon.com/dp/B00UTFZAII?tag=eloabder-20&linkCode=osi&th=1&psc=1">View Product</a></div><div class="product"><a href="https://www.amazon.com/dp/B07WHG6J5S?tag=eloabder-20&linkCode=osi&th=1&psc=1"><img src="https://m.media-amazon.com/images/I/41hnaEOxB9L._SL500_.jpg" alt="Product Image"></a><p>KEEPOW Vacuum Filters for Eureka, Power Speed Vacuum Filters Replacement for Eureka NEU182A, NEU182B, NEU280, NEU180, NEU181, NEU188, NEU202 Bagless Upright Vacuum Cleaner, Part E0202 (4 Pack)</p><p>$9.99 ($2.50 / Count)</p><a href="https://www.amazon.com/dp/B07WHG6J5S?tag=eloabder-20&linkCode=osi&th=1&psc=1">View Product</a></div><div class="product"><a href="https://www.amazon.com/dp/B00UTFZB82?tag=eloabder-20&linkCode=osi&th=1&psc=1"><img src="https://m.media-amazon.com/images/I/41WdlL5T0dL._SL500_.jpg" alt="Product Image"></a><p>Miele AirClean 3D Efficiency Dust Bag, Type FJM, 4 Bags & 2 Filters, White</p><p>$18.99</p><a href="https://www.amazon.com/dp/B00UTFZB82?tag=eloabder-20&linkCode=osi&th=1&psc=1">View Product</a></div><div class="product"><a href="https://www.amazon.com/dp/B09NKP346M?tag=eloabder-20&linkCode=osi&th=1&psc=1"><img src="https://m.media-amazon.com/images/I/41o25nqkODL._SL500_.jpg" alt="Product Image"></a><p>Anewise 6 Pack Filter Replacement for Bissell Powerforce Compact Lightweight Upright 2112 1520 for Bissel Turbo Bagless 2690 Cleanview 3437 3508 Vacuum Cleaner, Compare to Parts #1604896/160-4896</p><p>$12.99</p><a href="https://www.amazon.com/dp/B09NKP346M?tag=eloabder-20&linkCode=osi&th=1&psc=1">View Product</a></div><div class="product"><a href="https://www.amazon.com/dp/B01MQ5NITB?tag=eloabder-20&linkCode=osi&th=1&psc=1"><img src="https://m.media-amazon.com/images/I/41J6lG4H1bL._SL500_.jpg" alt="Product Image"></a><p>Bissell Style 7 3 Pack Vacuum Cleaner Bags, White, 3 Count</p><p>$8.69 ($2.90 / Count)</p><a href="https://www.amazon.com/dp/B01MQ5NITB?tag=eloabder-20&linkCode=osi&th=1&psc=1">View Product</a></div><div class="product"><a href="https://www.amazon.com/dp/B0CDH1JY5D?tag=eloabder-20&linkCode=osi&th=1&psc=1"><img src="https://m.media-amazon.com/images/I/516DPXu4siL._SL500_.jpg" alt="Product Image"></a><p>4 Pack Replacement Filters Compatiable with Wyze Cordless Vacuum Cleaner, Removable and Washable HEPA Filter Accessories Part Set with 1 Cleaning Brush for Wyze Handheld Cordless Vacuum Cleaner</p><p>$15.99 ($4.00 / Count)</p><a href="https://www.amazon.com/dp/B0CDH1JY5D?tag=eloabder-20&linkCode=osi&th=1&psc=1">View Product</a></div><div class="product"><a href="https://www.amazon.com/dp/B07P3WB37F?tag=eloabder-20&linkCode=osi&th=1&psc=1"><img src="https://m.media-amazon.com/images/I/51WaYrkiVXL._SL500_.jpg" alt="Product Image"></a><p>Miele AirClean 3D Efficiency Dust Bag, Type GN, XL Value Pack, 8 Bags and 4 Filters</p><p>$36.99</p><a href="https://www.amazon.com/dp/B07P3WB37F?tag=eloabder-20&linkCode=osi&th=1&psc=1">View Product</a></div><div class="product"><a href="https://www.amazon.com/dp/B09DSY4Z2T?tag=eloabder-20&linkCode=osi&th=1&psc=1"><img src="https://m.media-amazon.com/images/I/51+ref3EeAL._SL500_.jpg" alt="Product Image"></a><p>Filter Replacement for Tineco A10 A11 Hero A10/A11 Master PURE ONE S11 Series, S12, X Cordless Vacuum Cleaner (3 PACK) â€¦</p><p>$12.99 ($4.33 / Count)</p><a href="https://www.amazon.com/dp/B09DSY4Z2T?tag=eloabder-20&linkCode=osi&th=1&psc=1">View Product</a></div>


<div class="product"><a href="https://www.amazon.com/dp/B0BXRR5QFV?tag=eloabder-20&linkCode=osi&th=1&psc=1"><img src="https://m.media-amazon.com/images/I/41sjdBkCp8L._SL500_.jpg" alt="Product Image"></a><p>AC Infinity CLOUDFORGE T7, Plant Humidifier 15L with VPD Humidity Controls, 10-Level Precision Vaporizer, Extendable Hose, Targeting Pipe, and No-Leak Seal for Grow Tents</p><p>$159.00</p><a href="https://www.amazon.com/dp/B0BXRR5QFV?tag=eloabder-20&linkCode=osi&th=1&psc=1">View Product</a></div><div class="product"><a href="https://www.amazon.com/dp/B01N6MV8SA?tag=eloabder-20&linkCode=osi&th=1&psc=1"><img src="https://m.media-amazon.com/images/I/41hX08+W1xL._SL500_.jpg" alt="Product Image"></a><p>Protec Humidifier Tank Cleaner, 1 Count - Colors May Vary</p><p>$5.98</p><a href="https://www.amazon.com/dp/B01N6MV8SA?tag=eloabder-20&linkCode=osi&th=1&psc=1">View Product</a></div><div class="product"><a href="https://www.amazon.com/dp/B07GXBTH82?tag=eloabder-20&linkCode=osi&th=1&psc=1"><img src="https://m.media-amazon.com/images/I/41ibxK12JPL._SL500_.jpg" alt="Product Image"></a><p>Essick Air 1970-2 Humidifier, 2-Quart Bacteriostatic Treatment, 2 Pack, Clear, 2</p><p>$22.99</p><a href="https://www.amazon.com/dp/B07GXBTH82?tag=eloabder-20&linkCode=osi&th=1&psc=1">View Product</a></div><div class="product"><a href="https://www.amazon.com/dp/B08TTT3K9B?tag=eloabder-20&linkCode=osi&th=1&psc=1"><img src="https://m.media-amazon.com/images/I/41U6j9SexmL._SL500_.jpg" alt="Product Image"></a><p>Leemone Humidifier Cleaner 12 Pack, Demineralization Cleaning Ball, Works in All humidifiers and Fish Tanks, Purifies Water, Prevents Hard Water Build-Up, Eliminates White Dust and Odor</p><p>$14.44</p><a href="https://www.amazon.com/dp/B08TTT3K9B?tag=eloabder-20&linkCode=osi&th=1&psc=1">View Product</a></div>
<div class="product"><a href="https://www.amazon.com/dp/B07YD4XCT3?tag=eloabder-20&linkCode=osi&th=1&psc=1"><img src="https://m.media-amazon.com/images/I/41hR81iKyJL._SL500_.jpg" alt="Product Image"></a><p>Vacplus Moisture Absorber Packets, Fragrance Free(10 Pack), Humidity Packs, Hanging Closet Dehumidifier Bags, Desiccant 9.8OZ</p><p>$21.99</p><a href="https://www.amazon.com/dp/B07YD4XCT3?tag=eloabder-20&linkCode=osi&th=1&psc=1">View Product</a></div><div class="product"><a href="https://www.amazon.com/dp/B09LQF5V5K?tag=eloabder-20&linkCode=osi&th=1&psc=1"><img src="https://m.media-amazon.com/images/I/51Cx5ECAotL._SL500_.jpg" alt="Product Image"></a><p>CLEVAST Moisture Absorbers Packets 10 Pack, Dehumidifier Bags for Closet, Unscented Hanging Humidity Absorber in Wardrobes, Bedrooms, Bathrooms(230g/pack)</p><p>$16.98</p><a href="https://www.amazon.com/dp/B09LQF5V5K?tag=eloabder-20&linkCode=osi&th=1&psc=1">View Product</a></div><div class="product"><a href="https://www.amazon.com/dp/B0B8L9QRW8?tag=eloabder-20&linkCode=osi&th=1&psc=1"><img src="https://m.media-amazon.com/images/I/518LgtpPi8L._SL500_.jpg" alt="Product Image"></a><p>Arm & Hammer Essentials Disposable Moisture Absorber and Odor Eliminator Tub, Fragrance Free, 1 lb, 3-Pack, Attracts and Traps Excess Moisture, Ideal Closet Dehumidifier, White</p><p>$24.94 ($0.52 / Ounce)</p><a href="https://www.amazon.com/dp/B0B8L9QRW8?tag=eloabder-20&linkCode=osi&th=1&psc=1">View Product</a></div><div class="product"><a href="https://www.amazon.com/dp/B09W9TPJGZ?tag=eloabder-20&linkCode=osi&th=1&psc=1"><img src="https://m.media-amazon.com/images/I/51pVTVMwHbL._SL500_.jpg" alt="Product Image"></a><p>THECOSKY Dehumidifier and Air Purifier Combo,HEPA H13 Filter and Negative Air Ion Function,54oz(1.6L) Water Tank with Drain Hose,24hrs Auto-Off Timer,Idea for Bedroom,Bathroom,Closet,RV</p><p>$109.99</p><a href="https://www.amazon.com/dp/B09W9TPJGZ?tag=eloabder-20&linkCode=osi&th=1&psc=1">View Product</a></div><div class="product"><a href="https://www.amazon.com/dp/B0CXDG65LZ?tag=eloabder-20&linkCode=osi&th=1&psc=1"><img src="https://m.media-amazon.com/images/I/41HNflmbKHL._SL500_.jpg" alt="Product Image"></a><p>14 x 17.5 x1.75 MERV 13 Replacement Dehumidifier Filter Compatible with Santa Fe Advance90, Advance100, Advance120, Honeywell DR90 & DR120 dehumidifier models, 2 Pack</p><p>$42.99</p><a href="https://www.amazon.com/dp/B0CXDG65LZ?tag=eloabder-20&linkCode=osi&th=1&psc=1">View Product</a></div>
<div class="product"><a href="https://www.amazon.com/dp/B088B921NQ?tag=eloabder-20&linkCode=osi&th=1&psc=1"><img src="https://m.media-amazon.com/images/I/612e4cT3RYL._SL500_.jpg" alt="Product Image"></a><p>ULTTY H13 HEPA Replacement Filter with Medical Coating, True HEPA Filter For R021/ R020 Purifying Fan, Medium</p><p>$29.99</p><a href="https://www.amazon.com/dp/B088B921NQ?tag=eloabder-20&linkCode=osi&th=1&psc=1">View Product</a></div><div class="product"><a href="https://www.amazon.com/dp/B0D2MZ4Y7Z?tag=eloabder-20&linkCode=osi&th=1&psc=1"><img src="https://m.media-amazon.com/images/I/51KgTHizWyL._SL500_.jpg" alt="Product Image"></a><p>Butto 5-Pack Ceiling Fan Filters for Blades - Strong Adhesive Ceiling Fan Filters for Common Household Contaminants - Unscented Coconut Carbon Fan Air Purifier Pads to Make Air Fresh and Natural</p><p>$9.98</p><a href="https://www.amazon.com/dp/B0D2MZ4Y7Z?tag=eloabder-20&linkCode=osi&th=1&psc=1">View Product</a></div><div class="product"><a href="https://www.amazon.com/dp/B0C42HCM21?tag=eloabder-20&linkCode=osi&th=1&psc=1"><img src="https://m.media-amazon.com/images/I/31jk3lpoygL._SL500_.jpg" alt="Product Image"></a><p>Barnakl Ceiling Fan Filters | Activated Coconut Shell Carbon Filter | Easy-Stick Universal Ceiling Fan Air Filters | Unscented Ceiling Fan Blade Filters for Common Household Contaminants, (3-Count)</p><p>$19.99 ($6.66 / Count)</p><a href="https://www.amazon.com/dp/B0C42HCM21?tag=eloabder-20&linkCode=osi&th=1&psc=1">View Product</a></div>
<div class="product"><a href="https://www.amazon.com/dp/B08LZWP29P?tag=eloabder-20&linkCode=osi&th=1&psc=1"><img src="https://m.media-amazon.com/images/I/41NLuzzFW9L._SL500_.jpg" alt="Product Image"></a><p>Chromex Tankless Water Heater Descaling Solution | Highly Effective Descaler Restores Heating Efficiency, Quart, 32 fl oz (1)</p><p>$26.99</p><a href="https://www.amazon.com/dp/B08LZWP29P?tag=eloabder-20&linkCode=osi&th=1&psc=1">View Product</a></div>

<div class="product"><a href="https://www.amazon.com/dp/B005UO4OWQ?tag=eloabder-20&linkCode=osi&th=1&psc=1"><img src="https://m.media-amazon.com/images/I/41oQPKFofoL._SL500_.jpg" alt="Product Image"></a><p>Bissell 203-7458 Brushroll, Bg10/86T3, Black</p><p>$21.26 ($21.26 / Count)</p><a href="https://www.amazon.com/dp/B005UO4OWQ?tag=eloabder-20&linkCode=osi&th=1&psc=1">View Product</a></div>





















<div class="product"><a href="https://www.amazon.com/dp/B0014J7FUY?tag=eloabder-20&linkCode=osi&th=1&psc=1"><img src="https://m.media-amazon.com/images/I/31QrM+IPxOL._SL500_.jpg" alt="Product Image"></a><p>Urnex Grindz Professional Coffee Grinder Cleaning Tablets - 430 Grams - All Natural Food Safe Gluten Free - Cleans Burr and Casing - Help Extend Life of Your Grinder</p><p>$25.99 ($1.71 / Ounce)</p><a href="https://www.amazon.com/dp/B0014J7FUY?tag=eloabder-20&linkCode=osi&th=1&psc=1">View Product</a></div>



<div class="product"><a href="https://www.amazon.com/dp/B0CHW317SG?tag=eloabder-20&linkCode=osi&th=1&psc=1"><img src="https://m.media-amazon.com/images/I/41Qd5Iu3qBL._SL500_.jpg" alt="Product Image"></a><p>EUHOMY 55 Can Beverage Refrigerator cooler-Mini Fridge Glass Door for Beer Drinks Wines, Freestanding Beverage Fridge with Adjustable Shelves Blue LED for Home/Office/Dorm/Bar (1.3cu.ft)</p><p>$128.99</p><a href="https://www.amazon.com/dp/B0CHW317SG?tag=eloabder-20&linkCode=osi&th=1&psc=1">View Product</a></div>

<div class="product"><a href="https://www.amazon.com/dp/B099CN2MRK?tag=eloabder-20&linkCode=osi&th=1&psc=1"><img src="https://m.media-amazon.com/images/I/31CvUCIUX5L._SL500_.jpg" alt="Product Image"></a><p>Genuine PuroAir 240 Replacement Filter - Replacement HEPA Filter for PuroAir 240 Purifier - Captures up to 99% of Pollen, Smoke, Pollen, Dust and Common Household Pollutants</p><p>$48.00</p><a href="https://www.amazon.com/dp/B099CN2MRK?tag=eloabder-20&linkCode=osi&th=1&psc=1">View Product</a></div><div class="product"><a href="https://www.amazon.com/dp/B0055521W0?tag=eloabder-20&linkCode=osi&th=1&psc=1"><img src="https://m.media-amazon.com/images/I/41Hs7ixdyXL._SL500_.jpg" alt="Product Image"></a><p>GermGuardian Filter B HEPA Pure Genuine Air Purifier Replacement Filter, Removes 99.97% of Pollutants for AC4825, AC4300, AC4900, AC4825DLX, AC4850, CDAP4500, AP2200, Black/Yellow, FLT4825</p><p>$17.90 ($17.90 / Count)</p><a href="https://www.amazon.com/dp/B0055521W0?tag=eloabder-20&linkCode=osi&th=1&psc=1">View Product</a></div><div class="product"><a href="https://www.amazon.com/dp/B0BNMYKZPV?tag=eloabder-20&linkCode=osi&th=1&psc=1"><img src="https://m.media-amazon.com/images/I/41-K3mB6KkL._SL500_.jpg" alt="Product Image"></a><p>2 Pack True HEPA KILO Filter Compatible with Afloia KILO, KILOPLUS, KILOPRO, MIRO,MIRO PRO and MORENTO MR-Kilo, Kalo Air Purifier, 360Â° 3-Stage Filtration</p><p>$34.99 ($17.50 / Count)</p><a href="https://www.amazon.com/dp/B0BNMYKZPV?tag=eloabder-20&linkCode=osi&th=1&psc=1">View Product</a></div><div class="product"><a href="https://www.amazon.com/dp/B0D3M4Y9W7?tag=eloabder-20&linkCode=osi&th=1&psc=1"><img src="https://m.media-amazon.com/images/I/41tzW+mkZuL._SL500_.jpg" alt="Product Image"></a><p>Breshair 14 True HEPA Filter Replacement Compatible with PuroAir 240 Air Purifier, 3-in-1 Filtration System with Activated Carbon Filter, 2-Pack</p><p>$31.56 ($15.78 / Count)</p><a href="https://www.amazon.com/dp/B0D3M4Y9W7?tag=eloabder-20&linkCode=osi&th=1&psc=1">View Product</a></div><div class="product"><a href="https://www.amazon.com/dp/B0CB18MVX6?tag=eloabder-20&linkCode=osi&th=1&psc=1"><img src="https://m.media-amazon.com/images/I/519ZmmLOrzL._SL500_.jpg" alt="Product Image"></a><p>2 Pack 3-in-1 H13 True HEPA Replacement Filter Compatible with Pure Enrichment PureZone Air Purifier Part# PEAIRPLG</p><p>$23.99 ($12.00 / Count)</p><a href="https://www.amazon.com/dp/B0CB18MVX6?tag=eloabder-20&linkCode=osi&th=1&psc=1">View Product</a></div><div class="product"><a href="https://www.amazon.com/dp/B08JTZMRML?tag=eloabder-20&linkCode=osi&th=1&psc=1"><img src="https://m.media-amazon.com/images/I/51yx60sCjHL._SL500_.jpg" alt="Product Image"></a><p>6 Pack HPA300 HEPA Filter Replacement for Honeywell HPA300 Series Air Purifiers HPA300, HPA300VP, HPA304, HPA3300, Replace HRF-R3 (6 Ture HEPA R Replacement Filter + 8 Activated Carbon Pre-Filter)</p><p>$47.99 ($3.43 / Count)</p><a href="https://www.amazon.com/dp/B08JTZMRML?tag=eloabder-20&linkCode=osi&th=1&psc=1">View Product</a></div><div class="product"><a href="https://www.amazon.com/dp/B0CF1GLSYS?tag=eloabder-20&linkCode=osi&th=1&psc=1"><img src="https://m.media-amazon.com/images/I/41709EXRzXL._SL500_.jpg" alt="Product Image"></a><p>CHIVALZ 4 Pack HY4866 True HEPA Replacement Filters Compatible with MORENTO HY4866 Air Purifier, WESTHEY HY4866 Air Purifier and YIOU M1 Air Cleaner Purifier, Original Version</p><p>$39.99 ($10.00 / Count)</p><a href="https://www.amazon.com/dp/B0CF1GLSYS?tag=eloabder-20&linkCode=osi&th=1&psc=1">View Product</a></div>







<div class="product"><a href="https://www.amazon.com/dp/B0CYKMFKR9?tag=eloabder-20&linkCode=osi&th=1&psc=1"><img src="https://m.media-amazon.com/images/I/316zU-ozoxL._SL500_.jpg" alt="Product Image"></a><p>Air Purifier Replacement Filter for Space Heater Bladeless Fan</p><p>$29.99</p><a href="https://www.amazon.com/dp/B0CYKMFKR9?tag=eloabder-20&linkCode=osi&th=1&psc=1">View Product</a></div>
<div class="product"><a href="https://www.amazon.com/dp/B07MRH6VY7?tag=eloabder-20&linkCode=osi&th=1&psc=1"><img src="https://m.media-amazon.com/images/I/51g-nuN4A5L._SL500_.jpg" alt="Product Image"></a><p>Colorfullife Replacement Air Purifier Filter for Dyson Tower Purifier Pure Cool Link TP01, TP02, TP03, BP01, Compare to Part 968126-03ï¼Œ2 Pack</p><p>$26.99</p><a href="https://www.amazon.com/dp/B07MRH6VY7?tag=eloabder-20&linkCode=osi&th=1&psc=1">View Product</a></div><div class="product"><a href="https://www.amazon.com/dp/B07TX5SW7J?tag=eloabder-20&linkCode=osi&th=1&psc=1"><img src="https://m.media-amazon.com/images/I/512Kn+cPglL._SL500_.jpg" alt="Product Image"></a><p>TP01 HEPA Filter Replacement Compatible with Dyson Tower Purifier Pure Cool Link TP01, TP02, TP03, AM11, BP01 Models, Compare to Part # 968126-03 (Pack of 2)</p><p>$27.95 ($13.98 / Count)</p><a href="https://www.amazon.com/dp/B07TX5SW7J?tag=eloabder-20&linkCode=osi&th=1&psc=1">View Product</a></div><div class="product"><a href="https://www.amazon.com/dp/B0CC24GZGB?tag=eloabder-20&linkCode=osi&th=1&psc=1"><img src="https://m.media-amazon.com/images/I/41woNpZ9VgL._SL500_.jpg" alt="Product Image"></a><p>TP01 TP02 Filter Compatible with Dyson Pure Cool Link Purifying Tower Fan TP00 TP03 AM11 and Cool Me BP01 Personal Series, 360Â° Air Purifier Filter Replacement 968126-03, 1-Pack</p><p>$25.99</p><a href="https://www.amazon.com/dp/B0CC24GZGB?tag=eloabder-20&linkCode=osi&th=1&psc=1">View Product</a></div><div class="product"><a href="https://www.amazon.com/dp/B0CX23N2JJ?tag=eloabder-20&linkCode=osi&th=1&psc=1"><img src="https://m.media-amazon.com/images/I/3145hmd5j7L._SL500_.jpg" alt="Product Image"></a><p>Dreo Air Purifiers Replacement Filter, HEPA Filter for Dreo Purifier Tower Fan MC710S, with 2 Stage Filtration, Black, Standard(DR-HPA019)</p><p>$39.99</p><a href="https://www.amazon.com/dp/B0CX23N2JJ?tag=eloabder-20&linkCode=osi&th=1&psc=1">View Product</a></div>










<div class="product"><a href="https://www.amazon.com/dp/B001U0OJ7O?tag=eloabder-20&linkCode=osi&th=1&psc=1"><img src="https://m.media-amazon.com/images/I/41XEg3QV-wL._SL500_.jpg" alt="Product Image"></a><p>Whirlpool W10165294RB 15-Inch Plastic Trash Compactor ct, 60 Bags, Count</p><p>$48.34</p><a href="https://www.amazon.com/dp/B001U0OJ7O?tag=eloabder-20&linkCode=osi&th=1&psc=1">View Product</a></div><div class="product"><a href="https://www.amazon.com/dp/B0CC3V4ZZ4?tag=eloabder-20&linkCode=osi&th=1&psc=1"><img src="https://m.media-amazon.com/images/I/31bbvodHnjL._SL500_.jpg" alt="Product Image"></a><p>Waste Smasher- Hand-Held Manual Trash Compactor Dishwasher Safe Black</p><p>$24.95</p><a href="https://www.amazon.com/dp/B0CC3V4ZZ4?tag=eloabder-20&linkCode=osi&th=1&psc=1">View Product</a></div><div class="product"><a href="https://www.amazon.com/dp/B00IYO5914?tag=eloabder-20&linkCode=osi&th=1&psc=1"><img src="https://m.media-amazon.com/images/I/51SLpTXIYNL._SL500_.jpg" alt="Product Image"></a><p>Kitchen Master Super Strong Compactor Bags Pre Cuffed (12 Pack)</p><p>$34.95</p><a href="https://www.amazon.com/dp/B00IYO5914?tag=eloabder-20&linkCode=osi&th=1&psc=1">View Product</a></div><div class="product"><a href="https://www.amazon.com/dp/B075DJ4ZVQ?tag=eloabder-20&linkCode=osi&th=1&psc=1"><img src="https://m.media-amazon.com/images/I/51Vaek4I89L._SL500_.jpg" alt="Product Image"></a><p>Dano Pre-Cuffed Compactor Bags</p><p>$32.95 ($2.75 / Count)</p><a href="https://www.amazon.com/dp/B075DJ4ZVQ?tag=eloabder-20&linkCode=osi&th=1&psc=1">View Product</a></div><div class="product"><a href="https://www.amazon.com/dp/B0C2DCVCBJ?tag=eloabder-20&linkCode=osi&th=1&psc=1"><img src="https://m.media-amazon.com/images/I/51072CtaKuL._SL500_.jpg" alt="Product Image"></a><p>60-pack W10165294RB Trash Compactor Bags - leak-proof trash compactor bags for kitchen 60-ct 15 inches - Fits 15-inch Rectangular Drawer Compactors</p><p>$45.99 ($0.77 / Count)</p><a href="https://www.amazon.com/dp/B0C2DCVCBJ?tag=eloabder-20&linkCode=osi&th=1&psc=1">View Product</a></div><div class="product"><a href="https://www.amazon.com/dp/B001U0OJ7E?tag=eloabder-20&linkCode=osi&th=1&psc=1"><img src="https://m.media-amazon.com/images/I/41c0z26RyvL._SL500_.jpg" alt="Product Image"></a><p>Whirlpool W10165293RB Genuine OEM 60 Pack-Plastic Compactor Bags-18" Models â€“ 1394369, 4178058, 4318932, 4318933, 4318935, 4318937, 4318939, AH1964576, EA1964576, PS1964576</p><p>$48.64 ($0.81 / Count)</p><a href="https://www.amazon.com/dp/B001U0OJ7E?tag=eloabder-20&linkCode=osi&th=1&psc=1">View Product</a></div><div class="product"><a href="https://www.amazon.com/dp/B00W27J16S?tag=eloabder-20&linkCode=osi&th=1&psc=1"><img src="https://m.media-amazon.com/images/I/41RaOjAGlrL._SL500_.jpg" alt="Product Image"></a><p>Compactor Bags Pre Cuffed (50 Pack)</p><p>$84.95 ($1.70 / count)</p><a href="https://www.amazon.com/dp/B00W27J16S?tag=eloabder-20&linkCode=osi&th=1&psc=1">View Product</a></div><div class="product"><a href="https://www.amazon.com/dp/B00MOCYY2W?tag=eloabder-20&linkCode=osi&th=1&psc=1"><img src="https://m.media-amazon.com/images/I/41SH8mDsAnL._SL500_.jpg" alt="Product Image"></a><p>GE WX60X1 Genuine OEM Universal Trash Compactor Bags for GE Trash Compactors</p><p>$19.00</p><a href="https://www.amazon.com/dp/B00MOCYY2W?tag=eloabder-20&linkCode=osi&th=1&psc=1">View Product</a></div><div class="product"><a href="https://www.amazon.com/dp/B0D7SFSTNG?tag=eloabder-20&linkCode=osi&th=1&psc=1"><img src="https://m.media-amazon.com/images/I/41szt9tZJPL._SL500_.jpg" alt="Product Image"></a><p>4PCS Trash Compactor Charcoal Air Filter Fit for Whirlpool/KitchenAid/Maytag/Jenn-Air/Amana/Inglis/Magic Chef Trash Compactor, Replaces 4151750 554358 WP4151750 AP6009134 PS11742279</p><p>$23.59 ($5.90 / Count)</p><a href="https://www.amazon.com/dp/B0D7SFSTNG?tag=eloabder-20&linkCode=osi&th=1&psc=1">View Product</a></div>
<div class="product"><a href="https://www.amazon.com/dp/B0CGLX5ZB9?tag=eloabder-20&linkCode=osi&th=1&psc=1"><img src="https://m.media-amazon.com/images/I/51qeRZQS98L._SL500_.jpg" alt="Product Image"></a><p>Spare Replacement Parts Compatible with MAMNV BR150 BR151, ZCWA BR150 BR151, MANVINS G20 Robot Vacuum and Mop Combo Accessories Include: 3 Hepa Filters 3 Mop Pads 6 Side Spin Brushes</p><p>$9.98</p><a href="https://www.amazon.com/dp/B0CGLX5ZB9?tag=eloabder-20&linkCode=osi&th=1&psc=1">View Product</a></div><div class="product"><a href="https://www.amazon.com/dp/B0B28DGZBG?tag=eloabder-20&linkCode=osi&th=1&psc=1"><img src="https://m.media-amazon.com/images/I/51ooMN4RqML._SL500_.jpg" alt="Product Image"></a><p>Replacement Parts for Shark AI AV2511AE AV2501S AV2610WA AV2501AE RV2502AE RV2610WA RV2520 AV2510 2-In-1 AI Ultra Robot Vacuum Cleaner Accessories Kits. Main Brush, HEPA Filter, Foam Filter,Side Brush</p><p>$19.99 ($1.05 / Count)</p><a href="https://www.amazon.com/dp/B0B28DGZBG?tag=eloabder-20&linkCode=osi&th=1&psc=1">View Product</a></div><div class="product"><a href="https://www.amazon.com/dp/B0782T7L6P?tag=eloabder-20&linkCode=osi&th=1&psc=1"><img src="https://m.media-amazon.com/images/I/41hTVkuzMJL._SL500_.jpg" alt="Product Image"></a><p>10pcs HEPA Filters Replacement for ILIFE V3s V3s pro V5 V5s V5s Pro V5s Pro 2 V5s Plus Noisz S5 Robotic Vacuum Cleaner ILIFE V3s pro Filters ILIFE Robot Vacuum Filter</p><p>$9.80 ($0.98 / Count)</p><a href="https://www.amazon.com/dp/B0782T7L6P?tag=eloabder-20&linkCode=osi&th=1&psc=1">View Product</a></div><div class="product"><a href="https://www.amazon.com/dp/B0CXLVHTTC?tag=eloabder-20&linkCode=osi&th=1&psc=1"><img src="https://m.media-amazon.com/images/I/51BT3phYzKL._SL500_.jpg" alt="Product Image"></a><p>HUIZHEN Spare Accessories for MAMNV BR150/BR151, for ZCWA BR150/BR151, for MANVINS G20,for GTTVO BR150/BR151,for ONSON BR150/BR151 Robot Vacuum Replacement Parts,6 Side Brush,4 HEPA Filters,4 Mop Pads</p><p>$9.99</p><a href="https://www.amazon.com/dp/B0CXLVHTTC?tag=eloabder-20&linkCode=osi&th=1&psc=1">View Product</a></div><div class="product"><a href="https://www.amazon.com/dp/B08RYDDQL8?tag=eloabder-20&linkCode=osi&th=1&psc=1"><img src="https://m.media-amazon.com/images/I/314Xd7+oBXL._SL500_.jpg" alt="Product Image"></a><p>AirClean 4 Pack 3.7" High Replacement Base Pre-Motor Foam Filters Compatible with Shark IQ Robot Vacuum R101AE RV1001AE UR1005AE Self-Empty Base</p><p>$12.99 ($3.25 / Count)</p><a href="https://www.amazon.com/dp/B08RYDDQL8?tag=eloabder-20&linkCode=osi&th=1&psc=1">View Product</a></div><div class="product"><a href="https://www.amazon.com/dp/B0CJLHJ557?tag=eloabder-20&linkCode=osi&th=1&psc=1"><img src="https://m.media-amazon.com/images/I/41iQm8hUjiL._SL500_.jpg" alt="Product Image"></a><p>Replacement Parts Compatible with WYZE Robot Vacuum Cleaner WVCR200S Accessories, 2 Main Brushes, 6 Hepa Filters, 8 Side Brushes Attachment Spare Pack</p><p>$14.99 ($0.94 / Count)</p><a href="https://www.amazon.com/dp/B0CJLHJ557?tag=eloabder-20&linkCode=osi&th=1&psc=1">View Product</a></div>
<div class="product"><a href="https://www.amazon.com/dp/B0C4595Q8P?tag=eloabder-20&linkCode=osi&th=1&psc=1"><img src="https://m.media-amazon.com/images/I/51k23SAtRxL._SL500_.jpg" alt="Product Image"></a><p>4 Pack FSV001 HEPA Filter Compatiable with Fabuletta FSV101, FSV001, Girnoor G160&G165, Afoddon A300, Lubluelu 202, Oraimo Cordless Vacuum Cleaner, Besswin W26 Cordless Stick Vacuum Cleaners</p><p>$15.99 ($4.00 / Count)</p><a href="https://www.amazon.com/dp/B0C4595Q8P?tag=eloabder-20&linkCode=osi&th=1&psc=1">View Product</a></div>
<div class="product"><a href="https://www.amazon.com/dp/B0BNKJX96X?tag=eloabder-20&linkCode=osi&th=1&psc=1"><img src="https://m.media-amazon.com/images/I/41OPeLFppoL._SL500_.jpg" alt="Product Image"></a><p>6 PACK 2033 Replacement Filter Compatible with Bissell Featherweight Stick Lightweight Bagless Vacuum Cleaner 20331, 20333, 20334, 20336, 20339, 2033M,6 Mesh Filter 6 Foam Filters, Replace # 1611508</p><p>$14.99 ($2.50 / Count)</p><a href="https://www.amazon.com/dp/B0BNKJX96X?tag=eloabder-20&linkCode=osi&th=1&psc=1">View Product</a></div><div class="product"><a href="https://www.amazon.com/dp/B0CMBWLTSM?tag=eloabder-20&linkCode=osi&th=1&psc=1"><img src="https://m.media-amazon.com/images/I/41PHqKaLTDL._SL500_.jpg" alt="Product Image"></a><p>18V ONE + Cordless Pet Stick Vacuum Filter for Ryobi, PCL720, PBLSV716, PBLSV717 Stick Vacuum, Reusable Washable Filters, Compare to Part A32SV720N, 6 Pack</p><p>$15.99 ($2.66 / Count)</p><a href="https://www.amazon.com/dp/B0CMBWLTSM?tag=eloabder-20&linkCode=osi&th=1&psc=1">View Product</a></div><div class="product"><a href="https://www.amazon.com/dp/B0CXDYWWT9?tag=eloabder-20&linkCode=osi&th=1&psc=1"><img src="https://m.media-amazon.com/images/I/41F1csTT8jL._SL500_.jpg" alt="Product Image"></a><p>2 Replacement Filters for Craftsman V20 Cordless Stick Vacuum CMCVS001D1, for Black Decker BSVF1 BSV2020 BSV2020G BSV2020P Cordless Stick Vacuum Cleaner with 1 Cleaning Brush</p><p>$14.99</p><a href="https://www.amazon.com/dp/B0CXDYWWT9?tag=eloabder-20&linkCode=osi&th=1&psc=1">View Product</a></div><div class="product"><a href="https://www.amazon.com/dp/B0CCJ5N5DH?tag=eloabder-20&linkCode=osi&th=1&psc=1"><img src="https://m.media-amazon.com/images/I/41xmhDPqk8L._SL500_.jpg" alt="Product Image"></a><p>Aolleteau 1 Pack Brush Roller Compatible with Black + Decker BSV2020, BSV2020P, BSV2020G Powerseries Extreme Cordless Stick Vacuum and Compatible with Craftsman V20 Cordless Stick Vacuum CMCVS001D1</p><p>$17.99</p><a href="https://www.amazon.com/dp/B0CCJ5N5DH?tag=eloabder-20&linkCode=osi&th=1&psc=1">View Product</a></div><div class="product"><a href="https://www.amazon.com/dp/B0CQY61LFD?tag=eloabder-20&linkCode=osi&th=1&psc=1"><img src="https://m.media-amazon.com/images/I/31swBBC444L._SL500_.jpg" alt="Product Image"></a><p>Tablenco for Shark HZ602 Filter Replacement Ultralight Pet Pro Corded Stick Vacuum and HZ2002 Vertex DuoClean PowerFins fit HZ2000 HZ251 HZ250 HH200 HH202,4 Foam Felt 4 Motor Kit (No cleaning brush)</p><p>$9.98</p><a href="https://www.amazon.com/dp/B0CQY61LFD?tag=eloabder-20&linkCode=osi&th=1&psc=1">View Product</a></div><div class="product"><a href="https://www.amazon.com/dp/B09Q55KW8W?tag=eloabder-20&linkCode=osi&th=1&psc=1"><img src="https://m.media-amazon.com/images/I/51MKsJy6nSL._SL500_.jpg" alt="Product Image"></a><p>Anicell 2033 Featherweight Filter for Bissell Featherweight Stick Lightweight Bagless Vacuum 20331 20333 20334 20336 20339 2033M, 4 Mesh Filters 6 Foam Filters Replacement, Replace part# 1611508</p><p>$11.99</p><a href="https://www.amazon.com/dp/B09Q55KW8W?tag=eloabder-20&linkCode=osi&th=1&psc=1">View Product</a></div><div class="product"><a href="https://www.amazon.com/dp/B0CDVG7LHD?tag=eloabder-20&linkCode=osi&th=1&psc=1"><img src="https://m.media-amazon.com/images/I/41hjN1Te6sL._SL500_.jpg" alt="Product Image"></a><p>Moreffi 3 Pack Filter Replacement For HART Cordless Stick Vacuum HPSV01 and HPSV50, Compare to Part Number HASV01</p><p>$19.99 ($6.66 / Count)</p><a href="https://www.amazon.com/dp/B0CDVG7LHD?tag=eloabder-20&linkCode=osi&th=1&psc=1">View Product</a></div>
<div class="product"><a href="https://www.amazon.com/dp/B07DQ9TZC8?tag=eloabder-20&linkCode=osi&th=1&psc=1"><img src="https://m.media-amazon.com/images/I/41PHyZ20FuL._SL500_.jpg" alt="Product Image"></a><p>Kenmore 53294 Style O HEPA Cloth Vacuum Bags for Kenmore Upright Vacuum Cleaners 6 Pack,White</p><p>$20.99 ($3.50 / Count)</p><a href="https://www.amazon.com/dp/B07DQ9TZC8?tag=eloabder-20&linkCode=osi&th=1&psc=1">View Product</a></div><div class="product"><a href="https://www.amazon.com/dp/B08MXVTTT2?tag=eloabder-20&linkCode=osi&th=1&psc=1"><img src="https://m.media-amazon.com/images/I/41T6wRpIMzL._SL500_.jpg" alt="Product Image"></a><p>Kenmore IB600 HEPA Replacement Intuition Upright Vacuum Cleaner Bags for BU4022, BU4020, BU4018, BU4050, BU3040,White</p><p>$18.75</p><a href="https://www.amazon.com/dp/B08MXVTTT2?tag=eloabder-20&linkCode=osi&th=1&psc=1">View Product</a></div><div class="product"><a href="https://www.amazon.com/dp/B01010JVYO?tag=eloabder-20&linkCode=osi&th=1&psc=1"><img src="https://m.media-amazon.com/images/I/51Anluh47GL._SL500_.jpg" alt="Product Image"></a><p>EnviroCare Replacement Micro Filtration Vacuum Cleaner Dust Bags Designed to fit Hoover Windtunnel Upright Type Y 9 pack</p><p>$9.89 ($1.10 / Count)</p><a href="https://www.amazon.com/dp/B01010JVYO?tag=eloabder-20&linkCode=osi&th=1&psc=1">View Product</a></div><div class="product"><a href="https://www.amazon.com/dp/B0D5CP3WBY?tag=eloabder-20&linkCode=osi&th=1&psc=1"><img src="https://m.media-amazon.com/images/I/31MaGmsVOwL._SL500_.jpg" alt="Product Image"></a><p>Bagless Upright Kenmore Vacuum HEPA Filters, Compatible with Foam Filters, Felt Filters and Upright vacuum cleaner for Models K4010,DU2015,DU2012(includes 1 Hepa Filters,2 Foam and 2 Felt Filters)</p><p>$12.99</p><a href="https://www.amazon.com/dp/B0D5CP3WBY?tag=eloabder-20&linkCode=osi&th=1&psc=1">View Product</a></div><div class="product"><a href="https://www.amazon.com/dp/B0CBFV28WX?tag=eloabder-20&linkCode=osi&th=1&psc=1"><img src="https://m.media-amazon.com/images/I/51LIYI0wXSL._SL500_.jpg" alt="Product Image"></a><p>16 Packs Vacuum Bags for Oreck Type CC, Compatible with All Oreck XL Upright Vacuum Cleaner - Replaces Part # CCPK8DW</p><p>$21.99 ($1.37 / Count)</p><a href="https://www.amazon.com/dp/B0CBFV28WX?tag=eloabder-20&linkCode=osi&th=1&psc=1">View Product</a></div><div class="product"><a href="https://www.amazon.com/dp/B00F9GQMHA?tag=eloabder-20&linkCode=osi&th=1&psc=1"><img src="https://m.media-amazon.com/images/I/51lhelurelL._SL500_.jpg" alt="Product Image"></a><p>EnviroCare Replacement Premium Vacuum Cleaner Dust Bags made to fit Eureka F&G Uprights 9 bags</p><p>$11.09</p><a href="https://www.amazon.com/dp/B00F9GQMHA?tag=eloabder-20&linkCode=osi&th=1&psc=1">View Product</a></div><div class="product"><a href="https://www.amazon.com/dp/B002CI8G1I?tag=eloabder-20&linkCode=osi&th=1&psc=1"><img src="https://m.media-amazon.com/images/I/51PYQrQpbSL._SL500_.jpg" alt="Product Image"></a><p>EnviroCare Replacement Micro Filtration Vacuum Cleaner Dust Bags made to fit Kenmore Upright Type U/L/O 50688 and 50690, Panasonic Type U-2, Miele Type Z. 9 pack</p><p>$9.99</p><a href="https://www.amazon.com/dp/B002CI8G1I?tag=eloabder-20&linkCode=osi&th=1&psc=1">View Product</a></div>
<div class="product"><a href="https://www.amazon.com/dp/B07GNQJ67P?tag=eloabder-20&linkCode=osi&th=1&psc=1"><img src="https://m.media-amazon.com/images/I/41XHnKbgjAL._SL500_.jpg" alt="Product Image"></a><p>Kenmore 53292 Type Q HEPA Replacement Dust Bags for Canister Vacuum 81214, 81414, 81714, 21814, BC2005, BC3005, 81615, BC7005, 6 Count (Pack of 1)</p><p>$13.24 ($2.21 / Count)</p><a href="https://www.amazon.com/dp/B07GNQJ67P?tag=eloabder-20&linkCode=osi&th=1&psc=1">View Product</a></div><div class="product"><a href="https://www.amazon.com/dp/B01L0C0FVK?tag=eloabder-20&linkCode=osi&th=1&psc=1"><img src="https://m.media-amazon.com/images/I/51ZIjbo9NVL._SL500_.jpg" alt="Product Image"></a><p>Envirocare Replacement Vacuum Bags Compatible with Kenmore Canister Type C/Q. 5055, 50557 and 50558 Panasonic Type C-5 Vacuums,15 pack</p><p>$16.16</p><a href="https://www.amazon.com/dp/B01L0C0FVK?tag=eloabder-20&linkCode=osi&th=1&psc=1">View Product</a></div><div class="product"><a href="https://www.amazon.com/dp/B0BTRTP2PM?tag=eloabder-20&linkCode=osi&th=1&psc=1"><img src="https://m.media-amazon.com/images/I/41K295aRv9L._SL500_.jpg" alt="Product Image"></a><p>Vacuum Cleaner Bags Fit for Kenmore Canister Type C/Q 50555 50557 50558 and Type C-5, 10PCs</p><p>$15.99</p><a href="https://www.amazon.com/dp/B0BTRTP2PM?tag=eloabder-20&linkCode=osi&th=1&psc=1">View Product</a></div><div class="product"><a href="https://www.amazon.com/dp/B0CRQYGLZX?tag=eloabder-20&linkCode=osi&th=1&psc=1"><img src="https://m.media-amazon.com/images/I/413iXp+j3ML._SL500_.jpg" alt="Product Image"></a><p>15 Pack Canister Vacuum Cleaner Bags Compatible with Kenmore Canister Type C/Q 5055, 50555, 50557, 50558 and Type C-5, C-18, 53292, 200 Series, 400 Series, 600 Series, 700 Series, 800 Series Vacuum</p><p>$11.69</p><a href="https://www.amazon.com/dp/B0CRQYGLZX?tag=eloabder-20&linkCode=osi&th=1&psc=1">View Product</a></div><div class="product"><a href="https://www.amazon.com/dp/B00QGD3SBI?tag=eloabder-20&linkCode=osi&th=1&psc=1"><img src="https://m.media-amazon.com/images/I/51xw0asyqTL._SL500_.jpg" alt="Product Image"></a><p>EnviroCare Replacement Vacuum Bags made to fit Kenmore Canister Type C or Q 50555, 50558, 50557 and Panasonic Type C-5 Vacuums, 9 pack</p><p>$9.79</p><a href="https://www.amazon.com/dp/B00QGD3SBI?tag=eloabder-20&linkCode=osi&th=1&psc=1">View Product</a></div><div class="product"><a href="https://www.amazon.com/dp/B0CQP9NP5N?tag=eloabder-20&linkCode=osi&th=1&psc=1"><img src="https://m.media-amazon.com/images/I/41WnNkTz8zL._SL500_.jpg" alt="Product Image"></a><p>8 Pack Replacement Vacuum Bags Compatible with Kenmore Canister Type C/Q. 5055, 50104, 50557 and 50558 Panasonic Type C-5 Vacuums</p><p>$9.99 ($1.25 / Count)</p><a href="https://www.amazon.com/dp/B0CQP9NP5N?tag=eloabder-20&linkCode=osi&th=1&psc=1">View Product</a></div>
<div class="product"><a href="https://www.amazon.com/dp/B09M3Y2BHR?tag=eloabder-20&linkCode=osi&th=1&psc=1"><img src="https://m.media-amazon.com/images/I/31tevngai1L._SL500_.jpg" alt="Product Image"></a><p>Ymimi Vacuum Filter Compatible with Eureka WhirlWind Bagless Canister Vacuum Cleaner,Fits NEN110A,NEN110B,NEN110Dï¼ˆ2-Packï¼‰</p><p>$11.99 ($6.00 / Count)</p><a href="https://www.amazon.com/dp/B09M3Y2BHR?tag=eloabder-20&linkCode=osi&th=1&psc=1">View Product</a></div><div class="product"><a href="https://www.amazon.com/dp/B07J1WWBHN?tag=eloabder-20&linkCode=osi&th=1&psc=1"><img src="https://m.media-amazon.com/images/I/51gmkDrnR2L._SL500_.jpg" alt="Product Image"></a><p>Bissell Powerforce Helix Bagless Washable Premotor Filter #1608225, Black</p><p>$7.78</p><a href="https://www.amazon.com/dp/B07J1WWBHN?tag=eloabder-20&linkCode=osi&th=1&psc=1">View Product</a></div><div class="product"><a href="https://www.amazon.com/dp/B0BK64TMMK?tag=eloabder-20&linkCode=osi&th=1&psc=1"><img src="https://m.media-amazon.com/images/I/41OBMvET7eL._SL500_.jpg" alt="Product Image"></a><p>Vacuum Belt Replacement for Bissell Cleanview Swivel Pet Upright Bagless/Powerlifter Vacuum Cleaner, fits model: 2252, 2254, 22543, 2258,2259, 2260,2316, 2739, 1793, Parts # 3031120, 32074</p><p>$6.99</p><a href="https://www.amazon.com/dp/B0BK64TMMK?tag=eloabder-20&linkCode=osi&th=1&psc=1">View Product</a></div><div class="product"><a href="https://www.amazon.com/dp/B0BKKL3WRB?tag=eloabder-20&linkCode=osi&th=1&psc=1"><img src="https://m.media-amazon.com/images/I/410jMe-FjIL._SL500_.jpg" alt="Product Image"></a><p>Aolleteau F1 HEPA Filter Compatible with Dirt Devil Bagless Upright Cleaner Models Extra Lite, Breeze, Featherlite Bagless, Jaguar Bagless,Platinum Force Vision, Scorpion and Vision Bagless (2 Pack)</p><p>$13.99 ($7.00 / Count)</p><a href="https://www.amazon.com/dp/B0BKKL3WRB?tag=eloabder-20&linkCode=osi&th=1&psc=1">View Product</a></div><div class="product"><a href="https://www.amazon.com/dp/B09SG1P4WN?tag=eloabder-20&linkCode=osi&th=1&psc=1"><img src="https://m.media-amazon.com/images/I/51+Mr+Wq5ML._SL500_.jpg" alt="Product Image"></a><p>NEN110A Vacuum Filter, Inlet Frame and Sponge Filter Compatible with Eureka Whirlwind Bagless Canister Vacuum Cleaner, Fits NEN110A, NEN110B, NEN110D(4-Pack)</p><p>$15.99 ($4.00 / Count)</p><a href="https://www.amazon.com/dp/B09SG1P4WN?tag=eloabder-20&linkCode=osi&th=1&psc=1">View Product</a></div>
<div class="product"><a href="https://www.amazon.com/dp/B07GT9VB9X?tag=eloabder-20&linkCode=osi&th=1&psc=1"><img src="https://m.media-amazon.com/images/I/41IokheYtNL._SL500_.jpg" alt="Product Image"></a><p>6 Pack 1940 Bissell Steam Mop Pads for Bissell PowerFresh Steam Mop 1806 1544 1440 2075A 2685A 1940W 19404 Series, Model 19402 19408 1940a 1940f 1940q 1940t B0006 B0017, Part #5938#203-2633</p><p>$16.99 ($2.83 / Count)</p><a href="https://www.amazon.com/dp/B07GT9VB9X?tag=eloabder-20&linkCode=osi&th=1&psc=1">View Product</a></div><div class="product"><a href="https://www.amazon.com/dp/B07H3MYZLD?tag=eloabder-20&linkCode=osi&th=1&psc=1"><img src="https://m.media-amazon.com/images/I/511p6MPxQ0L._SL500_.jpg" alt="Product Image"></a><p>Flammi Steam Pocket Mop Replacement Pads for Shark S3500 Series S3501 S3601 S3550 S3901 SE450 S3801CO S3601D S2901 S2902 Steam Pocket Mop, 4 Pack</p><p>$16.97 ($4.24 / Count)</p><a href="https://www.amazon.com/dp/B07H3MYZLD?tag=eloabder-20&linkCode=osi&th=1&psc=1">View Product</a></div><div class="product"><a href="https://www.amazon.com/dp/B0C8SH97HN?tag=eloabder-20&linkCode=osi&th=1&psc=1"><img src="https://m.media-amazon.com/images/I/31Mex4y7odL._SL500_.jpg" alt="Product Image"></a><p>HOMEXCEL Steam Mop Replacement Pads Compatible with Bissell Powerfresh Steam Mop 1940 1806 1440 1544 Series, Model 19402 19404 19408 2685A 2075A 1940A 1940Q 1940T 1940W, Steam Mop Pads Refills,4 Pack</p><p>$9.99 ($2.50 / Count)</p><a href="https://www.amazon.com/dp/B0C8SH97HN?tag=eloabder-20&linkCode=osi&th=1&psc=1">View Product</a></div><div class="product"><a href="https://www.amazon.com/dp/B0BFWTXS33?tag=eloabder-20&linkCode=osi&th=1&psc=1"><img src="https://m.media-amazon.com/images/I/51pa2h7o0EL._SL500_.jpg" alt="Product Image"></a><p>12 Pack 1940 Steam Mop Replacement Pads for Bissell Powerfresh Steam Mop 1940 1440 1806 1544 2075 2685A 2814 Series, Model 19402 19404 19408 19409 1940A 1940F 1940Q 1940T 1940W B0006 B0017 2075A 15441</p><p>$24.99</p><a href="https://www.amazon.com/dp/B0BFWTXS33?tag=eloabder-20&linkCode=osi&th=1&psc=1">View Product</a></div><div class="product"><a href="https://www.amazon.com/dp/B0CLP5QGTY?tag=eloabder-20&linkCode=osi&th=1&psc=1"><img src="https://m.media-amazon.com/images/I/414HqpKde9L._SL500_.jpg" alt="Product Image"></a><p>10 Pack 1940 1806 2685A Steam Mop Pads For Bissell Powerfresh Steam Mop Deluxe Pet Lift-Off Plus Slim Scrubbing Steam Mop Replacement Pad 1940A 2814 1544A 2075A Power Fresh Steamer Pad Refill Washable</p><p>$22.99 ($2.30 / Count)</p><a href="https://www.amazon.com/dp/B0CLP5QGTY?tag=eloabder-20&linkCode=osi&th=1&psc=1">View Product</a></div><div class="product"><a href="https://www.amazon.com/dp/B078BBKBPV?tag=eloabder-20&linkCode=osi&th=1&psc=1"><img src="https://m.media-amazon.com/images/I/51WcJqtOUIL._SL500_.jpg" alt="Product Image"></a><p>Tidy Monster Steam Mop Replacement Pads Compatible with Bissell Powerfresh Steam Mop 1940 1806 1544 1440 2075A 2685A Series, Part # 5938 & 203-2633, 1606668 & 1606669 (4 Pack Scrub Plush)</p><p>$9.99</p><a href="https://www.amazon.com/dp/B078BBKBPV?tag=eloabder-20&linkCode=osi&th=1&psc=1">View Product</a></div><div class="product"><a href="https://www.amazon.com/dp/B00A6G37SU?tag=eloabder-20&linkCode=osi&th=1&psc=1"><img src="https://m.media-amazon.com/images/I/51xo0LB-SpL._SL500_.jpg" alt="Product Image"></a><p>BISSELL PowerFresh Steam Mop Pads (Pack of 2) with Fragrance discs (4 ct), 5938</p><p>$21.26 ($10.63 / Count)</p><a href="https://www.amazon.com/dp/B00A6G37SU?tag=eloabder-20&linkCode=osi&th=1&psc=1">View Product</a></div>
<div class="product"><a href="https://www.amazon.com/dp/B0D2QFVY7H?tag=eloabder-20&linkCode=osi&th=1&psc=1"><img src="https://m.media-amazon.com/images/I/417B7H+vvML._SL500_.jpg" alt="Product Image"></a><p>Kenmore KS1010 Deep Clean & Revitalize Pet Carpet Cleaner Formula, 64 oz, White, 64 Fl Oz</p><p>$22.73 ($0.36 / Fl Oz)</p><a href="https://www.amazon.com/dp/B0D2QFVY7H?tag=eloabder-20&linkCode=osi&th=1&psc=1">View Product</a></div><div class="product"><a href="https://www.amazon.com/dp/B0BNK8ZJJ1?tag=eloabder-20&linkCode=osi&th=1&psc=1"><img src="https://m.media-amazon.com/images/I/51z0Pc4xcNL._SL500_.jpg" alt="Product Image"></a><p>Bissell Spotlifter Pet Carpet and Upholstery Cleaner with Brush Head - 4 Pack, 93523</p><p>$23.88 ($0.50 / Fl Oz)</p><a href="https://www.amazon.com/dp/B0BNK8ZJJ1?tag=eloabder-20&linkCode=osi&th=1&psc=1">View Product</a></div><div class="product"><a href="https://www.amazon.com/dp/B0CX245D26?tag=eloabder-20&linkCode=osi&th=1&psc=1"><img src="https://m.media-amazon.com/images/I/411CSXvvO1L._SL500_.jpg" alt="Product Image"></a><p>BISSELLÂ® Spot & Stain with Febreze + Gain Original Scent Formula for Little Green Devices, Portable Carpet Cleaners (3968)</p><p>$12.99 ($0.41 / Fl Oz)</p><a href="https://www.amazon.com/dp/B0CX245D26?tag=eloabder-20&linkCode=osi&th=1&psc=1">View Product</a></div><div class="product"><a href="https://www.amazon.com/dp/B083VZW4R5?tag=eloabder-20&linkCode=osi&th=1&psc=1"><img src="https://m.media-amazon.com/images/I/413BULPLmBL._SL500_.jpg" alt="Product Image"></a><p>BISSELL Multi-Surface Pet Formula with Febreze Freshness for Crosswave (80 oz), 2295L</p><p>$22.99 ($0.29 / Fl Oz)</p><a href="https://www.amazon.com/dp/B083VZW4R5?tag=eloabder-20&linkCode=osi&th=1&psc=1">View Product</a></div><div class="product"><a href="https://www.amazon.com/dp/B0D2RGW219?tag=eloabder-20&linkCode=osi&th=1&psc=1"><img src="https://m.media-amazon.com/images/I/41gD+82tnAL._SL500_.jpg" alt="Product Image"></a><p>Vacmaster Clean & Restore Carpet Cleaner Formula â€“ CCS03</p><p>$19.99 ($0.31 / Fl Oz)</p><a href="https://www.amazon.com/dp/B0D2RGW219?tag=eloabder-20&linkCode=osi&th=1&psc=1">View Product</a></div>






<div class="product"><a href="https://www.amazon.com/dp/B0BY64HQTP?tag=eloabder-20&linkCode=osi&th=1&psc=1"><img src="https://m.media-amazon.com/images/I/41hUxHuASYL._SL500_.jpg" alt="Product Image"></a><p>Air Conditioning Motor WZDK13-38G-1(RD-310-13-8) DC Brushless Fan Motor, 13W Inverter air Conditioner Motor DC Motor for Central air Conditioner</p><p>$39.95</p><a href="https://www.amazon.com/dp/B0BY64HQTP?tag=eloabder-20&linkCode=osi&th=1&psc=1">View Product</a></div><div class="product"><a href="https://www.amazon.com/dp/B0CM5YB884?tag=eloabder-20&linkCode=osi&th=1&psc=1"><img src="https://m.media-amazon.com/images/I/310lQ2tAvLL._SL500_.jpg" alt="Product Image"></a><p>Sparkfix OEM WZDK20-38G (ZKFP-20-8-6) Air Conditioner Replacement Motors DC280V 20W Air Conditioning Fan Motor Inverter Air Conditioner Brushless DC Motor 1300RPM CCW</p><p>$42.79</p><a href="https://www.amazon.com/dp/B0CM5YB884?tag=eloabder-20&linkCode=osi&th=1&psc=1">View Product</a></div>













<div class="product"><a href="https://www.amazon.com/dp/B009PCI2JU?tag=eloabder-20&linkCode=osi&th=1&psc=1"><img src="https://m.media-amazon.com/images/I/310ZJurANUL._SL500_.jpg" alt="Product Image"></a><p>GE RPWFE Refrigerator Water Filter | Certified to Reduce Lead, Sulfur, and 50+ Other Impurities | Replace Every 6 Months for Best Results | Pack of 1</p><p>$49.98</p><a href="https://www.amazon.com/dp/B009PCI2JU?tag=eloabder-20&linkCode=osi&th=1&psc=1">View Product</a></div><div class="product"><a href="https://www.amazon.com/dp/B0882ZJ48W?tag=eloabder-20&linkCode=osi&th=1&psc=1"><img src="https://m.media-amazon.com/images/I/41110o9sUoL._SL500_.jpg" alt="Product Image"></a><p>GE XWFE Refrigerator Water Filter | Certified to Reduce Lead, Sulfur, and 50+ Other Impurities | Replace Every 6 Months for Best Results | Pack of 1, White</p><p>$49.00</p><a href="https://www.amazon.com/dp/B0882ZJ48W?tag=eloabder-20&linkCode=osi&th=1&psc=1">View Product</a></div><div class="product"><a href="https://www.amazon.com/dp/B074HLRXMP?tag=eloabder-20&linkCode=osi&th=1&psc=1"><img src="https://m.media-amazon.com/images/I/21oDpGCQXiL._SL500_.jpg" alt="Product Image"></a><p>LG LT1000P - 6 Month / 200 Gallon Capacity Replacement Refrigerator Water Filter (NSF42, NSF53, and NSF401) ADQ74793501, ADQ75795105, or AGF80300704 , White</p><p>$47.00</p><a href="https://www.amazon.com/dp/B074HLRXMP?tag=eloabder-20&linkCode=osi&th=1&psc=1">View Product</a></div><div class="product"><a href="https://www.amazon.com/dp/B01BKWSHHE?tag=eloabder-20&linkCode=osi&th=1&psc=1"><img src="https://m.media-amazon.com/images/I/31E2+zlkvjL._SL500_.jpg" alt="Product Image"></a><p>Frigidaire EPTWFU01 Water Filtration Filter, 1 Count, White</p><p>$42.99</p><a href="https://www.amazon.com/dp/B01BKWSHHE?tag=eloabder-20&linkCode=osi&th=1&psc=1">View Product</a></div><div class="product"><a href="https://www.amazon.com/dp/B08V6JB9R7?tag=eloabder-20&linkCode=osi&th=1&psc=1"><img src="https://m.media-amazon.com/images/I/31PRPEffCZL._SL500_.jpg" alt="Product Image"></a><p>Frigidaire FPPWFU01 PurePour PWF-1 Water Filter 1 Count (Pack of 1)</p><p>$45.81</p><a href="https://www.amazon.com/dp/B08V6JB9R7?tag=eloabder-20&linkCode=osi&th=1&psc=1">View Product</a></div><div class="product"><a href="https://www.amazon.com/dp/B000AST3AK?tag=eloabder-20&linkCode=osi&th=1&psc=1"><img src="https://m.media-amazon.com/images/I/41DUoSxpwTS._SL500_.jpg" alt="Product Image"></a><p>GE MWF Refrigerator Water Filter | Certified to Reduce Lead, Sulfur, and 50+ Other Impurities | Replace Every 6 Months for Best Results | Pack of 1</p><p>$39.98</p><a href="https://www.amazon.com/dp/B000AST3AK?tag=eloabder-20&linkCode=osi&th=1&psc=1">View Product</a></div><div class="product"><a href="https://www.amazon.com/dp/B0CFZR7K8D?tag=eloabder-20&linkCode=osi&th=1&psc=1"><img src="https://m.media-amazon.com/images/I/31WM5sdhKLL._SL500_.jpg" alt="Product Image"></a><p>HMASAV W10295370A water filter replacement, Compatible with EDR1RXD1,EDR1RXD1B,W10295370,Filter 1,WHR1RXD1,KAD1RXD1,P4RFWB,P8RFWB2L,46-9930,46-9081 2PACK</p><p>$29.99 ($15.00 / Count)</p><a href="https://www.amazon.com/dp/B0CFZR7K8D?tag=eloabder-20&linkCode=osi&th=1&psc=1">View Product</a></div><div class="product"><a href="https://www.amazon.com/dp/B07JM9TTTT?tag=eloabder-20&linkCode=osi&th=1&psc=1"><img src="https://m.media-amazon.com/images/I/41CfAtJ8TPL._SL500_.jpg" alt="Product Image"></a><p>GLACIER FRESH LT1000PC Replacement Water Filter, Compatible with LT1000PC/PCS, LT1000PC, LT-1000PC, MDJ64844601, ADQ747935 ADQ74793504 Filter and LT120F ADQ73334008 Fresh Air (3+3)</p><p>$39.99 ($13.33 / Count)</p><a href="https://www.amazon.com/dp/B07JM9TTTT?tag=eloabder-20&linkCode=osi&th=1&psc=1">View Product</a></div><div class="product"><a href="https://www.amazon.com/dp/B003N1ZSYG?tag=eloabder-20&linkCode=osi&th=1&psc=1"><img src="https://m.media-amazon.com/images/I/31Mbrkrxu1L._SL500_.jpg" alt="Product Image"></a><p>SAMSUNG Genuine Filter for Refrigerator Water and Ice, Carbon Block Filtration for Clean, Clear Drinking Water, 6-Month Life, HAF-CIN/EXP, 1 Pack</p><p>$39.99</p><a href="https://www.amazon.com/dp/B003N1ZSYG?tag=eloabder-20&linkCode=osi&th=1&psc=1">View Product</a></div>









<div class="product"><a href="https://www.amazon.com/dp/B0B2NZ47HN?tag=eloabder-20&linkCode=osi&th=1&psc=1"><img src="https://m.media-amazon.com/images/I/41nC6c2XxJL._SL500_.jpg" alt="Product Image"></a><p>OTE Portable Sparkling Water Maker Soda Maker Machine for home with 20PCS Cylinders 450ml Personal seltzer Carbonators Electroless Double Layer PET Bottle BPA Free Double Pressure Relief Valves -Pink</p><p>$49.99</p><a href="https://www.amazon.com/dp/B0B2NZ47HN?tag=eloabder-20&linkCode=osi&th=1&psc=1">View Product</a></div><div class="product"><a href="https://www.amazon.com/dp/B09DY54L7M?tag=eloabder-20&linkCode=osi&th=1&psc=1"><img src="https://m.media-amazon.com/images/I/31LSpnm3G8L._SL500_.jpg" alt="Product Image"></a><p>MOSOLAN Bottle Cleaning Brush, 17 Inches Extra Long Handle Water Bottle Brush, Flexible Bendable Cleaner for Washing Narrow Neck Bottles, Wine Decanter, Kombucha, Pipes, Beer Brewing Supplies, 2 Pack</p><p>$11.95 ($5.98 / Count)</p><a href="https://www.amazon.com/dp/B09DY54L7M?tag=eloabder-20&linkCode=osi&th=1&psc=1">View Product</a></div><div class="product"><a href="https://www.amazon.com/dp/B0736CBNDN?tag=eloabder-20&linkCode=osi&th=1&psc=1"><img src="https://m.media-amazon.com/images/I/41tWXmwP5KL._SL500_.jpg" alt="Product Image"></a><p>#2 Filter Pads (10 Pack Bulk) Compatible with Mini Jet Machine | #2 1.8-2.5 micron | 2 Micron Filtering pads. Filter Wine Beer, Kombucha, Mead Mash. Polishing filtration| Not a Buon Vino product.</p><p>$18.99</p><a href="https://www.amazon.com/dp/B0736CBNDN?tag=eloabder-20&linkCode=osi&th=1&psc=1">View Product</a></div>









<div class="product"><a href="https://www.amazon.com/dp/B07YGN577Y?tag=eloabder-20&linkCode=osi&th=1&psc=1"><img src="https://m.media-amazon.com/images/I/31kfZiyDMUL._SL500_.jpg" alt="Product Image"></a><p>9870163 Trash Power Nut WP9870163 L8</p><p>$50.36</p><a href="https://www.amazon.com/dp/B07YGN577Y?tag=eloabder-20&linkCode=osi&th=1&psc=1">View Product</a></div>

<div class="product"><a href="https://www.amazon.com/dp/B0CWQLM4C7?tag=eloabder-20&linkCode=osi&th=1&psc=1"><img src="https://m.media-amazon.com/images/I/41gTEIOjtlL._SL500_.jpg" alt="Product Image"></a><p>7" Seven Seconds Lazy Kitchen Food Making Tools - Multifunctional Fruit Vegetable Chopper Quick Garlic Peeling Machine Convenient Food Chopper for Slicing,Juice,Grinding</p><p>$32.99</p><a href="https://www.amazon.com/dp/B0CWQLM4C7?tag=eloabder-20&linkCode=osi&th=1&psc=1">View Product</a></div>







<div class="product"><a href="https://www.amazon.com/dp/B0CNKFM9WR?tag=eloabder-20&linkCode=osi&th=1&psc=1"><img src="https://m.media-amazon.com/images/I/31sGGIDic9L._SL500_.jpg" alt="Product Image"></a><p>hobbyme Pack of 4 Plastic Coffee Scoops with Brush & Espresso Grinder Brush for Ground Coffee Cleaning Tea Power Coffee Grinder Spoon</p><p>$6.49</p><a href="https://www.amazon.com/dp/B0CNKFM9WR?tag=eloabder-20&linkCode=osi&th=1&psc=1">View Product</a></div>





<div class="product"><a href="https://www.amazon.com/dp/B07798328B?tag=eloabder-20&linkCode=osi&th=1&psc=1"><img src="https://m.media-amazon.com/images/I/31Vpin+sgUS._SL500_.jpg" alt="Product Image"></a><p>Prime-Line MP10513 Standard Plastic Ice Cube Trays (5 Pack)</p><p>$12.69</p><a href="https://www.amazon.com/dp/B07798328B?tag=eloabder-20&linkCode=osi&th=1&psc=1">View Product</a></div><div class="product"><a href="https://www.amazon.com/dp/B077965JDB?tag=eloabder-20&linkCode=osi&th=1&psc=1"><img src="https://m.media-amazon.com/images/I/31H1hNlH6RL._SL500_.jpg" alt="Product Image"></a><p>Prime-Line MP10863 Standard Plastic Ice Cube Trays (2 Pack)</p><p>$9.69</p><a href="https://www.amazon.com/dp/B077965JDB?tag=eloabder-20&linkCode=osi&th=1&psc=1">View Product</a></div>

<div class="product"><a href="https://www.amazon.com/dp/B08MPLY84K?tag=eloabder-20&linkCode=osi&th=1&psc=1"><img src="https://m.media-amazon.com/images/I/31kWTfzQJBL._SL500_.jpg" alt="Product Image"></a><p>Syntus Vacuum Sealer Bags, 6 Pack 3 Rolls 11" x 20' and 3 Rolls 8" x 20' Commercial Grade BPA Free Bag Rolls, Food Vac Bags for Storage, Meal Prep or Sous Vide</p><p>$19.99</p><a href="https://www.amazon.com/dp/B08MPLY84K?tag=eloabder-20&linkCode=osi&th=1&psc=1">View Product</a></div><div class="product"><a href="https://www.amazon.com/dp/B0C5BWRMQL?tag=eloabder-20&linkCode=osi&th=1&psc=1"><img src="https://m.media-amazon.com/images/I/41yPpkb6oeL._SL500_.jpg" alt="Product Image"></a><p>Bonsenkitchen Vacuum Sealer Rolls Bags, 6 Pack 3 Rolls 11" x 20' + 3 Rolls 8" x 20' Commercial Grade BPA Free Bag Rolls, Durable Customized Size Food Vac Bags for Storage and Sous Vide Cooking VB3211</p><p>$19.99 ($3.33 / Count)</p><a href="https://www.amazon.com/dp/B0C5BWRMQL?tag=eloabder-20&linkCode=osi&th=1&psc=1">View Product</a></div><div class="product"><a href="https://www.amazon.com/dp/B0C5C1JTC4?tag=eloabder-20&linkCode=osi&th=1&psc=1"><img src="https://m.media-amazon.com/images/I/31JpyYsm7YL._SL500_.jpg" alt="Product Image"></a><p>Bonsenkitchen Vacuum Food Sealer Bags 200 Quart 8" x 12", BPA Free, Commercial Grade Textured Food Vacuum Sealer Bag, Thick Embossed Bags for Food Storage and Sous Vide Cooking VB3208</p><p>$18.39 ($0.09 / Count)</p><a href="https://www.amazon.com/dp/B0C5C1JTC4?tag=eloabder-20&linkCode=osi&th=1&psc=1">View Product</a></div><div class="product"><a href="https://www.amazon.com/dp/B07TMZDGQ1?tag=eloabder-20&linkCode=osi&th=1&psc=1"><img src="https://m.media-amazon.com/images/I/31cRCu-JIsL._SL500_.jpg" alt="Product Image"></a><p>Wevac Vacuum Sealer Bags 11x50 Rolls 2 pack for Food Saver, Seal a Meal, Weston. Commercial Grade, BPA Free, Heavy Duty, Great for vac storage, Meal Prep or Sous Vide</p><p>$20.99 ($0.21 / Count)</p><a href="https://www.amazon.com/dp/B07TMZDGQ1?tag=eloabder-20&linkCode=osi&th=1&psc=1">View Product</a></div><div class="product"><a href="https://www.amazon.com/dp/B07TV4KRCL?tag=eloabder-20&linkCode=osi&th=1&psc=1"><img src="https://m.media-amazon.com/images/I/31uv3qtc9bL._SL500_.jpg" alt="Product Image"></a><p>Wevac Vacuum Sealer Bags 100 Gallon 11x16 Inch for Food Saver, Seal a Meal, Weston. Commercial Grade, BPA Free, Heavy Duty, Great for vac storage, Meal Prep and Sous Vide</p><p>$21.24</p><a href="https://www.amazon.com/dp/B07TV4KRCL?tag=eloabder-20&linkCode=osi&th=1&psc=1">View Product</a></div>












<div class="product"><a href="https://www.amazon.com/dp/B00UTFZAII?tag=eloabder-20&linkCode=osi&th=1&psc=1"><img src="https://m.media-amazon.com/images/I/31z7hZ6KbXL._SL500_.jpg" alt="Product Image"></a><p>Miele 10123210 AirClean 3D Efficiency Dust Bag, Type GN, 4 Bags & 2 Filters, White</p><p>$21.86 ($21.86 / Count)</p><a href="https://www.amazon.com/dp/B00UTFZAII?tag=eloabder-20&linkCode=osi&th=1&psc=1">View Product</a></div><div class="product"><a href="https://www.amazon.com/dp/B07WHG6J5S?tag=eloabder-20&linkCode=osi&th=1&psc=1"><img src="https://m.media-amazon.com/images/I/41hnaEOxB9L._SL500_.jpg" alt="Product Image"></a><p>KEEPOW Vacuum Filters for Eureka, Power Speed Vacuum Filters Replacement for Eureka NEU182A, NEU182B, NEU280, NEU180, NEU181, NEU188, NEU202 Bagless Upright Vacuum Cleaner, Part E0202 (4 Pack)</p><p>$9.99 ($2.50 / Count)</p><a href="https://www.amazon.com/dp/B07WHG6J5S?tag=eloabder-20&linkCode=osi&th=1&psc=1">View Product</a></div><div class="product"><a href="https://www.amazon.com/dp/B00UTFZB82?tag=eloabder-20&linkCode=osi&th=1&psc=1"><img src="https://m.media-amazon.com/images/I/41WdlL5T0dL._SL500_.jpg" alt="Product Image"></a><p>Miele AirClean 3D Efficiency Dust Bag, Type FJM, 4 Bags & 2 Filters, White</p><p>$18.99</p><a href="https://www.amazon.com/dp/B00UTFZB82?tag=eloabder-20&linkCode=osi&th=1&psc=1">View Product</a></div><div class="product"><a href="https://www.amazon.com/dp/B09NKP346M?tag=eloabder-20&linkCode=osi&th=1&psc=1"><img src="https://m.media-amazon.com/images/I/41o25nqkODL._SL500_.jpg" alt="Product Image"></a><p>Anewise 6 Pack Filter Replacement for Bissell Powerforce Compact Lightweight Upright 2112 1520 for Bissel Turbo Bagless 2690 Cleanview 3437 3508 Vacuum Cleaner, Compare to Parts #1604896/160-4896</p><p>$12.99</p><a href="https://www.amazon.com/dp/B09NKP346M?tag=eloabder-20&linkCode=osi&th=1&psc=1">View Product</a></div><div class="product"><a href="https://www.amazon.com/dp/B01MQ5NITB?tag=eloabder-20&linkCode=osi&th=1&psc=1"><img src="https://m.media-amazon.com/images/I/41J6lG4H1bL._SL500_.jpg" alt="Product Image"></a><p>Bissell Style 7 3 Pack Vacuum Cleaner Bags, White, 3 Count</p><p>$8.69 ($2.90 / Count)</p><a href="https://www.amazon.com/dp/B01MQ5NITB?tag=eloabder-20&linkCode=osi&th=1&psc=1">View Product</a></div><div class="product"><a href="https://www.amazon.com/dp/B0CDH1JY5D?tag=eloabder-20&linkCode=osi&th=1&psc=1"><img src="https://m.media-amazon.com/images/I/516DPXu4siL._SL500_.jpg" alt="Product Image"></a><p>4 Pack Replacement Filters Compatiable with Wyze Cordless Vacuum Cleaner, Removable and Washable HEPA Filter Accessories Part Set with 1 Cleaning Brush for Wyze Handheld Cordless Vacuum Cleaner</p><p>$15.99 ($4.00 / Count)</p><a href="https://www.amazon.com/dp/B0CDH1JY5D?tag=eloabder-20&linkCode=osi&th=1&psc=1">View Product</a></div><div class="product"><a href="https://www.amazon.com/dp/B07P3WB37F?tag=eloabder-20&linkCode=osi&th=1&psc=1"><img src="https://m.media-amazon.com/images/I/51WaYrkiVXL._SL500_.jpg" alt="Product Image"></a><p>Miele AirClean 3D Efficiency Dust Bag, Type GN, XL Value Pack, 8 Bags and 4 Filters</p><p>$36.99</p><a href="https://www.amazon.com/dp/B07P3WB37F?tag=eloabder-20&linkCode=osi&th=1&psc=1">View Product</a></div><div class="product"><a href="https://www.amazon.com/dp/B09DSY4Z2T?tag=eloabder-20&linkCode=osi&th=1&psc=1"><img src="https://m.media-amazon.com/images/I/51+ref3EeAL._SL500_.jpg" alt="Product Image"></a><p>Filter Replacement for Tineco A10 A11 Hero A10/A11 Master PURE ONE S11 Series, S12, X Cordless Vacuum Cleaner (3 PACK) â€¦</p><p>$12.99 ($4.33 / Count)</p><a href="https://www.amazon.com/dp/B09DSY4Z2T?tag=eloabder-20&linkCode=osi&th=1&psc=1">View Product</a></div>


<div class="product"><a href="https://www.amazon.com/dp/B0BXRR5QFV?tag=eloabder-20&linkCode=osi&th=1&psc=1"><img src="https://m.media-amazon.com/images/I/41sjdBkCp8L._SL500_.jpg" alt="Product Image"></a><p>AC Infinity CLOUDFORGE T7, Plant Humidifier 15L with VPD Humidity Controls, 10-Level Precision Vaporizer, Extendable Hose, Targeting Pipe, and No-Leak Seal for Grow Tents</p><p>$159.00</p><a href="https://www.amazon.com/dp/B0BXRR5QFV?tag=eloabder-20&linkCode=osi&th=1&psc=1">View Product</a></div><div class="product"><a href="https://www.amazon.com/dp/B01N6MV8SA?tag=eloabder-20&linkCode=osi&th=1&psc=1"><img src="https://m.media-amazon.com/images/I/41hX08+W1xL._SL500_.jpg" alt="Product Image"></a><p>Protec Humidifier Tank Cleaner, 1 Count - Colors May Vary</p><p>$5.98</p><a href="https://www.amazon.com/dp/B01N6MV8SA?tag=eloabder-20&linkCode=osi&th=1&psc=1">View Product</a></div><div class="product"><a href="https://www.amazon.com/dp/B07GXBTH82?tag=eloabder-20&linkCode=osi&th=1&psc=1"><img src="https://m.media-amazon.com/images/I/41ibxK12JPL._SL500_.jpg" alt="Product Image"></a><p>Essick Air 1970-2 Humidifier, 2-Quart Bacteriostatic Treatment, 2 Pack, Clear, 2</p><p>$22.99</p><a href="https://www.amazon.com/dp/B07GXBTH82?tag=eloabder-20&linkCode=osi&th=1&psc=1">View Product</a></div><div class="product"><a href="https://www.amazon.com/dp/B08TTT3K9B?tag=eloabder-20&linkCode=osi&th=1&psc=1"><img src="https://m.media-amazon.com/images/I/41U6j9SexmL._SL500_.jpg" alt="Product Image"></a><p>Leemone Humidifier Cleaner 12 Pack, Demineralization Cleaning Ball, Works in All humidifiers and Fish Tanks, Purifies Water, Prevents Hard Water Build-Up, Eliminates White Dust and Odor</p><p>$14.44</p><a href="https://www.amazon.com/dp/B08TTT3K9B?tag=eloabder-20&linkCode=osi&th=1&psc=1">View Product</a></div>
<div class="product"><a href="https://www.amazon.com/dp/B07YD4XCT3?tag=eloabder-20&linkCode=osi&th=1&psc=1"><img src="https://m.media-amazon.com/images/I/41hR81iKyJL._SL500_.jpg" alt="Product Image"></a><p>Vacplus Moisture Absorber Packets, Fragrance Free(10 Pack), Humidity Packs, Hanging Closet Dehumidifier Bags, Desiccant 9.8OZ</p><p>$21.99</p><a href="https://www.amazon.com/dp/B07YD4XCT3?tag=eloabder-20&linkCode=osi&th=1&psc=1">View Product</a></div><div class="product"><a href="https://www.amazon.com/dp/B09LQF5V5K?tag=eloabder-20&linkCode=osi&th=1&psc=1"><img src="https://m.media-amazon.com/images/I/51Cx5ECAotL._SL500_.jpg" alt="Product Image"></a><p>CLEVAST Moisture Absorbers Packets 10 Pack, Dehumidifier Bags for Closet, Unscented Hanging Humidity Absorber in Wardrobes, Bedrooms, Bathrooms(230g/pack)</p><p>$16.98</p><a href="https://www.amazon.com/dp/B09LQF5V5K?tag=eloabder-20&linkCode=osi&th=1&psc=1">View Product</a></div><div class="product"><a href="https://www.amazon.com/dp/B0B8L9QRW8?tag=eloabder-20&linkCode=osi&th=1&psc=1"><img src="https://m.media-amazon.com/images/I/518LgtpPi8L._SL500_.jpg" alt="Product Image"></a><p>Arm & Hammer Essentials Disposable Moisture Absorber and Odor Eliminator Tub, Fragrance Free, 1 lb, 3-Pack, Attracts and Traps Excess Moisture, Ideal Closet Dehumidifier, White</p><p>$24.94 ($0.52 / Ounce)</p><a href="https://www.amazon.com/dp/B0B8L9QRW8?tag=eloabder-20&linkCode=osi&th=1&psc=1">View Product</a></div><div class="product"><a href="https://www.amazon.com/dp/B09W9TPJGZ?tag=eloabder-20&linkCode=osi&th=1&psc=1"><img src="https://m.media-amazon.com/images/I/51pVTVMwHbL._SL500_.jpg" alt="Product Image"></a><p>THECOSKY Dehumidifier and Air Purifier Combo,HEPA H13 Filter and Negative Air Ion Function,54oz(1.6L) Water Tank with Drain Hose,24hrs Auto-Off Timer,Idea for Bedroom,Bathroom,Closet,RV</p><p>$109.99</p><a href="https://www.amazon.com/dp/B09W9TPJGZ?tag=eloabder-20&linkCode=osi&th=1&psc=1">View Product</a></div><div class="product"><a href="https://www.amazon.com/dp/B0CXDG65LZ?tag=eloabder-20&linkCode=osi&th=1&psc=1"><img src="https://m.media-amazon.com/images/I/41HNflmbKHL._SL500_.jpg" alt="Product Image"></a><p>14 x 17.5 x1.75 MERV 13 Replacement Dehumidifier Filter Compatible with Santa Fe Advance90, Advance100, Advance120, Honeywell DR90 & DR120 dehumidifier models, 2 Pack</p><p>$42.99</p><a href="https://www.amazon.com/dp/B0CXDG65LZ?tag=eloabder-20&linkCode=osi&th=1&psc=1">View Product</a></div>
<div class="product"><a href="https://www.amazon.com/dp/B088B921NQ?tag=eloabder-20&linkCode=osi&th=1&psc=1"><img src="https://m.media-amazon.com/images/I/612e4cT3RYL._SL500_.jpg" alt="Product Image"></a><p>ULTTY H13 HEPA Replacement Filter with Medical Coating, True HEPA Filter For R021/ R020 Purifying Fan, Medium</p><p>$29.99</p><a href="https://www.amazon.com/dp/B088B921NQ?tag=eloabder-20&linkCode=osi&th=1&psc=1">View Product</a></div><div class="product"><a href="https://www.amazon.com/dp/B0D2MZ4Y7Z?tag=eloabder-20&linkCode=osi&th=1&psc=1"><img src="https://m.media-amazon.com/images/I/51KgTHizWyL._SL500_.jpg" alt="Product Image"></a><p>Butto 5-Pack Ceiling Fan Filters for Blades - Strong Adhesive Ceiling Fan Filters for Common Household Contaminants - Unscented Coconut Carbon Fan Air Purifier Pads to Make Air Fresh and Natural</p><p>$9.98</p><a href="https://www.amazon.com/dp/B0D2MZ4Y7Z?tag=eloabder-20&linkCode=osi&th=1&psc=1">View Product</a></div><div class="product"><a href="https://www.amazon.com/dp/B0C42HCM21?tag=eloabder-20&linkCode=osi&th=1&psc=1"><img src="https://m.media-amazon.com/images/I/31jk3lpoygL._SL500_.jpg" alt="Product Image"></a><p>Barnakl Ceiling Fan Filters | Activated Coconut Shell Carbon Filter | Easy-Stick Universal Ceiling Fan Air Filters | Unscented Ceiling Fan Blade Filters for Common Household Contaminants, (3-Count)</p><p>$19.99 ($6.66 / Count)</p><a href="https://www.amazon.com/dp/B0C42HCM21?tag=eloabder-20&linkCode=osi&th=1&psc=1">View Product</a></div>
<div class="product"><a href="https://www.amazon.com/dp/B08LZWP29P?tag=eloabder-20&linkCode=osi&th=1&psc=1"><img src="https://m.media-amazon.com/images/I/41NLuzzFW9L._SL500_.jpg" alt="Product Image"></a><p>Chromex Tankless Water Heater Descaling Solution | Highly Effective Descaler Restores Heating Efficiency, Quart, 32 fl oz (1)</p><p>$26.99</p><a href="https://www.amazon.com/dp/B08LZWP29P?tag=eloabder-20&linkCode=osi&th=1&psc=1">View Product</a></div>

<div class="product"><a href="https://www.amazon.com/dp/B005UO4OWQ?tag=eloabder-20&linkCode=osi&th=1&psc=1"><img src="https://m.media-amazon.com/images/I/41oQPKFofoL._SL500_.jpg" alt="Product Image"></a><p>Bissell 203-7458 Brushroll, Bg10/86T3, Black</p><p>$21.26 ($21.26 / Count)</p><a href="https://www.amazon.com/dp/B005UO4OWQ?tag=eloabder-20&linkCode=osi&th=1&psc=1">View Product</a></div>





















<div class="product"><a href="https://www.amazon.com/dp/B0014J7FUY?tag=eloabder-20&linkCode=osi&th=1&psc=1"><img src="https://m.media-amazon.com/images/I/31QrM+IPxOL._SL500_.jpg" alt="Product Image"></a><p>Urnex Grindz Professional Coffee Grinder Cleaning Tablets - 430 Grams - All Natural Food Safe Gluten Free - Cleans Burr and Casing - Help Extend Life of Your Grinder</p><p>$25.99 ($1.71 / Ounce)</p><a href="https://www.amazon.com/dp/B0014J7FUY?tag=eloabder-20&linkCode=osi&th=1&psc=1">View Product</a></div>



<div class="product"><a href="https://www.amazon.com/dp/B0CHW317SG?tag=eloabder-20&linkCode=osi&th=1&psc=1"><img src="https://m.media-amazon.com/images/I/41Qd5Iu3qBL._SL500_.jpg" alt="Product Image"></a><p>EUHOMY 55 Can Beverage Refrigerator cooler-Mini Fridge Glass Door for Beer Drinks Wines, Freestanding Beverage Fridge with Adjustable Shelves Blue LED for Home/Office/Dorm/Bar (1.3cu.ft)</p><p>$128.99</p><a href="https://www.amazon.com/dp/B0CHW317SG?tag=eloabder-20&linkCode=osi&th=1&psc=1">View Product</a></div>

<div class="product"><a href="https://www.amazon.com/dp/B099CN2MRK?tag=eloabder-20&linkCode=osi&th=1&psc=1"><img src="https://m.media-amazon.com/images/I/31CvUCIUX5L._SL500_.jpg" alt="Product Image"></a><p>Genuine PuroAir 240 Replacement Filter - Replacement HEPA Filter for PuroAir 240 Purifier - Captures up to 99% of Pollen, Smoke, Pollen, Dust and Common Household Pollutants</p><p>$48.00</p><a href="https://www.amazon.com/dp/B099CN2MRK?tag=eloabder-20&linkCode=osi&th=1&psc=1">View Product</a></div><div class="product"><a href="https://www.amazon.com/dp/B0055521W0?tag=eloabder-20&linkCode=osi&th=1&psc=1"><img src="https://m.media-amazon.com/images/I/41Hs7ixdyXL._SL500_.jpg" alt="Product Image"></a><p>GermGuardian Filter B HEPA Pure Genuine Air Purifier Replacement Filter, Removes 99.97% of Pollutants for AC4825, AC4300, AC4900, AC4825DLX, AC4850, CDAP4500, AP2200, Black/Yellow, FLT4825</p><p>$17.90 ($17.90 / Count)</p><a href="https://www.amazon.com/dp/B0055521W0?tag=eloabder-20&linkCode=osi&th=1&psc=1">View Product</a></div><div class="product"><a href="https://www.amazon.com/dp/B0BNMYKZPV?tag=eloabder-20&linkCode=osi&th=1&psc=1"><img src="https://m.media-amazon.com/images/I/41-K3mB6KkL._SL500_.jpg" alt="Product Image"></a><p>2 Pack True HEPA KILO Filter Compatible with Afloia KILO, KILOPLUS, KILOPRO, MIRO,MIRO PRO and MORENTO MR-Kilo, Kalo Air Purifier, 360Â° 3-Stage Filtration</p><p>$34.99 ($17.50 / Count)</p><a href="https://www.amazon.com/dp/B0BNMYKZPV?tag=eloabder-20&linkCode=osi&th=1&psc=1">View Product</a></div><div class="product"><a href="https://www.amazon.com/dp/B0D3M4Y9W7?tag=eloabder-20&linkCode=osi&th=1&psc=1"><img src="https://m.media-amazon.com/images/I/41tzW+mkZuL._SL500_.jpg" alt="Product Image"></a><p>Breshair 14 True HEPA Filter Replacement Compatible with PuroAir 240 Air Purifier, 3-in-1 Filtration System with Activated Carbon Filter, 2-Pack</p><p>$31.56 ($15.78 / Count)</p><a href="https://www.amazon.com/dp/B0D3M4Y9W7?tag=eloabder-20&linkCode=osi&th=1&psc=1">View Product</a></div><div class="product"><a href="https://www.amazon.com/dp/B0CB18MVX6?tag=eloabder-20&linkCode=osi&th=1&psc=1"><img src="https://m.media-amazon.com/images/I/519ZmmLOrzL._SL500_.jpg" alt="Product Image"></a><p>2 Pack 3-in-1 H13 True HEPA Replacement Filter Compatible with Pure Enrichment PureZone Air Purifier Part# PEAIRPLG</p><p>$23.99 ($12.00 / Count)</p><a href="https://www.amazon.com/dp/B0CB18MVX6?tag=eloabder-20&linkCode=osi&th=1&psc=1">View Product</a></div><div class="product"><a href="https://www.amazon.com/dp/B08JTZMRML?tag=eloabder-20&linkCode=osi&th=1&psc=1"><img src="https://m.media-amazon.com/images/I/51yx60sCjHL._SL500_.jpg" alt="Product Image"></a><p>6 Pack HPA300 HEPA Filter Replacement for Honeywell HPA300 Series Air Purifiers HPA300, HPA300VP, HPA304, HPA3300, Replace HRF-R3 (6 Ture HEPA R Replacement Filter + 8 Activated Carbon Pre-Filter)</p><p>$47.99 ($3.43 / Count)</p><a href="https://www.amazon.com/dp/B08JTZMRML?tag=eloabder-20&linkCode=osi&th=1&psc=1">View Product</a></div><div class="product"><a href="https://www.amazon.com/dp/B0CF1GLSYS?tag=eloabder-20&linkCode=osi&th=1&psc=1"><img src="https://m.media-amazon.com/images/I/41709EXRzXL._SL500_.jpg" alt="Product Image"></a><p>CHIVALZ 4 Pack HY4866 True HEPA Replacement Filters Compatible with MORENTO HY4866 Air Purifier, WESTHEY HY4866 Air Purifier and YIOU M1 Air Cleaner Purifier, Original Version</p><p>$39.99 ($10.00 / Count)</p><a href="https://www.amazon.com/dp/B0CF1GLSYS?tag=eloabder-20&linkCode=osi&th=1&psc=1">View Product</a></div>







<div class="product"><a href="https://www.amazon.com/dp/B0CYKMFKR9?tag=eloabder-20&linkCode=osi&th=1&psc=1"><img src="https://m.media-amazon.com/images/I/316zU-ozoxL._SL500_.jpg" alt="Product Image"></a><p>Air Purifier Replacement Filter for Space Heater Bladeless Fan</p><p>$29.99</p><a href="https://www.amazon.com/dp/B0CYKMFKR9?tag=eloabder-20&linkCode=osi&th=1&psc=1">View Product</a></div>
<div class="product"><a href="https://www.amazon.com/dp/B07MRH6VY7?tag=eloabder-20&linkCode=osi&th=1&psc=1"><img src="https://m.media-amazon.com/images/I/51g-nuN4A5L._SL500_.jpg" alt="Product Image"></a><p>Colorfullife Replacement Air Purifier Filter for Dyson Tower Purifier Pure Cool Link TP01, TP02, TP03, BP01, Compare to Part 968126-03ï¼Œ2 Pack</p><p>$26.99</p><a href="https://www.amazon.com/dp/B07MRH6VY7?tag=eloabder-20&linkCode=osi&th=1&psc=1">View Product</a></div><div class="product"><a href="https://www.amazon.com/dp/B07TX5SW7J?tag=eloabder-20&linkCode=osi&th=1&psc=1"><img src="https://m.media-amazon.com/images/I/512Kn+cPglL._SL500_.jpg" alt="Product Image"></a><p>TP01 HEPA Filter Replacement Compatible with Dyson Tower Purifier Pure Cool Link TP01, TP02, TP03, AM11, BP01 Models, Compare to Part # 968126-03 (Pack of 2)</p><p>$27.95 ($13.98 / Count)</p><a href="https://www.amazon.com/dp/B07TX5SW7J?tag=eloabder-20&linkCode=osi&th=1&psc=1">View Product</a></div><div class="product"><a href="https://www.amazon.com/dp/B0CC24GZGB?tag=eloabder-20&linkCode=osi&th=1&psc=1"><img src="https://m.media-amazon.com/images/I/41woNpZ9VgL._SL500_.jpg" alt="Product Image"></a><p>TP01 TP02 Filter Compatible with Dyson Pure Cool Link Purifying Tower Fan TP00 TP03 AM11 and Cool Me BP01 Personal Series, 360Â° Air Purifier Filter Replacement 968126-03, 1-Pack</p><p>$25.99</p><a href="https://www.amazon.com/dp/B0CC24GZGB?tag=eloabder-20&linkCode=osi&th=1&psc=1">View Product</a></div><div class="product"><a href="https://www.amazon.com/dp/B0CX23N2JJ?tag=eloabder-20&linkCode=osi&th=1&psc=1"><img src="https://m.media-amazon.com/images/I/3145hmd5j7L._SL500_.jpg" alt="Product Image"></a><p>Dreo Air Purifiers Replacement Filter, HEPA Filter for Dreo Purifier Tower Fan MC710S, with 2 Stage Filtration, Black, Standard(DR-HPA019)</p><p>$39.99</p><a href="https://www.amazon.com/dp/B0CX23N2JJ?tag=eloabder-20&linkCode=osi&th=1&psc=1">View Product</a></div>










<div class="product"><a href="https://www.amazon.com/dp/B001U0OJ7O?tag=eloabder-20&linkCode=osi&th=1&psc=1"><img src="https://m.media-amazon.com/images/I/41XEg3QV-wL._SL500_.jpg" alt="Product Image"></a><p>Whirlpool W10165294RB 15-Inch Plastic Trash Compactor ct, 60 Bags, Count</p><p>$48.34</p><a href="https://www.amazon.com/dp/B001U0OJ7O?tag=eloabder-20&linkCode=osi&th=1&psc=1">View Product</a></div><div class="product"><a href="https://www.amazon.com/dp/B0CC3V4ZZ4?tag=eloabder-20&linkCode=osi&th=1&psc=1"><img src="https://m.media-amazon.com/images/I/31bbvodHnjL._SL500_.jpg" alt="Product Image"></a><p>Waste Smasher- Hand-Held Manual Trash Compactor Dishwasher Safe Black</p><p>$24.95</p><a href="https://www.amazon.com/dp/B0CC3V4ZZ4?tag=eloabder-20&linkCode=osi&th=1&psc=1">View Product</a></div><div class="product"><a href="https://www.amazon.com/dp/B00IYO5914?tag=eloabder-20&linkCode=osi&th=1&psc=1"><img src="https://m.media-amazon.com/images/I/51SLpTXIYNL._SL500_.jpg" alt="Product Image"></a><p>Kitchen Master Super Strong Compactor Bags Pre Cuffed (12 Pack)</p><p>$34.95</p><a href="https://www.amazon.com/dp/B00IYO5914?tag=eloabder-20&linkCode=osi&th=1&psc=1">View Product</a></div><div class="product"><a href="https://www.amazon.com/dp/B075DJ4ZVQ?tag=eloabder-20&linkCode=osi&th=1&psc=1"><img src="https://m.media-amazon.com/images/I/51Vaek4I89L._SL500_.jpg" alt="Product Image"></a><p>Dano Pre-Cuffed Compactor Bags</p><p>$32.95 ($2.75 / Count)</p><a href="https://www.amazon.com/dp/B075DJ4ZVQ?tag=eloabder-20&linkCode=osi&th=1&psc=1">View Product</a></div><div class="product"><a href="https://www.amazon.com/dp/B0C2DCVCBJ?tag=eloabder-20&linkCode=osi&th=1&psc=1"><img src="https://m.media-amazon.com/images/I/51072CtaKuL._SL500_.jpg" alt="Product Image"></a><p>60-pack W10165294RB Trash Compactor Bags - leak-proof trash compactor bags for kitchen 60-ct 15 inches - Fits 15-inch Rectangular Drawer Compactors</p><p>$45.99 ($0.77 / Count)</p><a href="https://www.amazon.com/dp/B0C2DCVCBJ?tag=eloabder-20&linkCode=osi&th=1&psc=1">View Product</a></div><div class="product"><a href="https://www.amazon.com/dp/B001U0OJ7E?tag=eloabder-20&linkCode=osi&th=1&psc=1"><img src="https://m.media-amazon.com/images/I/41c0z26RyvL._SL500_.jpg" alt="Product Image"></a><p>Whirlpool W10165293RB Genuine OEM 60 Pack-Plastic Compactor Bags-18" Models â€“ 1394369, 4178058, 4318932, 4318933, 4318935, 4318937, 4318939, AH1964576, EA1964576, PS1964576</p><p>$48.64 ($0.81 / Count)</p><a href="https://www.amazon.com/dp/B001U0OJ7E?tag=eloabder-20&linkCode=osi&th=1&psc=1">View Product</a></div><div class="product"><a href="https://www.amazon.com/dp/B00W27J16S?tag=eloabder-20&linkCode=osi&th=1&psc=1"><img src="https://m.media-amazon.com/images/I/41RaOjAGlrL._SL500_.jpg" alt="Product Image"></a><p>Compactor Bags Pre Cuffed (50 Pack)</p><p>$84.95 ($1.70 / count)</p><a href="https://www.amazon.com/dp/B00W27J16S?tag=eloabder-20&linkCode=osi&th=1&psc=1">View Product</a></div><div class="product"><a href="https://www.amazon.com/dp/B00MOCYY2W?tag=eloabder-20&linkCode=osi&th=1&psc=1"><img src="https://m.media-amazon.com/images/I/41SH8mDsAnL._SL500_.jpg" alt="Product Image"></a><p>GE WX60X1 Genuine OEM Universal Trash Compactor Bags for GE Trash Compactors</p><p>$19.00</p><a href="https://www.amazon.com/dp/B00MOCYY2W?tag=eloabder-20&linkCode=osi&th=1&psc=1">View Product</a></div><div class="product"><a href="https://www.amazon.com/dp/B0D7SFSTNG?tag=eloabder-20&linkCode=osi&th=1&psc=1"><img src="https://m.media-amazon.com/images/I/41szt9tZJPL._SL500_.jpg" alt="Product Image"></a><p>4PCS Trash Compactor Charcoal Air Filter Fit for Whirlpool/KitchenAid/Maytag/Jenn-Air/Amana/Inglis/Magic Chef Trash Compactor, Replaces 4151750 554358 WP4151750 AP6009134 PS11742279</p><p>$23.59 ($5.90 / Count)</p><a href="https://www.amazon.com/dp/B0D7SFSTNG?tag=eloabder-20&linkCode=osi&th=1&psc=1">View Product</a></div>
<div class="product"><a href="https://www.amazon.com/dp/B0CGLX5ZB9?tag=eloabder-20&linkCode=osi&th=1&psc=1"><img src="https://m.media-amazon.com/images/I/51qeRZQS98L._SL500_.jpg" alt="Product Image"></a><p>Spare Replacement Parts Compatible with MAMNV BR150 BR151, ZCWA BR150 BR151, MANVINS G20 Robot Vacuum and Mop Combo Accessories Include: 3 Hepa Filters 3 Mop Pads 6 Side Spin Brushes</p><p>$9.98</p><a href="https://www.amazon.com/dp/B0CGLX5ZB9?tag=eloabder-20&linkCode=osi&th=1&psc=1">View Product</a></div><div class="product"><a href="https://www.amazon.com/dp/B0B28DGZBG?tag=eloabder-20&linkCode=osi&th=1&psc=1"><img src="https://m.media-amazon.com/images/I/51ooMN4RqML._SL500_.jpg" alt="Product Image"></a><p>Replacement Parts for Shark AI AV2511AE AV2501S AV2610WA AV2501AE RV2502AE RV2610WA RV2520 AV2510 2-In-1 AI Ultra Robot Vacuum Cleaner Accessories Kits. Main Brush, HEPA Filter, Foam Filter,Side Brush</p><p>$19.99 ($1.05 / Count)</p><a href="https://www.amazon.com/dp/B0B28DGZBG?tag=eloabder-20&linkCode=osi&th=1&psc=1">View Product</a></div><div class="product"><a href="https://www.amazon.com/dp/B0782T7L6P?tag=eloabder-20&linkCode=osi&th=1&psc=1"><img src="https://m.media-amazon.com/images/I/41hTVkuzMJL._SL500_.jpg" alt="Product Image"></a><p>10pcs HEPA Filters Replacement for ILIFE V3s V3s pro V5 V5s V5s Pro V5s Pro 2 V5s Plus Noisz S5 Robotic Vacuum Cleaner ILIFE V3s pro Filters ILIFE Robot Vacuum Filter</p><p>$9.80 ($0.98 / Count)</p><a href="https://www.amazon.com/dp/B0782T7L6P?tag=eloabder-20&linkCode=osi&th=1&psc=1">View Product</a></div><div class="product"><a href="https://www.amazon.com/dp/B0CXLVHTTC?tag=eloabder-20&linkCode=osi&th=1&psc=1"><img src="https://m.media-amazon.com/images/I/51BT3phYzKL._SL500_.jpg" alt="Product Image"></a><p>HUIZHEN Spare Accessories for MAMNV BR150/BR151, for ZCWA BR150/BR151, for MANVINS G20,for GTTVO BR150/BR151,for ONSON BR150/BR151 Robot Vacuum Replacement Parts,6 Side Brush,4 HEPA Filters,4 Mop Pads</p><p>$9.99</p><a href="https://www.amazon.com/dp/B0CXLVHTTC?tag=eloabder-20&linkCode=osi&th=1&psc=1">View Product</a></div><div class="product"><a href="https://www.amazon.com/dp/B08RYDDQL8?tag=eloabder-20&linkCode=osi&th=1&psc=1"><img src="https://m.media-amazon.com/images/I/314Xd7+oBXL._SL500_.jpg" alt="Product Image"></a><p>AirClean 4 Pack 3.7" High Replacement Base Pre-Motor Foam Filters Compatible with Shark IQ Robot Vacuum R101AE RV1001AE UR1005AE Self-Empty Base</p><p>$12.99 ($3.25 / Count)</p><a href="https://www.amazon.com/dp/B08RYDDQL8?tag=eloabder-20&linkCode=osi&th=1&psc=1">View Product</a></div><div class="product"><a href="https://www.amazon.com/dp/B0CJLHJ557?tag=eloabder-20&linkCode=osi&th=1&psc=1"><img src="https://m.media-amazon.com/images/I/41iQm8hUjiL._SL500_.jpg" alt="Product Image"></a><p>Replacement Parts Compatible with WYZE Robot Vacuum Cleaner WVCR200S Accessories, 2 Main Brushes, 6 Hepa Filters, 8 Side Brushes Attachment Spare Pack</p><p>$14.99 ($0.94 / Count)</p><a href="https://www.amazon.com/dp/B0CJLHJ557?tag=eloabder-20&linkCode=osi&th=1&psc=1">View Product</a></div>
<div class="product"><a href="https://www.amazon.com/dp/B0C4595Q8P?tag=eloabder-20&linkCode=osi&th=1&psc=1"><img src="https://m.media-amazon.com/images/I/51k23SAtRxL._SL500_.jpg" alt="Product Image"></a><p>4 Pack FSV001 HEPA Filter Compatiable with Fabuletta FSV101, FSV001, Girnoor G160&G165, Afoddon A300, Lubluelu 202, Oraimo Cordless Vacuum Cleaner, Besswin W26 Cordless Stick Vacuum Cleaners</p><p>$15.99 ($4.00 / Count)</p><a href="https://www.amazon.com/dp/B0C4595Q8P?tag=eloabder-20&linkCode=osi&th=1&psc=1">View Product</a></div>
<div class="product"><a href="https://www.amazon.com/dp/B0BNKJX96X?tag=eloabder-20&linkCode=osi&th=1&psc=1"><img src="https://m.media-amazon.com/images/I/41OPeLFppoL._SL500_.jpg" alt="Product Image"></a><p>6 PACK 2033 Replacement Filter Compatible with Bissell Featherweight Stick Lightweight Bagless Vacuum Cleaner 20331, 20333, 20334, 20336, 20339, 2033M,6 Mesh Filter 6 Foam Filters, Replace # 1611508</p><p>$14.99 ($2.50 / Count)</p><a href="https://www.amazon.com/dp/B0BNKJX96X?tag=eloabder-20&linkCode=osi&th=1&psc=1">View Product</a></div><div class="product"><a href="https://www.amazon.com/dp/B0CMBWLTSM?tag=eloabder-20&linkCode=osi&th=1&psc=1"><img src="https://m.media-amazon.com/images/I/41PHqKaLTDL._SL500_.jpg" alt="Product Image"></a><p>18V ONE + Cordless Pet Stick Vacuum Filter for Ryobi, PCL720, PBLSV716, PBLSV717 Stick Vacuum, Reusable Washable Filters, Compare to Part A32SV720N, 6 Pack</p><p>$15.99 ($2.66 / Count)</p><a href="https://www.amazon.com/dp/B0CMBWLTSM?tag=eloabder-20&linkCode=osi&th=1&psc=1">View Product</a></div><div class="product"><a href="https://www.amazon.com/dp/B0CXDYWWT9?tag=eloabder-20&linkCode=osi&th=1&psc=1"><img src="https://m.media-amazon.com/images/I/41F1csTT8jL._SL500_.jpg" alt="Product Image"></a><p>2 Replacement Filters for Craftsman V20 Cordless Stick Vacuum CMCVS001D1, for Black Decker BSVF1 BSV2020 BSV2020G BSV2020P Cordless Stick Vacuum Cleaner with 1 Cleaning Brush</p><p>$14.99</p><a href="https://www.amazon.com/dp/B0CXDYWWT9?tag=eloabder-20&linkCode=osi&th=1&psc=1">View Product</a></div><div class="product"><a href="https://www.amazon.com/dp/B0CCJ5N5DH?tag=eloabder-20&linkCode=osi&th=1&psc=1"><img src="https://m.media-amazon.com/images/I/41xmhDPqk8L._SL500_.jpg" alt="Product Image"></a><p>Aolleteau 1 Pack Brush Roller Compatible with Black + Decker BSV2020, BSV2020P, BSV2020G Powerseries Extreme Cordless Stick Vacuum and Compatible with Craftsman V20 Cordless Stick Vacuum CMCVS001D1</p><p>$17.99</p><a href="https://www.amazon.com/dp/B0CCJ5N5DH?tag=eloabder-20&linkCode=osi&th=1&psc=1">View Product</a></div><div class="product"><a href="https://www.amazon.com/dp/B0CQY61LFD?tag=eloabder-20&linkCode=osi&th=1&psc=1"><img src="https://m.media-amazon.com/images/I/31swBBC444L._SL500_.jpg" alt="Product Image"></a><p>Tablenco for Shark HZ602 Filter Replacement Ultralight Pet Pro Corded Stick Vacuum and HZ2002 Vertex DuoClean PowerFins fit HZ2000 HZ251 HZ250 HH200 HH202,4 Foam Felt 4 Motor Kit (No cleaning brush)</p><p>$9.98</p><a href="https://www.amazon.com/dp/B0CQY61LFD?tag=eloabder-20&linkCode=osi&th=1&psc=1">View Product</a></div><div class="product"><a href="https://www.amazon.com/dp/B09Q55KW8W?tag=eloabder-20&linkCode=osi&th=1&psc=1"><img src="https://m.media-amazon.com/images/I/51MKsJy6nSL._SL500_.jpg" alt="Product Image"></a><p>Anicell 2033 Featherweight Filter for Bissell Featherweight Stick Lightweight Bagless Vacuum 20331 20333 20334 20336 20339 2033M, 4 Mesh Filters 6 Foam Filters Replacement, Replace part# 1611508</p><p>$11.99</p><a href="https://www.amazon.com/dp/B09Q55KW8W?tag=eloabder-20&linkCode=osi&th=1&psc=1">View Product</a></div><div class="product"><a href="https://www.amazon.com/dp/B0CDVG7LHD?tag=eloabder-20&linkCode=osi&th=1&psc=1"><img src="https://m.media-amazon.com/images/I/41hjN1Te6sL._SL500_.jpg" alt="Product Image"></a><p>Moreffi 3 Pack Filter Replacement For HART Cordless Stick Vacuum HPSV01 and HPSV50, Compare to Part Number HASV01</p><p>$19.99 ($6.66 / Count)</p><a href="https://www.amazon.com/dp/B0CDVG7LHD?tag=eloabder-20&linkCode=osi&th=1&psc=1">View Product</a></div>
<div class="product"><a href="https://www.amazon.com/dp/B07DQ9TZC8?tag=eloabder-20&linkCode=osi&th=1&psc=1"><img src="https://m.media-amazon.com/images/I/41PHyZ20FuL._SL500_.jpg" alt="Product Image"></a><p>Kenmore 53294 Style O HEPA Cloth Vacuum Bags for Kenmore Upright Vacuum Cleaners 6 Pack,White</p><p>$20.99 ($3.50 / Count)</p><a href="https://www.amazon.com/dp/B07DQ9TZC8?tag=eloabder-20&linkCode=osi&th=1&psc=1">View Product</a></div><div class="product"><a href="https://www.amazon.com/dp/B08MXVTTT2?tag=eloabder-20&linkCode=osi&th=1&psc=1"><img src="https://m.media-amazon.com/images/I/41T6wRpIMzL._SL500_.jpg" alt="Product Image"></a><p>Kenmore IB600 HEPA Replacement Intuition Upright Vacuum Cleaner Bags for BU4022, BU4020, BU4018, BU4050, BU3040,White</p><p>$18.75</p><a href="https://www.amazon.com/dp/B08MXVTTT2?tag=eloabder-20&linkCode=osi&th=1&psc=1">View Product</a></div><div class="product"><a href="https://www.amazon.com/dp/B01010JVYO?tag=eloabder-20&linkCode=osi&th=1&psc=1"><img src="https://m.media-amazon.com/images/I/51Anluh47GL._SL500_.jpg" alt="Product Image"></a><p>EnviroCare Replacement Micro Filtration Vacuum Cleaner Dust Bags Designed to fit Hoover Windtunnel Upright Type Y 9 pack</p><p>$9.89 ($1.10 / Count)</p><a href="https://www.amazon.com/dp/B01010JVYO?tag=eloabder-20&linkCode=osi&th=1&psc=1">View Product</a></div><div class="product"><a href="https://www.amazon.com/dp/B0D5CP3WBY?tag=eloabder-20&linkCode=osi&th=1&psc=1"><img src="https://m.media-amazon.com/images/I/31MaGmsVOwL._SL500_.jpg" alt="Product Image"></a><p>Bagless Upright Kenmore Vacuum HEPA Filters, Compatible with Foam Filters, Felt Filters and Upright vacuum cleaner for Models K4010,DU2015,DU2012(includes 1 Hepa Filters,2 Foam and 2 Felt Filters)</p><p>$12.99</p><a href="https://www.amazon.com/dp/B0D5CP3WBY?tag=eloabder-20&linkCode=osi&th=1&psc=1">View Product</a></div><div class="product"><a href="https://www.amazon.com/dp/B0CBFV28WX?tag=eloabder-20&linkCode=osi&th=1&psc=1"><img src="https://m.media-amazon.com/images/I/51LIYI0wXSL._SL500_.jpg" alt="Product Image"></a><p>16 Packs Vacuum Bags for Oreck Type CC, Compatible with All Oreck XL Upright Vacuum Cleaner - Replaces Part # CCPK8DW</p><p>$21.99 ($1.37 / Count)</p><a href="https://www.amazon.com/dp/B0CBFV28WX?tag=eloabder-20&linkCode=osi&th=1&psc=1">View Product</a></div><div class="product"><a href="https://www.amazon.com/dp/B00F9GQMHA?tag=eloabder-20&linkCode=osi&th=1&psc=1"><img src="https://m.media-amazon.com/images/I/51lhelurelL._SL500_.jpg" alt="Product Image"></a><p>EnviroCare Replacement Premium Vacuum Cleaner Dust Bags made to fit Eureka F&G Uprights 9 bags</p><p>$11.09</p><a href="https://www.amazon.com/dp/B00F9GQMHA?tag=eloabder-20&linkCode=osi&th=1&psc=1">View Product</a></div><div class="product"><a href="https://www.amazon.com/dp/B002CI8G1I?tag=eloabder-20&linkCode=osi&th=1&psc=1"><img src="https://m.media-amazon.com/images/I/51PYQrQpbSL._SL500_.jpg" alt="Product Image"></a><p>EnviroCare Replacement Micro Filtration Vacuum Cleaner Dust Bags made to fit Kenmore Upright Type U/L/O 50688 and 50690, Panasonic Type U-2, Miele Type Z. 9 pack</p><p>$9.99</p><a href="https://www.amazon.com/dp/B002CI8G1I?tag=eloabder-20&linkCode=osi&th=1&psc=1">View Product</a></div>
<div class="product"><a href="https://www.amazon.com/dp/B07GNQJ67P?tag=eloabder-20&linkCode=osi&th=1&psc=1"><img src="https://m.media-amazon.com/images/I/41XHnKbgjAL._SL500_.jpg" alt="Product Image"></a><p>Kenmore 53292 Type Q HEPA Replacement Dust Bags for Canister Vacuum 81214, 81414, 81714, 21814, BC2005, BC3005, 81615, BC7005, 6 Count (Pack of 1)</p><p>$13.24 ($2.21 / Count)</p><a href="https://www.amazon.com/dp/B07GNQJ67P?tag=eloabder-20&linkCode=osi&th=1&psc=1">View Product</a></div><div class="product"><a href="https://www.amazon.com/dp/B01L0C0FVK?tag=eloabder-20&linkCode=osi&th=1&psc=1"><img src="https://m.media-amazon.com/images/I/51ZIjbo9NVL._SL500_.jpg" alt="Product Image"></a><p>Envirocare Replacement Vacuum Bags Compatible with Kenmore Canister Type C/Q. 5055, 50557 and 50558 Panasonic Type C-5 Vacuums,15 pack</p><p>$16.16</p><a href="https://www.amazon.com/dp/B01L0C0FVK?tag=eloabder-20&linkCode=osi&th=1&psc=1">View Product</a></div><div class="product"><a href="https://www.amazon.com/dp/B0BTRTP2PM?tag=eloabder-20&linkCode=osi&th=1&psc=1"><img src="https://m.media-amazon.com/images/I/41K295aRv9L._SL500_.jpg" alt="Product Image"></a><p>Vacuum Cleaner Bags Fit for Kenmore Canister Type C/Q 50555 50557 50558 and Type C-5, 10PCs</p><p>$15.99</p><a href="https://www.amazon.com/dp/B0BTRTP2PM?tag=eloabder-20&linkCode=osi&th=1&psc=1">View Product</a></div><div class="product"><a href="https://www.amazon.com/dp/B0CRQYGLZX?tag=eloabder-20&linkCode=osi&th=1&psc=1"><img src="https://m.media-amazon.com/images/I/413iXp+j3ML._SL500_.jpg" alt="Product Image"></a><p>15 Pack Canister Vacuum Cleaner Bags Compatible with Kenmore Canister Type C/Q 5055, 50555, 50557, 50558 and Type C-5, C-18, 53292, 200 Series, 400 Series, 600 Series, 700 Series, 800 Series Vacuum</p><p>$11.69</p><a href="https://www.amazon.com/dp/B0CRQYGLZX?tag=eloabder-20&linkCode=osi&th=1&psc=1">View Product</a></div><div class="product"><a href="https://www.amazon.com/dp/B00QGD3SBI?tag=eloabder-20&linkCode=osi&th=1&psc=1"><img src="https://m.media-amazon.com/images/I/51xw0asyqTL._SL500_.jpg" alt="Product Image"></a><p>EnviroCare Replacement Vacuum Bags made to fit Kenmore Canister Type C or Q 50555, 50558, 50557 and Panasonic Type C-5 Vacuums, 9 pack</p><p>$9.79</p><a href="https://www.amazon.com/dp/B00QGD3SBI?tag=eloabder-20&linkCode=osi&th=1&psc=1">View Product</a></div><div class="product"><a href="https://www.amazon.com/dp/B0CQP9NP5N?tag=eloabder-20&linkCode=osi&th=1&psc=1"><img src="https://m.media-amazon.com/images/I/41WnNkTz8zL._SL500_.jpg" alt="Product Image"></a><p>8 Pack Replacement Vacuum Bags Compatible with Kenmore Canister Type C/Q. 5055, 50104, 50557 and 50558 Panasonic Type C-5 Vacuums</p><p>$9.99 ($1.25 / Count)</p><a href="https://www.amazon.com/dp/B0CQP9NP5N?tag=eloabder-20&linkCode=osi&th=1&psc=1">View Product</a></div>
<div class="product"><a href="https://www.amazon.com/dp/B09M3Y2BHR?tag=eloabder-20&linkCode=osi&th=1&psc=1"><img src="https://m.media-amazon.com/images/I/31tevngai1L._SL500_.jpg" alt="Product Image"></a><p>Ymimi Vacuum Filter Compatible with Eureka WhirlWind Bagless Canister Vacuum Cleaner,Fits NEN110A,NEN110B,NEN110Dï¼ˆ2-Packï¼‰</p><p>$11.99 ($6.00 / Count)</p><a href="https://www.amazon.com/dp/B09M3Y2BHR?tag=eloabder-20&linkCode=osi&th=1&psc=1">View Product</a></div><div class="product"><a href="https://www.amazon.com/dp/B07J1WWBHN?tag=eloabder-20&linkCode=osi&th=1&psc=1"><img src="https://m.media-amazon.com/images/I/51gmkDrnR2L._SL500_.jpg" alt="Product Image"></a><p>Bissell Powerforce Helix Bagless Washable Premotor Filter #1608225, Black</p><p>$7.78</p><a href="https://www.amazon.com/dp/B07J1WWBHN?tag=eloabder-20&linkCode=osi&th=1&psc=1">View Product</a></div><div class="product"><a href="https://www.amazon.com/dp/B0BK64TMMK?tag=eloabder-20&linkCode=osi&th=1&psc=1"><img src="https://m.media-amazon.com/images/I/41OBMvET7eL._SL500_.jpg" alt="Product Image"></a><p>Vacuum Belt Replacement for Bissell Cleanview Swivel Pet Upright Bagless/Powerlifter Vacuum Cleaner, fits model: 2252, 2254, 22543, 2258,2259, 2260,2316, 2739, 1793, Parts # 3031120, 32074</p><p>$6.99</p><a href="https://www.amazon.com/dp/B0BK64TMMK?tag=eloabder-20&linkCode=osi&th=1&psc=1">View Product</a></div><div class="product"><a href="https://www.amazon.com/dp/B0BKKL3WRB?tag=eloabder-20&linkCode=osi&th=1&psc=1"><img src="https://m.media-amazon.com/images/I/410jMe-FjIL._SL500_.jpg" alt="Product Image"></a><p>Aolleteau F1 HEPA Filter Compatible with Dirt Devil Bagless Upright Cleaner Models Extra Lite, Breeze, Featherlite Bagless, Jaguar Bagless,Platinum Force Vision, Scorpion and Vision Bagless (2 Pack)</p><p>$13.99 ($7.00 / Count)</p><a href="https://www.amazon.com/dp/B0BKKL3WRB?tag=eloabder-20&linkCode=osi&th=1&psc=1">View Product</a></div><div class="product"><a href="https://www.amazon.com/dp/B09SG1P4WN?tag=eloabder-20&linkCode=osi&th=1&psc=1"><img src="https://m.media-amazon.com/images/I/51+Mr+Wq5ML._SL500_.jpg" alt="Product Image"></a><p>NEN110A Vacuum Filter, Inlet Frame and Sponge Filter Compatible with Eureka Whirlwind Bagless Canister Vacuum Cleaner, Fits NEN110A, NEN110B, NEN110D(4-Pack)</p><p>$15.99 ($4.00 / Count)</p><a href="https://www.amazon.com/dp/B09SG1P4WN?tag=eloabder-20&linkCode=osi&th=1&psc=1">View Product</a></div>
<div class="product"><a href="https://www.amazon.com/dp/B07GT9VB9X?tag=eloabder-20&linkCode=osi&th=1&psc=1"><img src="https://m.media-amazon.com/images/I/41IokheYtNL._SL500_.jpg" alt="Product Image"></a><p>6 Pack 1940 Bissell Steam Mop Pads for Bissell PowerFresh Steam Mop 1806 1544 1440 2075A 2685A 1940W 19404 Series, Model 19402 19408 1940a 1940f 1940q 1940t B0006 B0017, Part #5938#203-2633</p><p>$16.99 ($2.83 / Count)</p><a href="https://www.amazon.com/dp/B07GT9VB9X?tag=eloabder-20&linkCode=osi&th=1&psc=1">View Product</a></div><div class="product"><a href="https://www.amazon.com/dp/B07H3MYZLD?tag=eloabder-20&linkCode=osi&th=1&psc=1"><img src="https://m.media-amazon.com/images/I/511p6MPxQ0L._SL500_.jpg" alt="Product Image"></a><p>Flammi Steam Pocket Mop Replacement Pads for Shark S3500 Series S3501 S3601 S3550 S3901 SE450 S3801CO S3601D S2901 S2902 Steam Pocket Mop, 4 Pack</p><p>$16.97 ($4.24 / Count)</p><a href="https://www.amazon.com/dp/B07H3MYZLD?tag=eloabder-20&linkCode=osi&th=1&psc=1">View Product</a></div><div class="product"><a href="https://www.amazon.com/dp/B0C8SH97HN?tag=eloabder-20&linkCode=osi&th=1&psc=1"><img src="https://m.media-amazon.com/images/I/31Mex4y7odL._SL500_.jpg" alt="Product Image"></a><p>HOMEXCEL Steam Mop Replacement Pads Compatible with Bissell Powerfresh Steam Mop 1940 1806 1440 1544 Series, Model 19402 19404 19408 2685A 2075A 1940A 1940Q 1940T 1940W, Steam Mop Pads Refills,4 Pack</p><p>$9.99 ($2.50 / Count)</p><a href="https://www.amazon.com/dp/B0C8SH97HN?tag=eloabder-20&linkCode=osi&th=1&psc=1">View Product</a></div><div class="product"><a href="https://www.amazon.com/dp/B0BFWTXS33?tag=eloabder-20&linkCode=osi&th=1&psc=1"><img src="https://m.media-amazon.com/images/I/51pa2h7o0EL._SL500_.jpg" alt="Product Image"></a><p>12 Pack 1940 Steam Mop Replacement Pads for Bissell Powerfresh Steam Mop 1940 1440 1806 1544 2075 2685A 2814 Series, Model 19402 19404 19408 19409 1940A 1940F 1940Q 1940T 1940W B0006 B0017 2075A 15441</p><p>$24.99</p><a href="https://www.amazon.com/dp/B0BFWTXS33?tag=eloabder-20&linkCode=osi&th=1&psc=1">View Product</a></div><div class="product"><a href="https://www.amazon.com/dp/B0CLP5QGTY?tag=eloabder-20&linkCode=osi&th=1&psc=1"><img src="https://m.media-amazon.com/images/I/414HqpKde9L._SL500_.jpg" alt="Product Image"></a><p>10 Pack 1940 1806 2685A Steam Mop Pads For Bissell Powerfresh Steam Mop Deluxe Pet Lift-Off Plus Slim Scrubbing Steam Mop Replacement Pad 1940A 2814 1544A 2075A Power Fresh Steamer Pad Refill Washable</p><p>$22.99 ($2.30 / Count)</p><a href="https://www.amazon.com/dp/B0CLP5QGTY?tag=eloabder-20&linkCode=osi&th=1&psc=1">View Product</a></div><div class="product"><a href="https://www.amazon.com/dp/B078BBKBPV?tag=eloabder-20&linkCode=osi&th=1&psc=1"><img src="https://m.media-amazon.com/images/I/51WcJqtOUIL._SL500_.jpg" alt="Product Image"></a><p>Tidy Monster Steam Mop Replacement Pads Compatible with Bissell Powerfresh Steam Mop 1940 1806 1544 1440 2075A 2685A Series, Part # 5938 & 203-2633, 1606668 & 1606669 (4 Pack Scrub Plush)</p><p>$9.99</p><a href="https://www.amazon.com/dp/B078BBKBPV?tag=eloabder-20&linkCode=osi&th=1&psc=1">View Product</a></div><div class="product"><a href="https://www.amazon.com/dp/B00A6G37SU?tag=eloabder-20&linkCode=osi&th=1&psc=1"><img src="https://m.media-amazon.com/images/I/51xo0LB-SpL._SL500_.jpg" alt="Product Image"></a><p>BISSELL PowerFresh Steam Mop Pads (Pack of 2) with Fragrance discs (4 ct), 5938</p><p>$21.26 ($10.63 / Count)</p><a href="https://www.amazon.com/dp/B00A6G37SU?tag=eloabder-20&linkCode=osi&th=1&psc=1">View Product</a></div>
<div class="product"><a href="https://www.amazon.com/dp/B0D2QFVY7H?tag=eloabder-20&linkCode=osi&th=1&psc=1"><img src="https://m.media-amazon.com/images/I/417B7H+vvML._SL500_.jpg" alt="Product Image"></a><p>Kenmore KS1010 Deep Clean & Revitalize Pet Carpet Cleaner Formula, 64 oz, White, 64 Fl Oz</p><p>$22.73 ($0.36 / Fl Oz)</p><a href="https://www.amazon.com/dp/B0D2QFVY7H?tag=eloabder-20&linkCode=osi&th=1&psc=1">View Product</a></div><div class="product"><a href="https://www.amazon.com/dp/B0BNK8ZJJ1?tag=eloabder-20&linkCode=osi&th=1&psc=1"><img src="https://m.media-amazon.com/images/I/51z0Pc4xcNL._SL500_.jpg" alt="Product Image"></a><p>Bissell Spotlifter Pet Carpet and Upholstery Cleaner with Brush Head - 4 Pack, 93523</p><p>$23.88 ($0.50 / Fl Oz)</p><a href="https://www.amazon.com/dp/B0BNK8ZJJ1?tag=eloabder-20&linkCode=osi&th=1&psc=1">View Product</a></div><div class="product"><a href="https://www.amazon.com/dp/B0CX245D26?tag=eloabder-20&linkCode=osi&th=1&psc=1"><img src="https://m.media-amazon.com/images/I/411CSXvvO1L._SL500_.jpg" alt="Product Image"></a><p>BISSELLÂ® Spot & Stain with Febreze + Gain Original Scent Formula for Little Green Devices, Portable Carpet Cleaners (3968)</p><p>$12.99 ($0.41 / Fl Oz)</p><a href="https://www.amazon.com/dp/B0CX245D26?tag=eloabder-20&linkCode=osi&th=1&psc=1">View Product</a></div><div class="product"><a href="https://www.amazon.com/dp/B083VZW4R5?tag=eloabder-20&linkCode=osi&th=1&psc=1"><img src="https://m.media-amazon.com/images/I/413BULPLmBL._SL500_.jpg" alt="Product Image"></a><p>BISSELL Multi-Surface Pet Formula with Febreze Freshness for Crosswave (80 oz), 2295L</p><p>$22.99 ($0.29 / Fl Oz)</p><a href="https://www.amazon.com/dp/B083VZW4R5?tag=eloabder-20&linkCode=osi&th=1&psc=1">View Product</a></div><div class="product"><a href="https://www.amazon.com/dp/B0D2RGW219?tag=eloabder-20&linkCode=osi&th=1&psc=1"><img src="https://m.media-amazon.com/images/I/41gD+82tnAL._SL500_.jpg" alt="Product Image"></a><p>Vacmaster Clean & Restore Carpet Cleaner Formula â€“ CCS03</p><p>$19.99 ($0.31 / Fl Oz)</p><a href="https://www.amazon.com/dp/B0D2RGW219?tag=eloabder-20&linkCode=osi&th=1&psc=1">View Product</a></div>






<div class="product"><a href="https://www.amazon.com/dp/B0BY64HQTP?tag=eloabder-20&linkCode=osi&th=1&psc=1"><img src="https://m.media-amazon.com/images/I/41hUxHuASYL._SL500_.jpg" alt="Product Image"></a><p>Air Conditioning Motor WZDK13-38G-1(RD-310-13-8) DC Brushless Fan Motor, 13W Inverter air Conditioner Motor DC Motor for Central air Conditioner</p><p>$39.95</p><a href="https://www.amazon.com/dp/B0BY64HQTP?tag=eloabder-20&linkCode=osi&th=1&psc=1">View Product</a></div><div class="product"><a href="https://www.amazon.com/dp/B0CM5YB884?tag=eloabder-20&linkCode=osi&th=1&psc=1"><img src="https://m.media-amazon.com/images/I/310lQ2tAvLL._SL500_.jpg" alt="Product Image"></a><p>Sparkfix OEM WZDK20-38G (ZKFP-20-8-6) Air Conditioner Replacement Motors DC280V 20W Air Conditioning Fan Motor Inverter Air Conditioner Brushless DC Motor 1300RPM CCW</p><p>$42.79</p><a href="https://www.amazon.com/dp/B0CM5YB884?tag=eloabder-20&linkCode=osi&th=1&psc=1">View Product</a></div>













<div class="product"><a href="https://www.amazon.com/dp/B009PCI2JU?tag=eloabder-20&linkCode=osi&th=1&psc=1"><img src="https://m.media-amazon.com/images/I/310ZJurANUL._SL500_.jpg" alt="Product Image"></a><p>GE RPWFE Refrigerator Water Filter | Certified to Reduce Lead, Sulfur, and 50+ Other Impurities | Replace Every 6 Months for Best Results | Pack of 1</p><p>$49.98</p><a href="https://www.amazon.com/dp/B009PCI2JU?tag=eloabder-20&linkCode=osi&th=1&psc=1">View Product</a></div><div class="product"><a href="https://www.amazon.com/dp/B0882ZJ48W?tag=eloabder-20&linkCode=osi&th=1&psc=1"><img src="https://m.media-amazon.com/images/I/41110o9sUoL._SL500_.jpg" alt="Product Image"></a><p>GE XWFE Refrigerator Water Filter | Certified to Reduce Lead, Sulfur, and 50+ Other Impurities | Replace Every 6 Months for Best Results | Pack of 1, White</p><p>$49.00</p><a href="https://www.amazon.com/dp/B0882ZJ48W?tag=eloabder-20&linkCode=osi&th=1&psc=1">View Product</a></div><div class="product"><a href="https://www.amazon.com/dp/B074HLRXMP?tag=eloabder-20&linkCode=osi&th=1&psc=1"><img src="https://m.media-amazon.com/images/I/21oDpGCQXiL._SL500_.jpg" alt="Product Image"></a><p>LG LT1000P - 6 Month / 200 Gallon Capacity Replacement Refrigerator Water Filter (NSF42, NSF53, and NSF401) ADQ74793501, ADQ75795105, or AGF80300704 , White</p><p>$47.00</p><a href="https://www.amazon.com/dp/B074HLRXMP?tag=eloabder-20&linkCode=osi&th=1&psc=1">View Product</a></div><div class="product"><a href="https://www.amazon.com/dp/B01BKWSHHE?tag=eloabder-20&linkCode=osi&th=1&psc=1"><img src="https://m.media-amazon.com/images/I/31E2+zlkvjL._SL500_.jpg" alt="Product Image"></a><p>Frigidaire EPTWFU01 Water Filtration Filter, 1 Count, White</p><p>$42.99</p><a href="https://www.amazon.com/dp/B01BKWSHHE?tag=eloabder-20&linkCode=osi&th=1&psc=1">View Product</a></div><div class="product"><a href="https://www.amazon.com/dp/B08V6JB9R7?tag=eloabder-20&linkCode=osi&th=1&psc=1"><img src="https://m.media-amazon.com/images/I/31PRPEffCZL._SL500_.jpg" alt="Product Image"></a><p>Frigidaire FPPWFU01 PurePour PWF-1 Water Filter 1 Count (Pack of 1)</p><p>$45.81</p><a href="https://www.amazon.com/dp/B08V6JB9R7?tag=eloabder-20&linkCode=osi&th=1&psc=1">View Product</a></div><div class="product"><a href="https://www.amazon.com/dp/B000AST3AK?tag=eloabder-20&linkCode=osi&th=1&psc=1"><img src="https://m.media-amazon.com/images/I/41DUoSxpwTS._SL500_.jpg" alt="Product Image"></a><p>GE MWF Refrigerator Water Filter | Certified to Reduce Lead, Sulfur, and 50+ Other Impurities | Replace Every 6 Months for Best Results | Pack of 1</p><p>$39.98</p><a href="https://www.amazon.com/dp/B000AST3AK?tag=eloabder-20&linkCode=osi&th=1&psc=1">View Product</a></div><div class="product"><a href="https://www.amazon.com/dp/B0CFZR7K8D?tag=eloabder-20&linkCode=osi&th=1&psc=1"><img src="https://m.media-amazon.com/images/I/31WM5sdhKLL._SL500_.jpg" alt="Product Image"></a><p>HMASAV W10295370A water filter replacement, Compatible with EDR1RXD1,EDR1RXD1B,W10295370,Filter 1,WHR1RXD1,KAD1RXD1,P4RFWB,P8RFWB2L,46-9930,46-9081 2PACK</p><p>$29.99 ($15.00 / Count)</p><a href="https://www.amazon.com/dp/B0CFZR7K8D?tag=eloabder-20&linkCode=osi&th=1&psc=1">View Product</a></div><div class="product"><a href="https://www.amazon.com/dp/B07JM9TTTT?tag=eloabder-20&linkCode=osi&th=1&psc=1"><img src="https://m.media-amazon.com/images/I/41CfAtJ8TPL._SL500_.jpg" alt="Product Image"></a><p>GLACIER FRESH LT1000PC Replacement Water Filter, Compatible with LT1000PC/PCS, LT1000PC, LT-1000PC, MDJ64844601, ADQ747935 ADQ74793504 Filter and LT120F ADQ73334008 Fresh Air (3+3)</p><p>$39.99 ($13.33 / Count)</p><a href="https://www.amazon.com/dp/B07JM9TTTT?tag=eloabder-20&linkCode=osi&th=1&psc=1">View Product</a></div><div class="product"><a href="https://www.amazon.com/dp/B003N1ZSYG?tag=eloabder-20&linkCode=osi&th=1&psc=1"><img src="https://m.media-amazon.com/images/I/31Mbrkrxu1L._SL500_.jpg" alt="Product Image"></a><p>SAMSUNG Genuine Filter for Refrigerator Water and Ice, Carbon Block Filtration for Clean, Clear Drinking Water, 6-Month Life, HAF-CIN/EXP, 1 Pack</p><p>$39.99</p><a href="https://www.amazon.com/dp/B003N1ZSYG?tag=eloabder-20&linkCode=osi&th=1&psc=1">View Product</a></div>









<div class="product"><a href="https://www.amazon.com/dp/B0B2NZ47HN?tag=eloabder-20&linkCode=osi&th=1&psc=1"><img src="https://m.media-amazon.com/images/I/41nC6c2XxJL._SL500_.jpg" alt="Product Image"></a><p>OTE Portable Sparkling Water Maker Soda Maker Machine for home with 20PCS Cylinders 450ml Personal seltzer Carbonators Electroless Double Layer PET Bottle BPA Free Double Pressure Relief Valves -Pink</p><p>$49.99</p><a href="https://www.amazon.com/dp/B0B2NZ47HN?tag=eloabder-20&linkCode=osi&th=1&psc=1">View Product</a></div><div class="product"><a href="https://www.amazon.com/dp/B09DY54L7M?tag=eloabder-20&linkCode=osi&th=1&psc=1"><img src="https://m.media-amazon.com/images/I/31LSpnm3G8L._SL500_.jpg" alt="Product Image"></a><p>MOSOLAN Bottle Cleaning Brush, 17 Inches Extra Long Handle Water Bottle Brush, Flexible Bendable Cleaner for Washing Narrow Neck Bottles, Wine Decanter, Kombucha, Pipes, Beer Brewing Supplies, 2 Pack</p><p>$11.95 ($5.98 / Count)</p><a href="https://www.amazon.com/dp/B09DY54L7M?tag=eloabder-20&linkCode=osi&th=1&psc=1">View Product</a></div><div class="product"><a href="https://www.amazon.com/dp/B0736CBNDN?tag=eloabder-20&linkCode=osi&th=1&psc=1"><img src="https://m.media-amazon.com/images/I/41tWXmwP5KL._SL500_.jpg" alt="Product Image"></a><p>#2 Filter Pads (10 Pack Bulk) Compatible with Mini Jet Machine | #2 1.8-2.5 micron | 2 Micron Filtering pads. Filter Wine Beer, Kombucha, Mead Mash. Polishing filtration| Not a Buon Vino product.</p><p>$18.99</p><a href="https://www.amazon.com/dp/B0736CBNDN?tag=eloabder-20&linkCode=osi&th=1&psc=1">View Product</a></div>









<div class="product"><a href="https://www.amazon.com/dp/B07YGN577Y?tag=eloabder-20&linkCode=osi&th=1&psc=1"><img src="https://m.media-amazon.com/images/I/31kfZiyDMUL._SL500_.jpg" alt="Product Image"></a><p>9870163 Trash Power Nut WP9870163 L8</p><p>$50.36</p><a href="https://www.amazon.com/dp/B07YGN577Y?tag=eloabder-20&linkCode=osi&th=1&psc=1">View Product</a></div>

<div class="product"><a href="https://www.amazon.com/dp/B0CWQLM4C7?tag=eloabder-20&linkCode=osi&th=1&psc=1"><img src="https://m.media-amazon.com/images/I/41gTEIOjtlL._SL500_.jpg" alt="Product Image"></a><p>7" Seven Seconds Lazy Kitchen Food Making Tools - Multifunctional Fruit Vegetable Chopper Quick Garlic Peeling Machine Convenient Food Chopper for Slicing,Juice,Grinding</p><p>$32.99</p><a href="https://www.amazon.com/dp/B0CWQLM4C7?tag=eloabder-20&linkCode=osi&th=1&psc=1">View Product</a></div>







<div class="product"><a href="https://www.amazon.com/dp/B0CNKFM9WR?tag=eloabder-20&linkCode=osi&th=1&psc=1"><img src="https://m.media-amazon.com/images/I/31sGGIDic9L._SL500_.jpg" alt="Product Image"></a><p>hobbyme Pack of 4 Plastic Coffee Scoops with Brush & Espresso Grinder Brush for Ground Coffee Cleaning Tea Power Coffee Grinder Spoon</p><p>$6.49</p><a href="https://www.amazon.com/dp/B0CNKFM9WR?tag=eloabder-20&linkCode=osi&th=1&psc=1">View Product</a></div>





<div class="product"><a href="https://www.amazon.com/dp/B07798328B?tag=eloabder-20&linkCode=osi&th=1&psc=1"><img src="https://m.media-amazon.com/images/I/31Vpin+sgUS._SL500_.jpg" alt="Product Image"></a><p>Prime-Line MP10513 Standard Plastic Ice Cube Trays (5 Pack)</p><p>$12.69</p><a href="https://www.amazon.com/dp/B07798328B?tag=eloabder-20&linkCode=osi&th=1&psc=1">View Product</a></div><div class="product"><a href="https://www.amazon.com/dp/B077965JDB?tag=eloabder-20&linkCode=osi&th=1&psc=1"><img src="https://m.media-amazon.com/images/I/31H1hNlH6RL._SL500_.jpg" alt="Product Image"></a><p>Prime-Line MP10863 Standard Plastic Ice Cube Trays (2 Pack)</p><p>$9.69</p><a href="https://www.amazon.com/dp/B077965JDB?tag=eloabder-20&linkCode=osi&th=1&psc=1">View Product</a></div>

<div class="product"><a href="https://www.amazon.com/dp/B08MPLY84K?tag=eloabder-20&linkCode=osi&th=1&psc=1"><img src="https://m.media-amazon.com/images/I/31kWTfzQJBL._SL500_.jpg" alt="Product Image"></a><p>Syntus Vacuum Sealer Bags, 6 Pack 3 Rolls 11" x 20' and 3 Rolls 8" x 20' Commercial Grade BPA Free Bag Rolls, Food Vac Bags for Storage, Meal Prep or Sous Vide</p><p>$19.99</p><a href="https://www.amazon.com/dp/B08MPLY84K?tag=eloabder-20&linkCode=osi&th=1&psc=1">View Product</a></div><div class="product"><a href="https://www.amazon.com/dp/B0C5BWRMQL?tag=eloabder-20&linkCode=osi&th=1&psc=1"><img src="https://m.media-amazon.com/images/I/41yPpkb6oeL._SL500_.jpg" alt="Product Image"></a><p>Bonsenkitchen Vacuum Sealer Rolls Bags, 6 Pack 3 Rolls 11" x 20' + 3 Rolls 8" x 20' Commercial Grade BPA Free Bag Rolls, Durable Customized Size Food Vac Bags for Storage and Sous Vide Cooking VB3211</p><p>$19.99 ($3.33 / Count)</p><a href="https://www.amazon.com/dp/B0C5BWRMQL?tag=eloabder-20&linkCode=osi&th=1&psc=1">View Product</a></div><div class="product"><a href="https://www.amazon.com/dp/B0C5C1JTC4?tag=eloabder-20&linkCode=osi&th=1&psc=1"><img src="https://m.media-amazon.com/images/I/31JpyYsm7YL._SL500_.jpg" alt="Product Image"></a><p>Bonsenkitchen Vacuum Food Sealer Bags 200 Quart 8" x 12", BPA Free, Commercial Grade Textured Food Vacuum Sealer Bag, Thick Embossed Bags for Food Storage and Sous Vide Cooking VB3208</p><p>$18.39 ($0.09 / Count)</p><a href="https://www.amazon.com/dp/B0C5C1JTC4?tag=eloabder-20&linkCode=osi&th=1&psc=1">View Product</a></div><div class="product"><a href="https://www.amazon.com/dp/B07TMZDGQ1?tag=eloabder-20&linkCode=osi&th=1&psc=1"><img src="https://m.media-amazon.com/images/I/31cRCu-JIsL._SL500_.jpg" alt="Product Image"></a><p>Wevac Vacuum Sealer Bags 11x50 Rolls 2 pack for Food Saver, Seal a Meal, Weston. Commercial Grade, BPA Free, Heavy Duty, Great for vac storage, Meal Prep or Sous Vide</p><p>$20.99 ($0.21 / Count)</p><a href="https://www.amazon.com/dp/B07TMZDGQ1?tag=eloabder-20&linkCode=osi&th=1&psc=1">View Product</a></div><div class="product"><a href="https://www.amazon.com/dp/B07TV4KRCL?tag=eloabder-20&linkCode=osi&th=1&psc=1"><img src="https://m.media-amazon.com/images/I/31uv3qtc9bL._SL500_.jpg" alt="Product Image"></a><p>Wevac Vacuum Sealer Bags 100 Gallon 11x16 Inch for Food Saver, Seal a Meal, Weston. Commercial Grade, BPA Free, Heavy Duty, Great for vac storage, Meal Prep and Sous Vide</p><p>$21.24</p><a href="https://www.amazon.com/dp/B07TV4KRCL?tag=eloabder-20&linkCode=osi&th=1&psc=1">View Product</a></div>













<div class="product"><a href="https://www.amazon.com/dp/B00UTFZAII?tag=eloabder-20&linkCode=osi&th=1&psc=1"><img src="https://m.media-amazon.com/images/I/31z7hZ6KbXL._SL500_.jpg" alt="Product Image"></a><p>Miele 10123210 AirClean 3D Efficiency Dust Bag, Type GN, 4 Bags & 2 Filters, White</p><p>$21.86 ($21.86 / Count)</p><a href="https://www.amazon.com/dp/B00UTFZAII?tag=eloabder-20&linkCode=osi&th=1&psc=1">View Product</a></div><div class="product"><a href="https://www.amazon.com/dp/B07WHG6J5S?tag=eloabder-20&linkCode=osi&th=1&psc=1"><img src="https://m.media-amazon.com/images/I/41hnaEOxB9L._SL500_.jpg" alt="Product Image"></a><p>KEEPOW Vacuum Filters for Eureka, Power Speed Vacuum Filters Replacement for Eureka NEU182A, NEU182B, NEU280, NEU180, NEU181, NEU188, NEU202 Bagless Upright Vacuum Cleaner, Part E0202 (4 Pack)</p><p>$9.99 ($2.50 / Count)</p><a href="https://www.amazon.com/dp/B07WHG6J5S?tag=eloabder-20&linkCode=osi&th=1&psc=1">View Product</a></div><div class="product"><a href="https://www.amazon.com/dp/B00UTFZB82?tag=eloabder-20&linkCode=osi&th=1&psc=1"><img src="https://m.media-amazon.com/images/I/41WdlL5T0dL._SL500_.jpg" alt="Product Image"></a><p>Miele AirClean 3D Efficiency Dust Bag, Type FJM, 4 Bags & 2 Filters, White</p><p>$18.99</p><a href="https://www.amazon.com/dp/B00UTFZB82?tag=eloabder-20&linkCode=osi&th=1&psc=1">View Product</a></div><div class="product"><a href="https://www.amazon.com/dp/B09NKP346M?tag=eloabder-20&linkCode=osi&th=1&psc=1"><img src="https://m.media-amazon.com/images/I/41o25nqkODL._SL500_.jpg" alt="Product Image"></a><p>Anewise 6 Pack Filter Replacement for Bissell Powerforce Compact Lightweight Upright 2112 1520 for Bissel Turbo Bagless 2690 Cleanview 3437 3508 Vacuum Cleaner, Compare to Parts #1604896/160-4896</p><p>$12.99</p><a href="https://www.amazon.com/dp/B09NKP346M?tag=eloabder-20&linkCode=osi&th=1&psc=1">View Product</a></div><div class="product"><a href="https://www.amazon.com/dp/B01MQ5NITB?tag=eloabder-20&linkCode=osi&th=1&psc=1"><img src="https://m.media-amazon.com/images/I/41J6lG4H1bL._SL500_.jpg" alt="Product Image"></a><p>Bissell Style 7 3 Pack Vacuum Cleaner Bags, White, 3 Count</p><p>$8.69 ($2.90 / Count)</p><a href="https://www.amazon.com/dp/B01MQ5NITB?tag=eloabder-20&linkCode=osi&th=1&psc=1">View Product</a></div><div class="product"><a href="https://www.amazon.com/dp/B0CDH1JY5D?tag=eloabder-20&linkCode=osi&th=1&psc=1"><img src="https://m.media-amazon.com/images/I/516DPXu4siL._SL500_.jpg" alt="Product Image"></a><p>4 Pack Replacement Filters Compatiable with Wyze Cordless Vacuum Cleaner, Removable and Washable HEPA Filter Accessories Part Set with 1 Cleaning Brush for Wyze Handheld Cordless Vacuum Cleaner</p><p>$15.99 ($4.00 / Count)</p><a href="https://www.amazon.com/dp/B0CDH1JY5D?tag=eloabder-20&linkCode=osi&th=1&psc=1">View Product</a></div><div class="product"><a href="https://www.amazon.com/dp/B07P3WB37F?tag=eloabder-20&linkCode=osi&th=1&psc=1"><img src="https://m.media-amazon.com/images/I/51WaYrkiVXL._SL500_.jpg" alt="Product Image"></a><p>Miele AirClean 3D Efficiency Dust Bag, Type GN, XL Value Pack, 8 Bags and 4 Filters</p><p>$36.99</p><a href="https://www.amazon.com/dp/B07P3WB37F?tag=eloabder-20&linkCode=osi&th=1&psc=1">View Product</a></div><div class="product"><a href="https://www.amazon.com/dp/B09DSY4Z2T?tag=eloabder-20&linkCode=osi&th=1&psc=1"><img src="https://m.media-amazon.com/images/I/51+ref3EeAL._SL500_.jpg" alt="Product Image"></a><p>Filter Replacement for Tineco A10 A11 Hero A10/A11 Master PURE ONE S11 Series, S12, X Cordless Vacuum Cleaner (3 PACK) â€¦</p><p>$12.99 ($4.33 / Count)</p><a href="https://www.amazon.com/dp/B09DSY4Z2T?tag=eloabder-20&linkCode=osi&th=1&psc=1">View Product</a></div>


<div class="product"><a href="https://www.amazon.com/dp/B0BXRR5QFV?tag=eloabder-20&linkCode=osi&th=1&psc=1"><img src="https://m.media-amazon.com/images/I/41sjdBkCp8L._SL500_.jpg" alt="Product Image"></a><p>AC Infinity CLOUDFORGE T7, Plant Humidifier 15L with VPD Humidity Controls, 10-Level Precision Vaporizer, Extendable Hose, Targeting Pipe, and No-Leak Seal for Grow Tents</p><p>$159.00</p><a href="https://www.amazon.com/dp/B0BXRR5QFV?tag=eloabder-20&linkCode=osi&th=1&psc=1">View Product</a></div><div class="product"><a href="https://www.amazon.com/dp/B01N6MV8SA?tag=eloabder-20&linkCode=osi&th=1&psc=1"><img src="https://m.media-amazon.com/images/I/41hX08+W1xL._SL500_.jpg" alt="Product Image"></a><p>Protec Humidifier Tank Cleaner, 1 Count - Colors May Vary</p><p>$5.98</p><a href="https://www.amazon.com/dp/B01N6MV8SA?tag=eloabder-20&linkCode=osi&th=1&psc=1">View Product</a></div><div class="product"><a href="https://www.amazon.com/dp/B07GXBTH82?tag=eloabder-20&linkCode=osi&th=1&psc=1"><img src="https://m.media-amazon.com/images/I/41ibxK12JPL._SL500_.jpg" alt="Product Image"></a><p>Essick Air 1970-2 Humidifier, 2-Quart Bacteriostatic Treatment, 2 Pack, Clear, 2</p><p>$22.99</p><a href="https://www.amazon.com/dp/B07GXBTH82?tag=eloabder-20&linkCode=osi&th=1&psc=1">View Product</a></div><div class="product"><a href="https://www.amazon.com/dp/B08TTT3K9B?tag=eloabder-20&linkCode=osi&th=1&psc=1"><img src="https://m.media-amazon.com/images/I/41U6j9SexmL._SL500_.jpg" alt="Product Image"></a><p>Leemone Humidifier Cleaner 12 Pack, Demineralization Cleaning Ball, Works in All humidifiers and Fish Tanks, Purifies Water, Prevents Hard Water Build-Up, Eliminates White Dust and Odor</p><p>$14.44</p><a href="https://www.amazon.com/dp/B08TTT3K9B?tag=eloabder-20&linkCode=osi&th=1&psc=1">View Product</a></div>
<div class="product"><a href="https://www.amazon.com/dp/B07YD4XCT3?tag=eloabder-20&linkCode=osi&th=1&psc=1"><img src="https://m.media-amazon.com/images/I/41hR81iKyJL._SL500_.jpg" alt="Product Image"></a><p>Vacplus Moisture Absorber Packets, Fragrance Free(10 Pack), Humidity Packs, Hanging Closet Dehumidifier Bags, Desiccant 9.8OZ</p><p>$21.99</p><a href="https://www.amazon.com/dp/B07YD4XCT3?tag=eloabder-20&linkCode=osi&th=1&psc=1">View Product</a></div><div class="product"><a href="https://www.amazon.com/dp/B09LQF5V5K?tag=eloabder-20&linkCode=osi&th=1&psc=1"><img src="https://m.media-amazon.com/images/I/51Cx5ECAotL._SL500_.jpg" alt="Product Image"></a><p>CLEVAST Moisture Absorbers Packets 10 Pack, Dehumidifier Bags for Closet, Unscented Hanging Humidity Absorber in Wardrobes, Bedrooms, Bathrooms(230g/pack)</p><p>$16.98</p><a href="https://www.amazon.com/dp/B09LQF5V5K?tag=eloabder-20&linkCode=osi&th=1&psc=1">View Product</a></div><div class="product"><a href="https://www.amazon.com/dp/B0B8L9QRW8?tag=eloabder-20&linkCode=osi&th=1&psc=1"><img src="https://m.media-amazon.com/images/I/518LgtpPi8L._SL500_.jpg" alt="Product Image"></a><p>Arm & Hammer Essentials Disposable Moisture Absorber and Odor Eliminator Tub, Fragrance Free, 1 lb, 3-Pack, Attracts and Traps Excess Moisture, Ideal Closet Dehumidifier, White</p><p>$24.94 ($0.52 / Ounce)</p><a href="https://www.amazon.com/dp/B0B8L9QRW8?tag=eloabder-20&linkCode=osi&th=1&psc=1">View Product</a></div><div class="product"><a href="https://www.amazon.com/dp/B09W9TPJGZ?tag=eloabder-20&linkCode=osi&th=1&psc=1"><img src="https://m.media-amazon.com/images/I/51pVTVMwHbL._SL500_.jpg" alt="Product Image"></a><p>THECOSKY Dehumidifier and Air Purifier Combo,HEPA H13 Filter and Negative Air Ion Function,54oz(1.6L) Water Tank with Drain Hose,24hrs Auto-Off Timer,Idea for Bedroom,Bathroom,Closet,RV</p><p>$109.99</p><a href="https://www.amazon.com/dp/B09W9TPJGZ?tag=eloabder-20&linkCode=osi&th=1&psc=1">View Product</a></div><div class="product"><a href="https://www.amazon.com/dp/B0CXDG65LZ?tag=eloabder-20&linkCode=osi&th=1&psc=1"><img src="https://m.media-amazon.com/images/I/41HNflmbKHL._SL500_.jpg" alt="Product Image"></a><p>14 x 17.5 x1.75 MERV 13 Replacement Dehumidifier Filter Compatible with Santa Fe Advance90, Advance100, Advance120, Honeywell DR90 & DR120 dehumidifier models, 2 Pack</p><p>$42.99</p><a href="https://www.amazon.com/dp/B0CXDG65LZ?tag=eloabder-20&linkCode=osi&th=1&psc=1">View Product</a></div>
<div class="product"><a href="https://www.amazon.com/dp/B088B921NQ?tag=eloabder-20&linkCode=osi&th=1&psc=1"><img src="https://m.media-amazon.com/images/I/612e4cT3RYL._SL500_.jpg" alt="Product Image"></a><p>ULTTY H13 HEPA Replacement Filter with Medical Coating, True HEPA Filter For R021/ R020 Purifying Fan, Medium</p><p>$29.99</p><a href="https://www.amazon.com/dp/B088B921NQ?tag=eloabder-20&linkCode=osi&th=1&psc=1">View Product</a></div><div class="product"><a href="https://www.amazon.com/dp/B0D2MZ4Y7Z?tag=eloabder-20&linkCode=osi&th=1&psc=1"><img src="https://m.media-amazon.com/images/I/51KgTHizWyL._SL500_.jpg" alt="Product Image"></a><p>Butto 5-Pack Ceiling Fan Filters for Blades - Strong Adhesive Ceiling Fan Filters for Common Household Contaminants - Unscented Coconut Carbon Fan Air Purifier Pads to Make Air Fresh and Natural</p><p>$9.98</p><a href="https://www.amazon.com/dp/B0D2MZ4Y7Z?tag=eloabder-20&linkCode=osi&th=1&psc=1">View Product</a></div><div class="product"><a href="https://www.amazon.com/dp/B0C42HCM21?tag=eloabder-20&linkCode=osi&th=1&psc=1"><img src="https://m.media-amazon.com/images/I/31jk3lpoygL._SL500_.jpg" alt="Product Image"></a><p>Barnakl Ceiling Fan Filters | Activated Coconut Shell Carbon Filter | Easy-Stick Universal Ceiling Fan Air Filters | Unscented Ceiling Fan Blade Filters for Common Household Contaminants, (3-Count)</p><p>$19.99 ($6.66 / Count)</p><a href="https://www.amazon.com/dp/B0C42HCM21?tag=eloabder-20&linkCode=osi&th=1&psc=1">View Product</a></div>
<div class="product"><a href="https://www.amazon.com/dp/B08LZWP29P?tag=eloabder-20&linkCode=osi&th=1&psc=1"><img src="https://m.media-amazon.com/images/I/41NLuzzFW9L._SL500_.jpg" alt="Product Image"></a><p>Chromex Tankless Water Heater Descaling Solution | Highly Effective Descaler Restores Heating Efficiency, Quart, 32 fl oz (1)</p><p>$26.99</p><a href="https://www.amazon.com/dp/B08LZWP29P?tag=eloabder-20&linkCode=osi&th=1&psc=1">View Product</a></div>

<div class="product"><a href="https://www.amazon.com/dp/B005UO4OWQ?tag=eloabder-20&linkCode=osi&th=1&psc=1"><img src="https://m.media-amazon.com/images/I/41oQPKFofoL._SL500_.jpg" alt="Product Image"></a><p>Bissell 203-7458 Brushroll, Bg10/86T3, Black</p><p>$21.26 ($21.26 / Count)</p><a href="https://www.amazon.com/dp/B005UO4OWQ?tag=eloabder-20&linkCode=osi&th=1&psc=1">View Product</a></div>





















<div class="product"><a href="https://www.amazon.com/dp/B0014J7FUY?tag=eloabder-20&linkCode=osi&th=1&psc=1"><img src="https://m.media-amazon.com/images/I/31QrM+IPxOL._SL500_.jpg" alt="Product Image"></a><p>Urnex Grindz Professional Coffee Grinder Cleaning Tablets - 430 Grams - All Natural Food Safe Gluten Free - Cleans Burr and Casing - Help Extend Life of Your Grinder</p><p>$25.99 ($1.71 / Ounce)</p><a href="https://www.amazon.com/dp/B0014J7FUY?tag=eloabder-20&linkCode=osi&th=1&psc=1">View Product</a></div>



<div class="product"><a href="https://www.amazon.com/dp/B0CHW317SG?tag=eloabder-20&linkCode=osi&th=1&psc=1"><img src="https://m.media-amazon.com/images/I/41Qd5Iu3qBL._SL500_.jpg" alt="Product Image"></a><p>EUHOMY 55 Can Beverage Refrigerator cooler-Mini Fridge Glass Door for Beer Drinks Wines, Freestanding Beverage Fridge with Adjustable Shelves Blue LED for Home/Office/Dorm/Bar (1.3cu.ft)</p><p>$128.99</p><a href="https://www.amazon.com/dp/B0CHW317SG?tag=eloabder-20&linkCode=osi&th=1&psc=1">View Product</a></div>

<div class="product"><a href="https://www.amazon.com/dp/B099CN2MRK?tag=eloabder-20&linkCode=osi&th=1&psc=1"><img src="https://m.media-amazon.com/images/I/31CvUCIUX5L._SL500_.jpg" alt="Product Image"></a><p>Genuine PuroAir 240 Replacement Filter - Replacement HEPA Filter for PuroAir 240 Purifier - Captures up to 99% of Pollen, Smoke, Pollen, Dust and Common Household Pollutants</p><p>$48.00</p><a href="https://www.amazon.com/dp/B099CN2MRK?tag=eloabder-20&linkCode=osi&th=1&psc=1">View Product</a></div><div class="product"><a href="https://www.amazon.com/dp/B0055521W0?tag=eloabder-20&linkCode=osi&th=1&psc=1"><img src="https://m.media-amazon.com/images/I/41Hs7ixdyXL._SL500_.jpg" alt="Product Image"></a><p>GermGuardian Filter B HEPA Pure Genuine Air Purifier Replacement Filter, Removes 99.97% of Pollutants for AC4825, AC4300, AC4900, AC4825DLX, AC4850, CDAP4500, AP2200, Black/Yellow, FLT4825</p><p>$17.90 ($17.90 / Count)</p><a href="https://www.amazon.com/dp/B0055521W0?tag=eloabder-20&linkCode=osi&th=1&psc=1">View Product</a></div><div class="product"><a href="https://www.amazon.com/dp/B0BNMYKZPV?tag=eloabder-20&linkCode=osi&th=1&psc=1"><img src="https://m.media-amazon.com/images/I/41-K3mB6KkL._SL500_.jpg" alt="Product Image"></a><p>2 Pack True HEPA KILO Filter Compatible with Afloia KILO, KILOPLUS, KILOPRO, MIRO,MIRO PRO and MORENTO MR-Kilo, Kalo Air Purifier, 360Â° 3-Stage Filtration</p><p>$34.99 ($17.50 / Count)</p><a href="https://www.amazon.com/dp/B0BNMYKZPV?tag=eloabder-20&linkCode=osi&th=1&psc=1">View Product</a></div><div class="product"><a href="https://www.amazon.com/dp/B0D3M4Y9W7?tag=eloabder-20&linkCode=osi&th=1&psc=1"><img src="https://m.media-amazon.com/images/I/41tzW+mkZuL._SL500_.jpg" alt="Product Image"></a><p>Breshair 14 True HEPA Filter Replacement Compatible with PuroAir 240 Air Purifier, 3-in-1 Filtration System with Activated Carbon Filter, 2-Pack</p><p>$31.56 ($15.78 / Count)</p><a href="https://www.amazon.com/dp/B0D3M4Y9W7?tag=eloabder-20&linkCode=osi&th=1&psc=1">View Product</a></div><div class="product"><a href="https://www.amazon.com/dp/B0CB18MVX6?tag=eloabder-20&linkCode=osi&th=1&psc=1"><img src="https://m.media-amazon.com/images/I/519ZmmLOrzL._SL500_.jpg" alt="Product Image"></a><p>2 Pack 3-in-1 H13 True HEPA Replacement Filter Compatible with Pure Enrichment PureZone Air Purifier Part# PEAIRPLG</p><p>$23.99 ($12.00 / Count)</p><a href="https://www.amazon.com/dp/B0CB18MVX6?tag=eloabder-20&linkCode=osi&th=1&psc=1">View Product</a></div><div class="product"><a href="https://www.amazon.com/dp/B08JTZMRML?tag=eloabder-20&linkCode=osi&th=1&psc=1"><img src="https://m.media-amazon.com/images/I/51yx60sCjHL._SL500_.jpg" alt="Product Image"></a><p>6 Pack HPA300 HEPA Filter Replacement for Honeywell HPA300 Series Air Purifiers HPA300, HPA300VP, HPA304, HPA3300, Replace HRF-R3 (6 Ture HEPA R Replacement Filter + 8 Activated Carbon Pre-Filter)</p><p>$47.99 ($3.43 / Count)</p><a href="https://www.amazon.com/dp/B08JTZMRML?tag=eloabder-20&linkCode=osi&th=1&psc=1">View Product</a></div><div class="product"><a href="https://www.amazon.com/dp/B0CF1GLSYS?tag=eloabder-20&linkCode=osi&th=1&psc=1"><img src="https://m.media-amazon.com/images/I/41709EXRzXL._SL500_.jpg" alt="Product Image"></a><p>CHIVALZ 4 Pack HY4866 True HEPA Replacement Filters Compatible with MORENTO HY4866 Air Purifier, WESTHEY HY4866 Air Purifier and YIOU M1 Air Cleaner Purifier, Original Version</p><p>$39.99 ($10.00 / Count)</p><a href="https://www.amazon.com/dp/B0CF1GLSYS?tag=eloabder-20&linkCode=osi&th=1&psc=1">View Product</a></div>







<div class="product"><a href="https://www.amazon.com/dp/B0CYKMFKR9?tag=eloabder-20&linkCode=osi&th=1&psc=1"><img src="https://m.media-amazon.com/images/I/316zU-ozoxL._SL500_.jpg" alt="Product Image"></a><p>Air Purifier Replacement Filter for Space Heater Bladeless Fan</p><p>$29.99</p><a href="https://www.amazon.com/dp/B0CYKMFKR9?tag=eloabder-20&linkCode=osi&th=1&psc=1">View Product</a></div>
<div class="product"><a href="https://www.amazon.com/dp/B07MRH6VY7?tag=eloabder-20&linkCode=osi&th=1&psc=1"><img src="https://m.media-amazon.com/images/I/51g-nuN4A5L._SL500_.jpg" alt="Product Image"></a><p>Colorfullife Replacement Air Purifier Filter for Dyson Tower Purifier Pure Cool Link TP01, TP02, TP03, BP01, Compare to Part 968126-03ï¼Œ2 Pack</p><p>$26.99</p><a href="https://www.amazon.com/dp/B07MRH6VY7?tag=eloabder-20&linkCode=osi&th=1&psc=1">View Product</a></div><div class="product"><a href="https://www.amazon.com/dp/B07TX5SW7J?tag=eloabder-20&linkCode=osi&th=1&psc=1"><img src="https://m.media-amazon.com/images/I/512Kn+cPglL._SL500_.jpg" alt="Product Image"></a><p>TP01 HEPA Filter Replacement Compatible with Dyson Tower Purifier Pure Cool Link TP01, TP02, TP03, AM11, BP01 Models, Compare to Part # 968126-03 (Pack of 2)</p><p>$27.95 ($13.98 / Count)</p><a href="https://www.amazon.com/dp/B07TX5SW7J?tag=eloabder-20&linkCode=osi&th=1&psc=1">View Product</a></div><div class="product"><a href="https://www.amazon.com/dp/B0CC24GZGB?tag=eloabder-20&linkCode=osi&th=1&psc=1"><img src="https://m.media-amazon.com/images/I/41woNpZ9VgL._SL500_.jpg" alt="Product Image"></a><p>TP01 TP02 Filter Compatible with Dyson Pure Cool Link Purifying Tower Fan TP00 TP03 AM11 and Cool Me BP01 Personal Series, 360Â° Air Purifier Filter Replacement 968126-03, 1-Pack</p><p>$25.99</p><a href="https://www.amazon.com/dp/B0CC24GZGB?tag=eloabder-20&linkCode=osi&th=1&psc=1">View Product</a></div><div class="product"><a href="https://www.amazon.com/dp/B0CX23N2JJ?tag=eloabder-20&linkCode=osi&th=1&psc=1"><img src="https://m.media-amazon.com/images/I/3145hmd5j7L._SL500_.jpg" alt="Product Image"></a><p>Dreo Air Purifiers Replacement Filter, HEPA Filter for Dreo Purifier Tower Fan MC710S, with 2 Stage Filtration, Black, Standard(DR-HPA019)</p><p>$39.99</p><a href="https://www.amazon.com/dp/B0CX23N2JJ?tag=eloabder-20&linkCode=osi&th=1&psc=1">View Product</a></div>










<div class="product"><a href="https://www.amazon.com/dp/B001U0OJ7O?tag=eloabder-20&linkCode=osi&th=1&psc=1"><img src="https://m.media-amazon.com/images/I/41XEg3QV-wL._SL500_.jpg" alt="Product Image"></a><p>Whirlpool W10165294RB 15-Inch Plastic Trash Compactor ct, 60 Bags, Count</p><p>$48.34</p><a href="https://www.amazon.com/dp/B001U0OJ7O?tag=eloabder-20&linkCode=osi&th=1&psc=1">View Product</a></div><div class="product"><a href="https://www.amazon.com/dp/B0CC3V4ZZ4?tag=eloabder-20&linkCode=osi&th=1&psc=1"><img src="https://m.media-amazon.com/images/I/31bbvodHnjL._SL500_.jpg" alt="Product Image"></a><p>Waste Smasher- Hand-Held Manual Trash Compactor Dishwasher Safe Black</p><p>$24.95</p><a href="https://www.amazon.com/dp/B0CC3V4ZZ4?tag=eloabder-20&linkCode=osi&th=1&psc=1">View Product</a></div><div class="product"><a href="https://www.amazon.com/dp/B00IYO5914?tag=eloabder-20&linkCode=osi&th=1&psc=1"><img src="https://m.media-amazon.com/images/I/51SLpTXIYNL._SL500_.jpg" alt="Product Image"></a><p>Kitchen Master Super Strong Compactor Bags Pre Cuffed (12 Pack)</p><p>$34.95</p><a href="https://www.amazon.com/dp/B00IYO5914?tag=eloabder-20&linkCode=osi&th=1&psc=1">View Product</a></div><div class="product"><a href="https://www.amazon.com/dp/B075DJ4ZVQ?tag=eloabder-20&linkCode=osi&th=1&psc=1"><img src="https://m.media-amazon.com/images/I/51Vaek4I89L._SL500_.jpg" alt="Product Image"></a><p>Dano Pre-Cuffed Compactor Bags</p><p>$32.95 ($2.75 / Count)</p><a href="https://www.amazon.com/dp/B075DJ4ZVQ?tag=eloabder-20&linkCode=osi&th=1&psc=1">View Product</a></div><div class="product"><a href="https://www.amazon.com/dp/B0C2DCVCBJ?tag=eloabder-20&linkCode=osi&th=1&psc=1"><img src="https://m.media-amazon.com/images/I/51072CtaKuL._SL500_.jpg" alt="Product Image"></a><p>60-pack W10165294RB Trash Compactor Bags - leak-proof trash compactor bags for kitchen 60-ct 15 inches - Fits 15-inch Rectangular Drawer Compactors</p><p>$45.99 ($0.77 / Count)</p><a href="https://www.amazon.com/dp/B0C2DCVCBJ?tag=eloabder-20&linkCode=osi&th=1&psc=1">View Product</a></div><div class="product"><a href="https://www.amazon.com/dp/B001U0OJ7E?tag=eloabder-20&linkCode=osi&th=1&psc=1"><img src="https://m.media-amazon.com/images/I/41c0z26RyvL._SL500_.jpg" alt="Product Image"></a><p>Whirlpool W10165293RB Genuine OEM 60 Pack-Plastic Compactor Bags-18" Models â€“ 1394369, 4178058, 4318932, 4318933, 4318935, 4318937, 4318939, AH1964576, EA1964576, PS1964576</p><p>$48.64 ($0.81 / Count)</p><a href="https://www.amazon.com/dp/B001U0OJ7E?tag=eloabder-20&linkCode=osi&th=1&psc=1">View Product</a></div><div class="product"><a href="https://www.amazon.com/dp/B00W27J16S?tag=eloabder-20&linkCode=osi&th=1&psc=1"><img src="https://m.media-amazon.com/images/I/41RaOjAGlrL._SL500_.jpg" alt="Product Image"></a><p>Compactor Bags Pre Cuffed (50 Pack)</p><p>$84.95 ($1.70 / count)</p><a href="https://www.amazon.com/dp/B00W27J16S?tag=eloabder-20&linkCode=osi&th=1&psc=1">View Product</a></div><div class="product"><a href="https://www.amazon.com/dp/B00MOCYY2W?tag=eloabder-20&linkCode=osi&th=1&psc=1"><img src="https://m.media-amazon.com/images/I/41SH8mDsAnL._SL500_.jpg" alt="Product Image"></a><p>GE WX60X1 Genuine OEM Universal Trash Compactor Bags for GE Trash Compactors</p><p>$19.00</p><a href="https://www.amazon.com/dp/B00MOCYY2W?tag=eloabder-20&linkCode=osi&th=1&psc=1">View Product</a></div><div class="product"><a href="https://www.amazon.com/dp/B0D7SFSTNG?tag=eloabder-20&linkCode=osi&th=1&psc=1"><img src="https://m.media-amazon.com/images/I/41szt9tZJPL._SL500_.jpg" alt="Product Image"></a><p>4PCS Trash Compactor Charcoal Air Filter Fit for Whirlpool/KitchenAid/Maytag/Jenn-Air/Amana/Inglis/Magic Chef Trash Compactor, Replaces 4151750 554358 WP4151750 AP6009134 PS11742279</p><p>$23.59 ($5.90 / Count)</p><a href="https://www.amazon.com/dp/B0D7SFSTNG?tag=eloabder-20&linkCode=osi&th=1&psc=1">View Product</a></div>
<div class="product"><a href="https://www.amazon.com/dp/B0CGLX5ZB9?tag=eloabder-20&linkCode=osi&th=1&psc=1"><img src="https://m.media-amazon.com/images/I/51qeRZQS98L._SL500_.jpg" alt="Product Image"></a><p>Spare Replacement Parts Compatible with MAMNV BR150 BR151, ZCWA BR150 BR151, MANVINS G20 Robot Vacuum and Mop Combo Accessories Include: 3 Hepa Filters 3 Mop Pads 6 Side Spin Brushes</p><p>$9.98</p><a href="https://www.amazon.com/dp/B0CGLX5ZB9?tag=eloabder-20&linkCode=osi&th=1&psc=1">View Product</a></div><div class="product"><a href="https://www.amazon.com/dp/B0B28DGZBG?tag=eloabder-20&linkCode=osi&th=1&psc=1"><img src="https://m.media-amazon.com/images/I/51ooMN4RqML._SL500_.jpg" alt="Product Image"></a><p>Replacement Parts for Shark AI AV2511AE AV2501S AV2610WA AV2501AE RV2502AE RV2610WA RV2520 AV2510 2-In-1 AI Ultra Robot Vacuum Cleaner Accessories Kits. Main Brush, HEPA Filter, Foam Filter,Side Brush</p><p>$19.99 ($1.05 / Count)</p><a href="https://www.amazon.com/dp/B0B28DGZBG?tag=eloabder-20&linkCode=osi&th=1&psc=1">View Product</a></div><div class="product"><a href="https://www.amazon.com/dp/B0782T7L6P?tag=eloabder-20&linkCode=osi&th=1&psc=1"><img src="https://m.media-amazon.com/images/I/41hTVkuzMJL._SL500_.jpg" alt="Product Image"></a><p>10pcs HEPA Filters Replacement for ILIFE V3s V3s pro V5 V5s V5s Pro V5s Pro 2 V5s Plus Noisz S5 Robotic Vacuum Cleaner ILIFE V3s pro Filters ILIFE Robot Vacuum Filter</p><p>$9.80 ($0.98 / Count)</p><a href="https://www.amazon.com/dp/B0782T7L6P?tag=eloabder-20&linkCode=osi&th=1&psc=1">View Product</a></div><div class="product"><a href="https://www.amazon.com/dp/B0CXLVHTTC?tag=eloabder-20&linkCode=osi&th=1&psc=1"><img src="https://m.media-amazon.com/images/I/51BT3phYzKL._SL500_.jpg" alt="Product Image"></a><p>HUIZHEN Spare Accessories for MAMNV BR150/BR151, for ZCWA BR150/BR151, for MANVINS G20,for GTTVO BR150/BR151,for ONSON BR150/BR151 Robot Vacuum Replacement Parts,6 Side Brush,4 HEPA Filters,4 Mop Pads</p><p>$9.99</p><a href="https://www.amazon.com/dp/B0CXLVHTTC?tag=eloabder-20&linkCode=osi&th=1&psc=1">View Product</a></div><div class="product"><a href="https://www.amazon.com/dp/B08RYDDQL8?tag=eloabder-20&linkCode=osi&th=1&psc=1"><img src="https://m.media-amazon.com/images/I/314Xd7+oBXL._SL500_.jpg" alt="Product Image"></a><p>AirClean 4 Pack 3.7" High Replacement Base Pre-Motor Foam Filters Compatible with Shark IQ Robot Vacuum R101AE RV1001AE UR1005AE Self-Empty Base</p><p>$12.99 ($3.25 / Count)</p><a href="https://www.amazon.com/dp/B08RYDDQL8?tag=eloabder-20&linkCode=osi&th=1&psc=1">View Product</a></div><div class="product"><a href="https://www.amazon.com/dp/B0CJLHJ557?tag=eloabder-20&linkCode=osi&th=1&psc=1"><img src="https://m.media-amazon.com/images/I/41iQm8hUjiL._SL500_.jpg" alt="Product Image"></a><p>Replacement Parts Compatible with WYZE Robot Vacuum Cleaner WVCR200S Accessories, 2 Main Brushes, 6 Hepa Filters, 8 Side Brushes Attachment Spare Pack</p><p>$14.99 ($0.94 / Count)</p><a href="https://www.amazon.com/dp/B0CJLHJ557?tag=eloabder-20&linkCode=osi&th=1&psc=1">View Product</a></div>
<div class="product"><a href="https://www.amazon.com/dp/B0C4595Q8P?tag=eloabder-20&linkCode=osi&th=1&psc=1"><img src="https://m.media-amazon.com/images/I/51k23SAtRxL._SL500_.jpg" alt="Product Image"></a><p>4 Pack FSV001 HEPA Filter Compatiable with Fabuletta FSV101, FSV001, Girnoor G160&G165, Afoddon A300, Lubluelu 202, Oraimo Cordless Vacuum Cleaner, Besswin W26 Cordless Stick Vacuum Cleaners</p><p>$15.99 ($4.00 / Count)</p><a href="https://www.amazon.com/dp/B0C4595Q8P?tag=eloabder-20&linkCode=osi&th=1&psc=1">View Product</a></div>
<div class="product"><a href="https://www.amazon.com/dp/B0BNKJX96X?tag=eloabder-20&linkCode=osi&th=1&psc=1"><img src="https://m.media-amazon.com/images/I/41OPeLFppoL._SL500_.jpg" alt="Product Image"></a><p>6 PACK 2033 Replacement Filter Compatible with Bissell Featherweight Stick Lightweight Bagless Vacuum Cleaner 20331, 20333, 20334, 20336, 20339, 2033M,6 Mesh Filter 6 Foam Filters, Replace # 1611508</p><p>$14.99 ($2.50 / Count)</p><a href="https://www.amazon.com/dp/B0BNKJX96X?tag=eloabder-20&linkCode=osi&th=1&psc=1">View Product</a></div><div class="product"><a href="https://www.amazon.com/dp/B0CMBWLTSM?tag=eloabder-20&linkCode=osi&th=1&psc=1"><img src="https://m.media-amazon.com/images/I/41PHqKaLTDL._SL500_.jpg" alt="Product Image"></a><p>18V ONE + Cordless Pet Stick Vacuum Filter for Ryobi, PCL720, PBLSV716, PBLSV717 Stick Vacuum, Reusable Washable Filters, Compare to Part A32SV720N, 6 Pack</p><p>$15.99 ($2.66 / Count)</p><a href="https://www.amazon.com/dp/B0CMBWLTSM?tag=eloabder-20&linkCode=osi&th=1&psc=1">View Product</a></div><div class="product"><a href="https://www.amazon.com/dp/B0CXDYWWT9?tag=eloabder-20&linkCode=osi&th=1&psc=1"><img src="https://m.media-amazon.com/images/I/41F1csTT8jL._SL500_.jpg" alt="Product Image"></a><p>2 Replacement Filters for Craftsman V20 Cordless Stick Vacuum CMCVS001D1, for Black Decker BSVF1 BSV2020 BSV2020G BSV2020P Cordless Stick Vacuum Cleaner with 1 Cleaning Brush</p><p>$14.99</p><a href="https://www.amazon.com/dp/B0CXDYWWT9?tag=eloabder-20&linkCode=osi&th=1&psc=1">View Product</a></div><div class="product"><a href="https://www.amazon.com/dp/B0CCJ5N5DH?tag=eloabder-20&linkCode=osi&th=1&psc=1"><img src="https://m.media-amazon.com/images/I/41xmhDPqk8L._SL500_.jpg" alt="Product Image"></a><p>Aolleteau 1 Pack Brush Roller Compatible with Black + Decker BSV2020, BSV2020P, BSV2020G Powerseries Extreme Cordless Stick Vacuum and Compatible with Craftsman V20 Cordless Stick Vacuum CMCVS001D1</p><p>$17.99</p><a href="https://www.amazon.com/dp/B0CCJ5N5DH?tag=eloabder-20&linkCode=osi&th=1&psc=1">View Product</a></div><div class="product"><a href="https://www.amazon.com/dp/B0CQY61LFD?tag=eloabder-20&linkCode=osi&th=1&psc=1"><img src="https://m.media-amazon.com/images/I/31swBBC444L._SL500_.jpg" alt="Product Image"></a><p>Tablenco for Shark HZ602 Filter Replacement Ultralight Pet Pro Corded Stick Vacuum and HZ2002 Vertex DuoClean PowerFins fit HZ2000 HZ251 HZ250 HH200 HH202,4 Foam Felt 4 Motor Kit (No cleaning brush)</p><p>$9.98</p><a href="https://www.amazon.com/dp/B0CQY61LFD?tag=eloabder-20&linkCode=osi&th=1&psc=1">View Product</a></div><div class="product"><a href="https://www.amazon.com/dp/B09Q55KW8W?tag=eloabder-20&linkCode=osi&th=1&psc=1"><img src="https://m.media-amazon.com/images/I/51MKsJy6nSL._SL500_.jpg" alt="Product Image"></a><p>Anicell 2033 Featherweight Filter for Bissell Featherweight Stick Lightweight Bagless Vacuum 20331 20333 20334 20336 20339 2033M, 4 Mesh Filters 6 Foam Filters Replacement, Replace part# 1611508</p><p>$11.99</p><a href="https://www.amazon.com/dp/B09Q55KW8W?tag=eloabder-20&linkCode=osi&th=1&psc=1">View Product</a></div><div class="product"><a href="https://www.amazon.com/dp/B0CDVG7LHD?tag=eloabder-20&linkCode=osi&th=1&psc=1"><img src="https://m.media-amazon.com/images/I/41hjN1Te6sL._SL500_.jpg" alt="Product Image"></a><p>Moreffi 3 Pack Filter Replacement For HART Cordless Stick Vacuum HPSV01 and HPSV50, Compare to Part Number HASV01</p><p>$19.99 ($6.66 / Count)</p><a href="https://www.amazon.com/dp/B0CDVG7LHD?tag=eloabder-20&linkCode=osi&th=1&psc=1">View Product</a></div>
<div class="product"><a href="https://www.amazon.com/dp/B07DQ9TZC8?tag=eloabder-20&linkCode=osi&th=1&psc=1"><img src="https://m.media-amazon.com/images/I/41PHyZ20FuL._SL500_.jpg" alt="Product Image"></a><p>Kenmore 53294 Style O HEPA Cloth Vacuum Bags for Kenmore Upright Vacuum Cleaners 6 Pack,White</p><p>$20.99 ($3.50 / Count)</p><a href="https://www.amazon.com/dp/B07DQ9TZC8?tag=eloabder-20&linkCode=osi&th=1&psc=1">View Product</a></div><div class="product"><a href="https://www.amazon.com/dp/B08MXVTTT2?tag=eloabder-20&linkCode=osi&th=1&psc=1"><img src="https://m.media-amazon.com/images/I/41T6wRpIMzL._SL500_.jpg" alt="Product Image"></a><p>Kenmore IB600 HEPA Replacement Intuition Upright Vacuum Cleaner Bags for BU4022, BU4020, BU4018, BU4050, BU3040,White</p><p>$18.75</p><a href="https://www.amazon.com/dp/B08MXVTTT2?tag=eloabder-20&linkCode=osi&th=1&psc=1">View Product</a></div><div class="product"><a href="https://www.amazon.com/dp/B01010JVYO?tag=eloabder-20&linkCode=osi&th=1&psc=1"><img src="https://m.media-amazon.com/images/I/51Anluh47GL._SL500_.jpg" alt="Product Image"></a><p>EnviroCare Replacement Micro Filtration Vacuum Cleaner Dust Bags Designed to fit Hoover Windtunnel Upright Type Y 9 pack</p><p>$9.89 ($1.10 / Count)</p><a href="https://www.amazon.com/dp/B01010JVYO?tag=eloabder-20&linkCode=osi&th=1&psc=1">View Product</a></div><div class="product"><a href="https://www.amazon.com/dp/B0D5CP3WBY?tag=eloabder-20&linkCode=osi&th=1&psc=1"><img src="https://m.media-amazon.com/images/I/31MaGmsVOwL._SL500_.jpg" alt="Product Image"></a><p>Bagless Upright Kenmore Vacuum HEPA Filters, Compatible with Foam Filters, Felt Filters and Upright vacuum cleaner for Models K4010,DU2015,DU2012(includes 1 Hepa Filters,2 Foam and 2 Felt Filters)</p><p>$12.99</p><a href="https://www.amazon.com/dp/B0D5CP3WBY?tag=eloabder-20&linkCode=osi&th=1&psc=1">View Product</a></div><div class="product"><a href="https://www.amazon.com/dp/B0CBFV28WX?tag=eloabder-20&linkCode=osi&th=1&psc=1"><img src="https://m.media-amazon.com/images/I/51LIYI0wXSL._SL500_.jpg" alt="Product Image"></a><p>16 Packs Vacuum Bags for Oreck Type CC, Compatible with All Oreck XL Upright Vacuum Cleaner - Replaces Part # CCPK8DW</p><p>$21.99 ($1.37 / Count)</p><a href="https://www.amazon.com/dp/B0CBFV28WX?tag=eloabder-20&linkCode=osi&th=1&psc=1">View Product</a></div><div class="product"><a href="https://www.amazon.com/dp/B00F9GQMHA?tag=eloabder-20&linkCode=osi&th=1&psc=1"><img src="https://m.media-amazon.com/images/I/51lhelurelL._SL500_.jpg" alt="Product Image"></a><p>EnviroCare Replacement Premium Vacuum Cleaner Dust Bags made to fit Eureka F&G Uprights 9 bags</p><p>$11.09</p><a href="https://www.amazon.com/dp/B00F9GQMHA?tag=eloabder-20&linkCode=osi&th=1&psc=1">View Product</a></div><div class="product"><a href="https://www.amazon.com/dp/B002CI8G1I?tag=eloabder-20&linkCode=osi&th=1&psc=1"><img src="https://m.media-amazon.com/images/I/51PYQrQpbSL._SL500_.jpg" alt="Product Image"></a><p>EnviroCare Replacement Micro Filtration Vacuum Cleaner Dust Bags made to fit Kenmore Upright Type U/L/O 50688 and 50690, Panasonic Type U-2, Miele Type Z. 9 pack</p><p>$9.99</p><a href="https://www.amazon.com/dp/B002CI8G1I?tag=eloabder-20&linkCode=osi&th=1&psc=1">View Product</a></div>
<div class="product"><a href="https://www.amazon.com/dp/B07GNQJ67P?tag=eloabder-20&linkCode=osi&th=1&psc=1"><img src="https://m.media-amazon.com/images/I/41XHnKbgjAL._SL500_.jpg" alt="Product Image"></a><p>Kenmore 53292 Type Q HEPA Replacement Dust Bags for Canister Vacuum 81214, 81414, 81714, 21814, BC2005, BC3005, 81615, BC7005, 6 Count (Pack of 1)</p><p>$13.24 ($2.21 / Count)</p><a href="https://www.amazon.com/dp/B07GNQJ67P?tag=eloabder-20&linkCode=osi&th=1&psc=1">View Product</a></div><div class="product"><a href="https://www.amazon.com/dp/B01L0C0FVK?tag=eloabder-20&linkCode=osi&th=1&psc=1"><img src="https://m.media-amazon.com/images/I/51ZIjbo9NVL._SL500_.jpg" alt="Product Image"></a><p>Envirocare Replacement Vacuum Bags Compatible with Kenmore Canister Type C/Q. 5055, 50557 and 50558 Panasonic Type C-5 Vacuums,15 pack</p><p>$16.16</p><a href="https://www.amazon.com/dp/B01L0C0FVK?tag=eloabder-20&linkCode=osi&th=1&psc=1">View Product</a></div><div class="product"><a href="https://www.amazon.com/dp/B0BTRTP2PM?tag=eloabder-20&linkCode=osi&th=1&psc=1"><img src="https://m.media-amazon.com/images/I/41K295aRv9L._SL500_.jpg" alt="Product Image"></a><p>Vacuum Cleaner Bags Fit for Kenmore Canister Type C/Q 50555 50557 50558 and Type C-5, 10PCs</p><p>$15.99</p><a href="https://www.amazon.com/dp/B0BTRTP2PM?tag=eloabder-20&linkCode=osi&th=1&psc=1">View Product</a></div><div class="product"><a href="https://www.amazon.com/dp/B0CRQYGLZX?tag=eloabder-20&linkCode=osi&th=1&psc=1"><img src="https://m.media-amazon.com/images/I/413iXp+j3ML._SL500_.jpg" alt="Product Image"></a><p>15 Pack Canister Vacuum Cleaner Bags Compatible with Kenmore Canister Type C/Q 5055, 50555, 50557, 50558 and Type C-5, C-18, 53292, 200 Series, 400 Series, 600 Series, 700 Series, 800 Series Vacuum</p><p>$11.69</p><a href="https://www.amazon.com/dp/B0CRQYGLZX?tag=eloabder-20&linkCode=osi&th=1&psc=1">View Product</a></div><div class="product"><a href="https://www.amazon.com/dp/B00QGD3SBI?tag=eloabder-20&linkCode=osi&th=1&psc=1"><img src="https://m.media-amazon.com/images/I/51xw0asyqTL._SL500_.jpg" alt="Product Image"></a><p>EnviroCare Replacement Vacuum Bags made to fit Kenmore Canister Type C or Q 50555, 50558, 50557 and Panasonic Type C-5 Vacuums, 9 pack</p><p>$9.79</p><a href="https://www.amazon.com/dp/B00QGD3SBI?tag=eloabder-20&linkCode=osi&th=1&psc=1">View Product</a></div><div class="product"><a href="https://www.amazon.com/dp/B0CQP9NP5N?tag=eloabder-20&linkCode=osi&th=1&psc=1"><img src="https://m.media-amazon.com/images/I/41WnNkTz8zL._SL500_.jpg" alt="Product Image"></a><p>8 Pack Replacement Vacuum Bags Compatible with Kenmore Canister Type C/Q. 5055, 50104, 50557 and 50558 Panasonic Type C-5 Vacuums</p><p>$9.99 ($1.25 / Count)</p><a href="https://www.amazon.com/dp/B0CQP9NP5N?tag=eloabder-20&linkCode=osi&th=1&psc=1">View Product</a></div>
<div class="product"><a href="https://www.amazon.com/dp/B09M3Y2BHR?tag=eloabder-20&linkCode=osi&th=1&psc=1"><img src="https://m.media-amazon.com/images/I/31tevngai1L._SL500_.jpg" alt="Product Image"></a><p>Ymimi Vacuum Filter Compatible with Eureka WhirlWind Bagless Canister Vacuum Cleaner,Fits NEN110A,NEN110B,NEN110Dï¼ˆ2-Packï¼‰</p><p>$11.99 ($6.00 / Count)</p><a href="https://www.amazon.com/dp/B09M3Y2BHR?tag=eloabder-20&linkCode=osi&th=1&psc=1">View Product</a></div><div class="product"><a href="https://www.amazon.com/dp/B07J1WWBHN?tag=eloabder-20&linkCode=osi&th=1&psc=1"><img src="https://m.media-amazon.com/images/I/51gmkDrnR2L._SL500_.jpg" alt="Product Image"></a><p>Bissell Powerforce Helix Bagless Washable Premotor Filter #1608225, Black</p><p>$7.78</p><a href="https://www.amazon.com/dp/B07J1WWBHN?tag=eloabder-20&linkCode=osi&th=1&psc=1">View Product</a></div><div class="product"><a href="https://www.amazon.com/dp/B0BK64TMMK?tag=eloabder-20&linkCode=osi&th=1&psc=1"><img src="https://m.media-amazon.com/images/I/41OBMvET7eL._SL500_.jpg" alt="Product Image"></a><p>Vacuum Belt Replacement for Bissell Cleanview Swivel Pet Upright Bagless/Powerlifter Vacuum Cleaner, fits model: 2252, 2254, 22543, 2258,2259, 2260,2316, 2739, 1793, Parts # 3031120, 32074</p><p>$6.99</p><a href="https://www.amazon.com/dp/B0BK64TMMK?tag=eloabder-20&linkCode=osi&th=1&psc=1">View Product</a></div><div class="product"><a href="https://www.amazon.com/dp/B0BKKL3WRB?tag=eloabder-20&linkCode=osi&th=1&psc=1"><img src="https://m.media-amazon.com/images/I/410jMe-FjIL._SL500_.jpg" alt="Product Image"></a><p>Aolleteau F1 HEPA Filter Compatible with Dirt Devil Bagless Upright Cleaner Models Extra Lite, Breeze, Featherlite Bagless, Jaguar Bagless,Platinum Force Vision, Scorpion and Vision Bagless (2 Pack)</p><p>$13.99 ($7.00 / Count)</p><a href="https://www.amazon.com/dp/B0BKKL3WRB?tag=eloabder-20&linkCode=osi&th=1&psc=1">View Product</a></div><div class="product"><a href="https://www.amazon.com/dp/B09SG1P4WN?tag=eloabder-20&linkCode=osi&th=1&psc=1"><img src="https://m.media-amazon.com/images/I/51+Mr+Wq5ML._SL500_.jpg" alt="Product Image"></a><p>NEN110A Vacuum Filter, Inlet Frame and Sponge Filter Compatible with Eureka Whirlwind Bagless Canister Vacuum Cleaner, Fits NEN110A, NEN110B, NEN110D(4-Pack)</p><p>$15.99 ($4.00 / Count)</p><a href="https://www.amazon.com/dp/B09SG1P4WN?tag=eloabder-20&linkCode=osi&th=1&psc=1">View Product</a></div>
<div class="product"><a href="https://www.amazon.com/dp/B07GT9VB9X?tag=eloabder-20&linkCode=osi&th=1&psc=1"><img src="https://m.media-amazon.com/images/I/41IokheYtNL._SL500_.jpg" alt="Product Image"></a><p>6 Pack 1940 Bissell Steam Mop Pads for Bissell PowerFresh Steam Mop 1806 1544 1440 2075A 2685A 1940W 19404 Series, Model 19402 19408 1940a 1940f 1940q 1940t B0006 B0017, Part #5938#203-2633</p><p>$16.99 ($2.83 / Count)</p><a href="https://www.amazon.com/dp/B07GT9VB9X?tag=eloabder-20&linkCode=osi&th=1&psc=1">View Product</a></div><div class="product"><a href="https://www.amazon.com/dp/B07H3MYZLD?tag=eloabder-20&linkCode=osi&th=1&psc=1"><img src="https://m.media-amazon.com/images/I/511p6MPxQ0L._SL500_.jpg" alt="Product Image"></a><p>Flammi Steam Pocket Mop Replacement Pads for Shark S3500 Series S3501 S3601 S3550 S3901 SE450 S3801CO S3601D S2901 S2902 Steam Pocket Mop, 4 Pack</p><p>$16.97 ($4.24 / Count)</p><a href="https://www.amazon.com/dp/B07H3MYZLD?tag=eloabder-20&linkCode=osi&th=1&psc=1">View Product</a></div><div class="product"><a href="https://www.amazon.com/dp/B0C8SH97HN?tag=eloabder-20&linkCode=osi&th=1&psc=1"><img src="https://m.media-amazon.com/images/I/31Mex4y7odL._SL500_.jpg" alt="Product Image"></a><p>HOMEXCEL Steam Mop Replacement Pads Compatible with Bissell Powerfresh Steam Mop 1940 1806 1440 1544 Series, Model 19402 19404 19408 2685A 2075A 1940A 1940Q 1940T 1940W, Steam Mop Pads Refills,4 Pack</p><p>$9.99 ($2.50 / Count)</p><a href="https://www.amazon.com/dp/B0C8SH97HN?tag=eloabder-20&linkCode=osi&th=1&psc=1">View Product</a></div><div class="product"><a href="https://www.amazon.com/dp/B0BFWTXS33?tag=eloabder-20&linkCode=osi&th=1&psc=1"><img src="https://m.media-amazon.com/images/I/51pa2h7o0EL._SL500_.jpg" alt="Product Image"></a><p>12 Pack 1940 Steam Mop Replacement Pads for Bissell Powerfresh Steam Mop 1940 1440 1806 1544 2075 2685A 2814 Series, Model 19402 19404 19408 19409 1940A 1940F 1940Q 1940T 1940W B0006 B0017 2075A 15441</p><p>$24.99</p><a href="https://www.amazon.com/dp/B0BFWTXS33?tag=eloabder-20&linkCode=osi&th=1&psc=1">View Product</a></div><div class="product"><a href="https://www.amazon.com/dp/B0CLP5QGTY?tag=eloabder-20&linkCode=osi&th=1&psc=1"><img src="https://m.media-amazon.com/images/I/414HqpKde9L._SL500_.jpg" alt="Product Image"></a><p>10 Pack 1940 1806 2685A Steam Mop Pads For Bissell Powerfresh Steam Mop Deluxe Pet Lift-Off Plus Slim Scrubbing Steam Mop Replacement Pad 1940A 2814 1544A 2075A Power Fresh Steamer Pad Refill Washable</p><p>$22.99 ($2.30 / Count)</p><a href="https://www.amazon.com/dp/B0CLP5QGTY?tag=eloabder-20&linkCode=osi&th=1&psc=1">View Product</a></div><div class="product"><a href="https://www.amazon.com/dp/B078BBKBPV?tag=eloabder-20&linkCode=osi&th=1&psc=1"><img src="https://m.media-amazon.com/images/I/51WcJqtOUIL._SL500_.jpg" alt="Product Image"></a><p>Tidy Monster Steam Mop Replacement Pads Compatible with Bissell Powerfresh Steam Mop 1940 1806 1544 1440 2075A 2685A Series, Part # 5938 & 203-2633, 1606668 & 1606669 (4 Pack Scrub Plush)</p><p>$9.99</p><a href="https://www.amazon.com/dp/B078BBKBPV?tag=eloabder-20&linkCode=osi&th=1&psc=1">View Product</a></div><div class="product"><a href="https://www.amazon.com/dp/B00A6G37SU?tag=eloabder-20&linkCode=osi&th=1&psc=1"><img src="https://m.media-amazon.com/images/I/51xo0LB-SpL._SL500_.jpg" alt="Product Image"></a><p>BISSELL PowerFresh Steam Mop Pads (Pack of 2) with Fragrance discs (4 ct), 5938</p><p>$21.26 ($10.63 / Count)</p><a href="https://www.amazon.com/dp/B00A6G37SU?tag=eloabder-20&linkCode=osi&th=1&psc=1">View Product</a></div>
<div class="product"><a href="https://www.amazon.com/dp/B0D2QFVY7H?tag=eloabder-20&linkCode=osi&th=1&psc=1"><img src="https://m.media-amazon.com/images/I/417B7H+vvML._SL500_.jpg" alt="Product Image"></a><p>Kenmore KS1010 Deep Clean & Revitalize Pet Carpet Cleaner Formula, 64 oz, White, 64 Fl Oz</p><p>$22.73 ($0.36 / Fl Oz)</p><a href="https://www.amazon.com/dp/B0D2QFVY7H?tag=eloabder-20&linkCode=osi&th=1&psc=1">View Product</a></div><div class="product"><a href="https://www.amazon.com/dp/B0BNK8ZJJ1?tag=eloabder-20&linkCode=osi&th=1&psc=1"><img src="https://m.media-amazon.com/images/I/51z0Pc4xcNL._SL500_.jpg" alt="Product Image"></a><p>Bissell Spotlifter Pet Carpet and Upholstery Cleaner with Brush Head - 4 Pack, 93523</p><p>$23.88 ($0.50 / Fl Oz)</p><a href="https://www.amazon.com/dp/B0BNK8ZJJ1?tag=eloabder-20&linkCode=osi&th=1&psc=1">View Product</a></div><div class="product"><a href="https://www.amazon.com/dp/B0CX245D26?tag=eloabder-20&linkCode=osi&th=1&psc=1"><img src="https://m.media-amazon.com/images/I/411CSXvvO1L._SL500_.jpg" alt="Product Image"></a><p>BISSELLÂ® Spot & Stain with Febreze + Gain Original Scent Formula for Little Green Devices, Portable Carpet Cleaners (3968)</p><p>$12.99 ($0.41 / Fl Oz)</p><a href="https://www.amazon.com/dp/B0CX245D26?tag=eloabder-20&linkCode=osi&th=1&psc=1">View Product</a></div><div class="product"><a href="https://www.amazon.com/dp/B083VZW4R5?tag=eloabder-20&linkCode=osi&th=1&psc=1"><img src="https://m.media-amazon.com/images/I/413BULPLmBL._SL500_.jpg" alt="Product Image"></a><p>BISSELL Multi-Surface Pet Formula with Febreze Freshness for Crosswave (80 oz), 2295L</p><p>$22.99 ($0.29 / Fl Oz)</p><a href="https://www.amazon.com/dp/B083VZW4R5?tag=eloabder-20&linkCode=osi&th=1&psc=1">View Product</a></div><div class="product"><a href="https://www.amazon.com/dp/B0D2RGW219?tag=eloabder-20&linkCode=osi&th=1&psc=1"><img src="https://m.media-amazon.com/images/I/41gD+82tnAL._SL500_.jpg" alt="Product Image"></a><p>Vacmaster Clean & Restore Carpet Cleaner Formula â€“ CCS03</p><p>$19.99 ($0.31 / Fl Oz)</p><a href="https://www.amazon.com/dp/B0D2RGW219?tag=eloabder-20&linkCode=osi&th=1&psc=1">View Product</a></div>






<div class="product"><a href="https://www.amazon.com/dp/B0BY64HQTP?tag=eloabder-20&linkCode=osi&th=1&psc=1"><img src="https://m.media-amazon.com/images/I/41hUxHuASYL._SL500_.jpg" alt="Product Image"></a><p>Air Conditioning Motor WZDK13-38G-1(RD-310-13-8) DC Brushless Fan Motor, 13W Inverter air Conditioner Motor DC Motor for Central air Conditioner</p><p>$39.95</p><a href="https://www.amazon.com/dp/B0BY64HQTP?tag=eloabder-20&linkCode=osi&th=1&psc=1">View Product</a></div><div class="product"><a href="https://www.amazon.com/dp/B0CM5YB884?tag=eloabder-20&linkCode=osi&th=1&psc=1"><img src="https://m.media-amazon.com/images/I/310lQ2tAvLL._SL500_.jpg" alt="Product Image"></a><p>Sparkfix OEM WZDK20-38G (ZKFP-20-8-6) Air Conditioner Replacement Motors DC280V 20W Air Conditioning Fan Motor Inverter Air Conditioner Brushless DC Motor 1300RPM CCW</p><p>$42.79</p><a href="https://www.amazon.com/dp/B0CM5YB884?tag=eloabder-20&linkCode=osi&th=1&psc=1">View Product</a></div>













<div class="product"><a href="https://www.amazon.com/dp/B009PCI2JU?tag=eloabder-20&linkCode=osi&th=1&psc=1"><img src="https://m.media-amazon.com/images/I/310ZJurANUL._SL500_.jpg" alt="Product Image"></a><p>GE RPWFE Refrigerator Water Filter | Certified to Reduce Lead, Sulfur, and 50+ Other Impurities | Replace Every 6 Months for Best Results | Pack of 1</p><p>$49.98</p><a href="https://www.amazon.com/dp/B009PCI2JU?tag=eloabder-20&linkCode=osi&th=1&psc=1">View Product</a></div><div class="product"><a href="https://www.amazon.com/dp/B0882ZJ48W?tag=eloabder-20&linkCode=osi&th=1&psc=1"><img src="https://m.media-amazon.com/images/I/41110o9sUoL._SL500_.jpg" alt="Product Image"></a><p>GE XWFE Refrigerator Water Filter | Certified to Reduce Lead, Sulfur, and 50+ Other Impurities | Replace Every 6 Months for Best Results | Pack of 1, White</p><p>$49.00</p><a href="https://www.amazon.com/dp/B0882ZJ48W?tag=eloabder-20&linkCode=osi&th=1&psc=1">View Product</a></div><div class="product"><a href="https://www.amazon.com/dp/B074HLRXMP?tag=eloabder-20&linkCode=osi&th=1&psc=1"><img src="https://m.media-amazon.com/images/I/21oDpGCQXiL._SL500_.jpg" alt="Product Image"></a><p>LG LT1000P - 6 Month / 200 Gallon Capacity Replacement Refrigerator Water Filter (NSF42, NSF53, and NSF401) ADQ74793501, ADQ75795105, or AGF80300704 , White</p><p>$47.00</p><a href="https://www.amazon.com/dp/B074HLRXMP?tag=eloabder-20&linkCode=osi&th=1&psc=1">View Product</a></div><div class="product"><a href="https://www.amazon.com/dp/B01BKWSHHE?tag=eloabder-20&linkCode=osi&th=1&psc=1"><img src="https://m.media-amazon.com/images/I/31E2+zlkvjL._SL500_.jpg" alt="Product Image"></a><p>Frigidaire EPTWFU01 Water Filtration Filter, 1 Count, White</p><p>$42.99</p><a href="https://www.amazon.com/dp/B01BKWSHHE?tag=eloabder-20&linkCode=osi&th=1&psc=1">View Product</a></div><div class="product"><a href="https://www.amazon.com/dp/B08V6JB9R7?tag=eloabder-20&linkCode=osi&th=1&psc=1"><img src="https://m.media-amazon.com/images/I/31PRPEffCZL._SL500_.jpg" alt="Product Image"></a><p>Frigidaire FPPWFU01 PurePour PWF-1 Water Filter 1 Count (Pack of 1)</p><p>$45.81</p><a href="https://www.amazon.com/dp/B08V6JB9R7?tag=eloabder-20&linkCode=osi&th=1&psc=1">View Product</a></div><div class="product"><a href="https://www.amazon.com/dp/B000AST3AK?tag=eloabder-20&linkCode=osi&th=1&psc=1"><img src="https://m.media-amazon.com/images/I/41DUoSxpwTS._SL500_.jpg" alt="Product Image"></a><p>GE MWF Refrigerator Water Filter | Certified to Reduce Lead, Sulfur, and 50+ Other Impurities | Replace Every 6 Months for Best Results | Pack of 1</p><p>$39.98</p><a href="https://www.amazon.com/dp/B000AST3AK?tag=eloabder-20&linkCode=osi&th=1&psc=1">View Product</a></div><div class="product"><a href="https://www.amazon.com/dp/B0CFZR7K8D?tag=eloabder-20&linkCode=osi&th=1&psc=1"><img src="https://m.media-amazon.com/images/I/31WM5sdhKLL._SL500_.jpg" alt="Product Image"></a><p>HMASAV W10295370A water filter replacement, Compatible with EDR1RXD1,EDR1RXD1B,W10295370,Filter 1,WHR1RXD1,KAD1RXD1,P4RFWB,P8RFWB2L,46-9930,46-9081 2PACK</p><p>$29.99 ($15.00 / Count)</p><a href="https://www.amazon.com/dp/B0CFZR7K8D?tag=eloabder-20&linkCode=osi&th=1&psc=1">View Product</a></div><div class="product"><a href="https://www.amazon.com/dp/B07JM9TTTT?tag=eloabder-20&linkCode=osi&th=1&psc=1"><img src="https://m.media-amazon.com/images/I/41CfAtJ8TPL._SL500_.jpg" alt="Product Image"></a><p>GLACIER FRESH LT1000PC Replacement Water Filter, Compatible with LT1000PC/PCS, LT1000PC, LT-1000PC, MDJ64844601, ADQ747935 ADQ74793504 Filter and LT120F ADQ73334008 Fresh Air (3+3)</p><p>$39.99 ($13.33 / Count)</p><a href="https://www.amazon.com/dp/B07JM9TTTT?tag=eloabder-20&linkCode=osi&th=1&psc=1">View Product</a></div><div class="product"><a href="https://www.amazon.com/dp/B003N1ZSYG?tag=eloabder-20&linkCode=osi&th=1&psc=1"><img src="https://m.media-amazon.com/images/I/31Mbrkrxu1L._SL500_.jpg" alt="Product Image"></a><p>SAMSUNG Genuine Filter for Refrigerator Water and Ice, Carbon Block Filtration for Clean, Clear Drinking Water, 6-Month Life, HAF-CIN/EXP, 1 Pack</p><p>$39.99</p><a href="https://www.amazon.com/dp/B003N1ZSYG?tag=eloabder-20&linkCode=osi&th=1&psc=1">View Product</a></div>









<div class="product"><a href="https://www.amazon.com/dp/B0B2NZ47HN?tag=eloabder-20&linkCode=osi&th=1&psc=1"><img src="https://m.media-amazon.com/images/I/41nC6c2XxJL._SL500_.jpg" alt="Product Image"></a><p>OTE Portable Sparkling Water Maker Soda Maker Machine for home with 20PCS Cylinders 450ml Personal seltzer Carbonators Electroless Double Layer PET Bottle BPA Free Double Pressure Relief Valves -Pink</p><p>$49.99</p><a href="https://www.amazon.com/dp/B0B2NZ47HN?tag=eloabder-20&linkCode=osi&th=1&psc=1">View Product</a></div><div class="product"><a href="https://www.amazon.com/dp/B09DY54L7M?tag=eloabder-20&linkCode=osi&th=1&psc=1"><img src="https://m.media-amazon.com/images/I/31LSpnm3G8L._SL500_.jpg" alt="Product Image"></a><p>MOSOLAN Bottle Cleaning Brush, 17 Inches Extra Long Handle Water Bottle Brush, Flexible Bendable Cleaner for Washing Narrow Neck Bottles, Wine Decanter, Kombucha, Pipes, Beer Brewing Supplies, 2 Pack</p><p>$11.95 ($5.98 / Count)</p><a href="https://www.amazon.com/dp/B09DY54L7M?tag=eloabder-20&linkCode=osi&th=1&psc=1">View Product</a></div><div class="product"><a href="https://www.amazon.com/dp/B0736CBNDN?tag=eloabder-20&linkCode=osi&th=1&psc=1"><img src="https://m.media-amazon.com/images/I/41tWXmwP5KL._SL500_.jpg" alt="Product Image"></a><p>#2 Filter Pads (10 Pack Bulk) Compatible with Mini Jet Machine | #2 1.8-2.5 micron | 2 Micron Filtering pads. Filter Wine Beer, Kombucha, Mead Mash. Polishing filtration| Not a Buon Vino product.</p><p>$18.99</p><a href="https://www.amazon.com/dp/B0736CBNDN?tag=eloabder-20&linkCode=osi&th=1&psc=1">View Product</a></div>









<div class="product"><a href="https://www.amazon.com/dp/B07YGN577Y?tag=eloabder-20&linkCode=osi&th=1&psc=1"><img src="https://m.media-amazon.com/images/I/31kfZiyDMUL._SL500_.jpg" alt="Product Image"></a><p>9870163 Trash Power Nut WP9870163 L8</p><p>$50.36</p><a href="https://www.amazon.com/dp/B07YGN577Y?tag=eloabder-20&linkCode=osi&th=1&psc=1">View Product</a></div>

<div class="product"><a href="https://www.amazon.com/dp/B0CWQLM4C7?tag=eloabder-20&linkCode=osi&th=1&psc=1"><img src="https://m.media-amazon.com/images/I/41gTEIOjtlL._SL500_.jpg" alt="Product Image"></a><p>7" Seven Seconds Lazy Kitchen Food Making Tools - Multifunctional Fruit Vegetable Chopper Quick Garlic Peeling Machine Convenient Food Chopper for Slicing,Juice,Grinding</p><p>$32.99</p><a href="https://www.amazon.com/dp/B0CWQLM4C7?tag=eloabder-20&linkCode=osi&th=1&psc=1">View Product</a></div>







<div class="product"><a href="https://www.amazon.com/dp/B0CNKFM9WR?tag=eloabder-20&linkCode=osi&th=1&psc=1"><img src="https://m.media-amazon.com/images/I/31sGGIDic9L._SL500_.jpg" alt="Product Image"></a><p>hobbyme Pack of 4 Plastic Coffee Scoops with Brush & Espresso Grinder Brush for Ground Coffee Cleaning Tea Power Coffee Grinder Spoon</p><p>$6.49</p><a href="https://www.amazon.com/dp/B0CNKFM9WR?tag=eloabder-20&linkCode=osi&th=1&psc=1">View Product</a></div>





<div class="product"><a href="https://www.amazon.com/dp/B07798328B?tag=eloabder-20&linkCode=osi&th=1&psc=1"><img src="https://m.media-amazon.com/images/I/31Vpin+sgUS._SL500_.jpg" alt="Product Image"></a><p>Prime-Line MP10513 Standard Plastic Ice Cube Trays (5 Pack)</p><p>$12.69</p><a href="https://www.amazon.com/dp/B07798328B?tag=eloabder-20&linkCode=osi&th=1&psc=1">View Product</a></div><div class="product"><a href="https://www.amazon.com/dp/B077965JDB?tag=eloabder-20&linkCode=osi&th=1&psc=1"><img src="https://m.media-amazon.com/images/I/31H1hNlH6RL._SL500_.jpg" alt="Product Image"></a><p>Prime-Line MP10863 Standard Plastic Ice Cube Trays (2 Pack)</p><p>$9.69</p><a href="https://www.amazon.com/dp/B077965JDB?tag=eloabder-20&linkCode=osi&th=1&psc=1">View Product</a></div>

<div class="product"><a href="https://www.amazon.com/dp/B08MPLY84K?tag=eloabder-20&linkCode=osi&th=1&psc=1"><img src="https://m.media-amazon.com/images/I/31kWTfzQJBL._SL500_.jpg" alt="Product Image"></a><p>Syntus Vacuum Sealer Bags, 6 Pack 3 Rolls 11" x 20' and 3 Rolls 8" x 20' Commercial Grade BPA Free Bag Rolls, Food Vac Bags for Storage, Meal Prep or Sous Vide</p><p>$19.99</p><a href="https://www.amazon.com/dp/B08MPLY84K?tag=eloabder-20&linkCode=osi&th=1&psc=1">View Product</a></div><div class="product"><a href="https://www.amazon.com/dp/B0C5BWRMQL?tag=eloabder-20&linkCode=osi&th=1&psc=1"><img src="https://m.media-amazon.com/images/I/41yPpkb6oeL._SL500_.jpg" alt="Product Image"></a><p>Bonsenkitchen Vacuum Sealer Rolls Bags, 6 Pack 3 Rolls 11" x 20' + 3 Rolls 8" x 20' Commercial Grade BPA Free Bag Rolls, Durable Customized Size Food Vac Bags for Storage and Sous Vide Cooking VB3211</p><p>$19.99 ($3.33 / Count)</p><a href="https://www.amazon.com/dp/B0C5BWRMQL?tag=eloabder-20&linkCode=osi&th=1&psc=1">View Product</a></div><div class="product"><a href="https://www.amazon.com/dp/B0C5C1JTC4?tag=eloabder-20&linkCode=osi&th=1&psc=1"><img src="https://m.media-amazon.com/images/I/31JpyYsm7YL._SL500_.jpg" alt="Product Image"></a><p>Bonsenkitchen Vacuum Food Sealer Bags 200 Quart 8" x 12", BPA Free, Commercial Grade Textured Food Vacuum Sealer Bag, Thick Embossed Bags for Food Storage and Sous Vide Cooking VB3208</p><p>$18.39 ($0.09 / Count)</p><a href="https://www.amazon.com/dp/B0C5C1JTC4?tag=eloabder-20&linkCode=osi&th=1&psc=1">View Product</a></div><div class="product"><a href="https://www.amazon.com/dp/B07TMZDGQ1?tag=eloabder-20&linkCode=osi&th=1&psc=1"><img src="https://m.media-amazon.com/images/I/31cRCu-JIsL._SL500_.jpg" alt="Product Image"></a><p>Wevac Vacuum Sealer Bags 11x50 Rolls 2 pack for Food Saver, Seal a Meal, Weston. Commercial Grade, BPA Free, Heavy Duty, Great for vac storage, Meal Prep or Sous Vide</p><p>$20.99 ($0.21 / Count)</p><a href="https://www.amazon.com/dp/B07TMZDGQ1?tag=eloabder-20&linkCode=osi&th=1&psc=1">View Product</a></div><div class="product"><a href="https://www.amazon.com/dp/B07TV4KRCL?tag=eloabder-20&linkCode=osi&th=1&psc=1"><img src="https://m.media-amazon.com/images/I/31uv3qtc9bL._SL500_.jpg" alt="Product Image"></a><p>Wevac Vacuum Sealer Bags 100 Gallon 11x16 Inch for Food Saver, Seal a Meal, Weston. Commercial Grade, BPA Free, Heavy Duty, Great for vac storage, Meal Prep and Sous Vide</p><p>$21.24</p><a href="https://www.amazon.com/dp/B07TV4KRCL?tag=eloabder-20&linkCode=osi&th=1&psc=1">View Product</a></div>














<div class="product"><a href="https://www.amazon.com/dp/B00UTFZAII?tag=eloabder-20&linkCode=osi&th=1&psc=1"><img src="https://m.media-amazon.com/images/I/31z7hZ6KbXL._SL500_.jpg" alt="Product Image"></a><p>Miele 10123210 AirClean 3D Efficiency Dust Bag, Type GN, 4 Bags & 2 Filters, White</p><p>$21.86 ($21.86 / Count)</p><a href="https://www.amazon.com/dp/B00UTFZAII?tag=eloabder-20&linkCode=osi&th=1&psc=1">View Product</a></div><div class="product"><a href="https://www.amazon.com/dp/B07WHG6J5S?tag=eloabder-20&linkCode=osi&th=1&psc=1"><img src="https://m.media-amazon.com/images/I/41hnaEOxB9L._SL500_.jpg" alt="Product Image"></a><p>KEEPOW Vacuum Filters for Eureka, Power Speed Vacuum Filters Replacement for Eureka NEU182A, NEU182B, NEU280, NEU180, NEU181, NEU188, NEU202 Bagless Upright Vacuum Cleaner, Part E0202 (4 Pack)</p><p>$9.99 ($2.50 / Count)</p><a href="https://www.amazon.com/dp/B07WHG6J5S?tag=eloabder-20&linkCode=osi&th=1&psc=1">View Product</a></div><div class="product"><a href="https://www.amazon.com/dp/B00UTFZB82?tag=eloabder-20&linkCode=osi&th=1&psc=1"><img src="https://m.media-amazon.com/images/I/41WdlL5T0dL._SL500_.jpg" alt="Product Image"></a><p>Miele AirClean 3D Efficiency Dust Bag, Type FJM, 4 Bags & 2 Filters, White</p><p>$18.99</p><a href="https://www.amazon.com/dp/B00UTFZB82?tag=eloabder-20&linkCode=osi&th=1&psc=1">View Product</a></div><div class="product"><a href="https://www.amazon.com/dp/B09NKP346M?tag=eloabder-20&linkCode=osi&th=1&psc=1"><img src="https://m.media-amazon.com/images/I/41o25nqkODL._SL500_.jpg" alt="Product Image"></a><p>Anewise 6 Pack Filter Replacement for Bissell Powerforce Compact Lightweight Upright 2112 1520 for Bissel Turbo Bagless 2690 Cleanview 3437 3508 Vacuum Cleaner, Compare to Parts #1604896/160-4896</p><p>$12.99</p><a href="https://www.amazon.com/dp/B09NKP346M?tag=eloabder-20&linkCode=osi&th=1&psc=1">View Product</a></div><div class="product"><a href="https://www.amazon.com/dp/B01MQ5NITB?tag=eloabder-20&linkCode=osi&th=1&psc=1"><img src="https://m.media-amazon.com/images/I/41J6lG4H1bL._SL500_.jpg" alt="Product Image"></a><p>Bissell Style 7 3 Pack Vacuum Cleaner Bags, White, 3 Count</p><p>$8.69 ($2.90 / Count)</p><a href="https://www.amazon.com/dp/B01MQ5NITB?tag=eloabder-20&linkCode=osi&th=1&psc=1">View Product</a></div><div class="product"><a href="https://www.amazon.com/dp/B0CDH1JY5D?tag=eloabder-20&linkCode=osi&th=1&psc=1"><img src="https://m.media-amazon.com/images/I/516DPXu4siL._SL500_.jpg" alt="Product Image"></a><p>4 Pack Replacement Filters Compatiable with Wyze Cordless Vacuum Cleaner, Removable and Washable HEPA Filter Accessories Part Set with 1 Cleaning Brush for Wyze Handheld Cordless Vacuum Cleaner</p><p>$15.99 ($4.00 / Count)</p><a href="https://www.amazon.com/dp/B0CDH1JY5D?tag=eloabder-20&linkCode=osi&th=1&psc=1">View Product</a></div><div class="product"><a href="https://www.amazon.com/dp/B07P3WB37F?tag=eloabder-20&linkCode=osi&th=1&psc=1"><img src="https://m.media-amazon.com/images/I/51WaYrkiVXL._SL500_.jpg" alt="Product Image"></a><p>Miele AirClean 3D Efficiency Dust Bag, Type GN, XL Value Pack, 8 Bags and 4 Filters</p><p>$36.99</p><a href="https://www.amazon.com/dp/B07P3WB37F?tag=eloabder-20&linkCode=osi&th=1&psc=1">View Product</a></div><div class="product"><a href="https://www.amazon.com/dp/B09DSY4Z2T?tag=eloabder-20&linkCode=osi&th=1&psc=1"><img src="https://m.media-amazon.com/images/I/51+ref3EeAL._SL500_.jpg" alt="Product Image"></a><p>Filter Replacement for Tineco A10 A11 Hero A10/A11 Master PURE ONE S11 Series, S12, X Cordless Vacuum Cleaner (3 PACK) â€¦</p><p>$12.99 ($4.33 / Count)</p><a href="https://www.amazon.com/dp/B09DSY4Z2T?tag=eloabder-20&linkCode=osi&th=1&psc=1">View Product</a></div>


<div class="product"><a href="https://www.amazon.com/dp/B0BXRR5QFV?tag=eloabder-20&linkCode=osi&th=1&psc=1"><img src="https://m.media-amazon.com/images/I/41sjdBkCp8L._SL500_.jpg" alt="Product Image"></a><p>AC Infinity CLOUDFORGE T7, Plant Humidifier 15L with VPD Humidity Controls, 10-Level Precision Vaporizer, Extendable Hose, Targeting Pipe, and No-Leak Seal for Grow Tents</p><p>$159.00</p><a href="https://www.amazon.com/dp/B0BXRR5QFV?tag=eloabder-20&linkCode=osi&th=1&psc=1">View Product</a></div><div class="product"><a href="https://www.amazon.com/dp/B01N6MV8SA?tag=eloabder-20&linkCode=osi&th=1&psc=1"><img src="https://m.media-amazon.com/images/I/41hX08+W1xL._SL500_.jpg" alt="Product Image"></a><p>Protec Humidifier Tank Cleaner, 1 Count - Colors May Vary</p><p>$5.98</p><a href="https://www.amazon.com/dp/B01N6MV8SA?tag=eloabder-20&linkCode=osi&th=1&psc=1">View Product</a></div><div class="product"><a href="https://www.amazon.com/dp/B07GXBTH82?tag=eloabder-20&linkCode=osi&th=1&psc=1"><img src="https://m.media-amazon.com/images/I/41ibxK12JPL._SL500_.jpg" alt="Product Image"></a><p>Essick Air 1970-2 Humidifier, 2-Quart Bacteriostatic Treatment, 2 Pack, Clear, 2</p><p>$22.99</p><a href="https://www.amazon.com/dp/B07GXBTH82?tag=eloabder-20&linkCode=osi&th=1&psc=1">View Product</a></div><div class="product"><a href="https://www.amazon.com/dp/B08TTT3K9B?tag=eloabder-20&linkCode=osi&th=1&psc=1"><img src="https://m.media-amazon.com/images/I/41U6j9SexmL._SL500_.jpg" alt="Product Image"></a><p>Leemone Humidifier Cleaner 12 Pack, Demineralization Cleaning Ball, Works in All humidifiers and Fish Tanks, Purifies Water, Prevents Hard Water Build-Up, Eliminates White Dust and Odor</p><p>$14.44</p><a href="https://www.amazon.com/dp/B08TTT3K9B?tag=eloabder-20&linkCode=osi&th=1&psc=1">View Product</a></div>
<div class="product"><a href="https://www.amazon.com/dp/B07YD4XCT3?tag=eloabder-20&linkCode=osi&th=1&psc=1"><img src="https://m.media-amazon.com/images/I/41hR81iKyJL._SL500_.jpg" alt="Product Image"></a><p>Vacplus Moisture Absorber Packets, Fragrance Free(10 Pack), Humidity Packs, Hanging Closet Dehumidifier Bags, Desiccant 9.8OZ</p><p>$21.99</p><a href="https://www.amazon.com/dp/B07YD4XCT3?tag=eloabder-20&linkCode=osi&th=1&psc=1">View Product</a></div><div class="product"><a href="https://www.amazon.com/dp/B09LQF5V5K?tag=eloabder-20&linkCode=osi&th=1&psc=1"><img src="https://m.media-amazon.com/images/I/51Cx5ECAotL._SL500_.jpg" alt="Product Image"></a><p>CLEVAST Moisture Absorbers Packets 10 Pack, Dehumidifier Bags for Closet, Unscented Hanging Humidity Absorber in Wardrobes, Bedrooms, Bathrooms(230g/pack)</p><p>$16.98</p><a href="https://www.amazon.com/dp/B09LQF5V5K?tag=eloabder-20&linkCode=osi&th=1&psc=1">View Product</a></div><div class="product"><a href="https://www.amazon.com/dp/B0B8L9QRW8?tag=eloabder-20&linkCode=osi&th=1&psc=1"><img src="https://m.media-amazon.com/images/I/518LgtpPi8L._SL500_.jpg" alt="Product Image"></a><p>Arm & Hammer Essentials Disposable Moisture Absorber and Odor Eliminator Tub, Fragrance Free, 1 lb, 3-Pack, Attracts and Traps Excess Moisture, Ideal Closet Dehumidifier, White</p><p>$24.94 ($0.52 / Ounce)</p><a href="https://www.amazon.com/dp/B0B8L9QRW8?tag=eloabder-20&linkCode=osi&th=1&psc=1">View Product</a></div><div class="product"><a href="https://www.amazon.com/dp/B09W9TPJGZ?tag=eloabder-20&linkCode=osi&th=1&psc=1"><img src="https://m.media-amazon.com/images/I/51pVTVMwHbL._SL500_.jpg" alt="Product Image"></a><p>THECOSKY Dehumidifier and Air Purifier Combo,HEPA H13 Filter and Negative Air Ion Function,54oz(1.6L) Water Tank with Drain Hose,24hrs Auto-Off Timer,Idea for Bedroom,Bathroom,Closet,RV</p><p>$109.99</p><a href="https://www.amazon.com/dp/B09W9TPJGZ?tag=eloabder-20&linkCode=osi&th=1&psc=1">View Product</a></div><div class="product"><a href="https://www.amazon.com/dp/B0CXDG65LZ?tag=eloabder-20&linkCode=osi&th=1&psc=1"><img src="https://m.media-amazon.com/images/I/41HNflmbKHL._SL500_.jpg" alt="Product Image"></a><p>14 x 17.5 x1.75 MERV 13 Replacement Dehumidifier Filter Compatible with Santa Fe Advance90, Advance100, Advance120, Honeywell DR90 & DR120 dehumidifier models, 2 Pack</p><p>$42.99</p><a href="https://www.amazon.com/dp/B0CXDG65LZ?tag=eloabder-20&linkCode=osi&th=1&psc=1">View Product</a></div>
<div class="product"><a href="https://www.amazon.com/dp/B088B921NQ?tag=eloabder-20&linkCode=osi&th=1&psc=1"><img src="https://m.media-amazon.com/images/I/612e4cT3RYL._SL500_.jpg" alt="Product Image"></a><p>ULTTY H13 HEPA Replacement Filter with Medical Coating, True HEPA Filter For R021/ R020 Purifying Fan, Medium</p><p>$29.99</p><a href="https://www.amazon.com/dp/B088B921NQ?tag=eloabder-20&linkCode=osi&th=1&psc=1">View Product</a></div><div class="product"><a href="https://www.amazon.com/dp/B0D2MZ4Y7Z?tag=eloabder-20&linkCode=osi&th=1&psc=1"><img src="https://m.media-amazon.com/images/I/51KgTHizWyL._SL500_.jpg" alt="Product Image"></a><p>Butto 5-Pack Ceiling Fan Filters for Blades - Strong Adhesive Ceiling Fan Filters for Common Household Contaminants - Unscented Coconut Carbon Fan Air Purifier Pads to Make Air Fresh and Natural</p><p>$9.98</p><a href="https://www.amazon.com/dp/B0D2MZ4Y7Z?tag=eloabder-20&linkCode=osi&th=1&psc=1">View Product</a></div><div class="product"><a href="https://www.amazon.com/dp/B0C42HCM21?tag=eloabder-20&linkCode=osi&th=1&psc=1"><img src="https://m.media-amazon.com/images/I/31jk3lpoygL._SL500_.jpg" alt="Product Image"></a><p>Barnakl Ceiling Fan Filters | Activated Coconut Shell Carbon Filter | Easy-Stick Universal Ceiling Fan Air Filters | Unscented Ceiling Fan Blade Filters for Common Household Contaminants, (3-Count)</p><p>$19.99 ($6.66 / Count)</p><a href="https://www.amazon.com/dp/B0C42HCM21?tag=eloabder-20&linkCode=osi&th=1&psc=1">View Product</a></div>
<div class="product"><a href="https://www.amazon.com/dp/B08LZWP29P?tag=eloabder-20&linkCode=osi&th=1&psc=1"><img src="https://m.media-amazon.com/images/I/41NLuzzFW9L._SL500_.jpg" alt="Product Image"></a><p>Chromex Tankless Water Heater Descaling Solution | Highly Effective Descaler Restores Heating Efficiency, Quart, 32 fl oz (1)</p><p>$26.99</p><a href="https://www.amazon.com/dp/B08LZWP29P?tag=eloabder-20&linkCode=osi&th=1&psc=1">View Product</a></div>

<div class="product"><a href="https://www.amazon.com/dp/B005UO4OWQ?tag=eloabder-20&linkCode=osi&th=1&psc=1"><img src="https://m.media-amazon.com/images/I/41oQPKFofoL._SL500_.jpg" alt="Product Image"></a><p>Bissell 203-7458 Brushroll, Bg10/86T3, Black</p><p>$21.26 ($21.26 / Count)</p><a href="https://www.amazon.com/dp/B005UO4OWQ?tag=eloabder-20&linkCode=osi&th=1&psc=1">View Product</a></div>





















<div class="product"><a href="https://www.amazon.com/dp/B0014J7FUY?tag=eloabder-20&linkCode=osi&th=1&psc=1"><img src="https://m.media-amazon.com/images/I/31QrM+IPxOL._SL500_.jpg" alt="Product Image"></a><p>Urnex Grindz Professional Coffee Grinder Cleaning Tablets - 430 Grams - All Natural Food Safe Gluten Free - Cleans Burr and Casing - Help Extend Life of Your Grinder</p><p>$25.99 ($1.71 / Ounce)</p><a href="https://www.amazon.com/dp/B0014J7FUY?tag=eloabder-20&linkCode=osi&th=1&psc=1">View Product</a></div>



<div class="product"><a href="https://www.amazon.com/dp/B0CHW317SG?tag=eloabder-20&linkCode=osi&th=1&psc=1"><img src="https://m.media-amazon.com/images/I/41Qd5Iu3qBL._SL500_.jpg" alt="Product Image"></a><p>EUHOMY 55 Can Beverage Refrigerator cooler-Mini Fridge Glass Door for Beer Drinks Wines, Freestanding Beverage Fridge with Adjustable Shelves Blue LED for Home/Office/Dorm/Bar (1.3cu.ft)</p><p>$128.99</p><a href="https://www.amazon.com/dp/B0CHW317SG?tag=eloabder-20&linkCode=osi&th=1&psc=1">View Product</a></div>

<div class="product"><a href="https://www.amazon.com/dp/B099CN2MRK?tag=eloabder-20&linkCode=osi&th=1&psc=1"><img src="https://m.media-amazon.com/images/I/31CvUCIUX5L._SL500_.jpg" alt="Product Image"></a><p>Genuine PuroAir 240 Replacement Filter - Replacement HEPA Filter for PuroAir 240 Purifier - Captures up to 99% of Pollen, Smoke, Pollen, Dust and Common Household Pollutants</p><p>$48.00</p><a href="https://www.amazon.com/dp/B099CN2MRK?tag=eloabder-20&linkCode=osi&th=1&psc=1">View Product</a></div><div class="product"><a href="https://www.amazon.com/dp/B0055521W0?tag=eloabder-20&linkCode=osi&th=1&psc=1"><img src="https://m.media-amazon.com/images/I/41Hs7ixdyXL._SL500_.jpg" alt="Product Image"></a><p>GermGuardian Filter B HEPA Pure Genuine Air Purifier Replacement Filter, Removes 99.97% of Pollutants for AC4825, AC4300, AC4900, AC4825DLX, AC4850, CDAP4500, AP2200, Black/Yellow, FLT4825</p><p>$17.90 ($17.90 / Count)</p><a href="https://www.amazon.com/dp/B0055521W0?tag=eloabder-20&linkCode=osi&th=1&psc=1">View Product</a></div><div class="product"><a href="https://www.amazon.com/dp/B0BNMYKZPV?tag=eloabder-20&linkCode=osi&th=1&psc=1"><img src="https://m.media-amazon.com/images/I/41-K3mB6KkL._SL500_.jpg" alt="Product Image"></a><p>2 Pack True HEPA KILO Filter Compatible with Afloia KILO, KILOPLUS, KILOPRO, MIRO,MIRO PRO and MORENTO MR-Kilo, Kalo Air Purifier, 360Â° 3-Stage Filtration</p><p>$34.99 ($17.50 / Count)</p><a href="https://www.amazon.com/dp/B0BNMYKZPV?tag=eloabder-20&linkCode=osi&th=1&psc=1">View Product</a></div><div class="product"><a href="https://www.amazon.com/dp/B0D3M4Y9W7?tag=eloabder-20&linkCode=osi&th=1&psc=1"><img src="https://m.media-amazon.com/images/I/41tzW+mkZuL._SL500_.jpg" alt="Product Image"></a><p>Breshair 14 True HEPA Filter Replacement Compatible with PuroAir 240 Air Purifier, 3-in-1 Filtration System with Activated Carbon Filter, 2-Pack</p><p>$31.56 ($15.78 / Count)</p><a href="https://www.amazon.com/dp/B0D3M4Y9W7?tag=eloabder-20&linkCode=osi&th=1&psc=1">View Product</a></div><div class="product"><a href="https://www.amazon.com/dp/B0CB18MVX6?tag=eloabder-20&linkCode=osi&th=1&psc=1"><img src="https://m.media-amazon.com/images/I/519ZmmLOrzL._SL500_.jpg" alt="Product Image"></a><p>2 Pack 3-in-1 H13 True HEPA Replacement Filter Compatible with Pure Enrichment PureZone Air Purifier Part# PEAIRPLG</p><p>$23.99 ($12.00 / Count)</p><a href="https://www.amazon.com/dp/B0CB18MVX6?tag=eloabder-20&linkCode=osi&th=1&psc=1">View Product</a></div><div class="product"><a href="https://www.amazon.com/dp/B08JTZMRML?tag=eloabder-20&linkCode=osi&th=1&psc=1"><img src="https://m.media-amazon.com/images/I/51yx60sCjHL._SL500_.jpg" alt="Product Image"></a><p>6 Pack HPA300 HEPA Filter Replacement for Honeywell HPA300 Series Air Purifiers HPA300, HPA300VP, HPA304, HPA3300, Replace HRF-R3 (6 Ture HEPA R Replacement Filter + 8 Activated Carbon Pre-Filter)</p><p>$47.99 ($3.43 / Count)</p><a href="https://www.amazon.com/dp/B08JTZMRML?tag=eloabder-20&linkCode=osi&th=1&psc=1">View Product</a></div><div class="product"><a href="https://www.amazon.com/dp/B0CF1GLSYS?tag=eloabder-20&linkCode=osi&th=1&psc=1"><img src="https://m.media-amazon.com/images/I/41709EXRzXL._SL500_.jpg" alt="Product Image"></a><p>CHIVALZ 4 Pack HY4866 True HEPA Replacement Filters Compatible with MORENTO HY4866 Air Purifier, WESTHEY HY4866 Air Purifier and YIOU M1 Air Cleaner Purifier, Original Version</p><p>$39.99 ($10.00 / Count)</p><a href="https://www.amazon.com/dp/B0CF1GLSYS?tag=eloabder-20&linkCode=osi&th=1&psc=1">View Product</a></div>







<div class="product"><a href="https://www.amazon.com/dp/B0CYKMFKR9?tag=eloabder-20&linkCode=osi&th=1&psc=1"><img src="https://m.media-amazon.com/images/I/316zU-ozoxL._SL500_.jpg" alt="Product Image"></a><p>Air Purifier Replacement Filter for Space Heater Bladeless Fan</p><p>$29.99</p><a href="https://www.amazon.com/dp/B0CYKMFKR9?tag=eloabder-20&linkCode=osi&th=1&psc=1">View Product</a></div>
<div class="product"><a href="https://www.amazon.com/dp/B07MRH6VY7?tag=eloabder-20&linkCode=osi&th=1&psc=1"><img src="https://m.media-amazon.com/images/I/51g-nuN4A5L._SL500_.jpg" alt="Product Image"></a><p>Colorfullife Replacement Air Purifier Filter for Dyson Tower Purifier Pure Cool Link TP01, TP02, TP03, BP01, Compare to Part 968126-03ï¼Œ2 Pack</p><p>$26.99</p><a href="https://www.amazon.com/dp/B07MRH6VY7?tag=eloabder-20&linkCode=osi&th=1&psc=1">View Product</a></div><div class="product"><a href="https://www.amazon.com/dp/B07TX5SW7J?tag=eloabder-20&linkCode=osi&th=1&psc=1"><img src="https://m.media-amazon.com/images/I/512Kn+cPglL._SL500_.jpg" alt="Product Image"></a><p>TP01 HEPA Filter Replacement Compatible with Dyson Tower Purifier Pure Cool Link TP01, TP02, TP03, AM11, BP01 Models, Compare to Part # 968126-03 (Pack of 2)</p><p>$27.95 ($13.98 / Count)</p><a href="https://www.amazon.com/dp/B07TX5SW7J?tag=eloabder-20&linkCode=osi&th=1&psc=1">View Product</a></div><div class="product"><a href="https://www.amazon.com/dp/B0CC24GZGB?tag=eloabder-20&linkCode=osi&th=1&psc=1"><img src="https://m.media-amazon.com/images/I/41woNpZ9VgL._SL500_.jpg" alt="Product Image"></a><p>TP01 TP02 Filter Compatible with Dyson Pure Cool Link Purifying Tower Fan TP00 TP03 AM11 and Cool Me BP01 Personal Series, 360Â° Air Purifier Filter Replacement 968126-03, 1-Pack</p><p>$25.99</p><a href="https://www.amazon.com/dp/B0CC24GZGB?tag=eloabder-20&linkCode=osi&th=1&psc=1">View Product</a></div><div class="product"><a href="https://www.amazon.com/dp/B0CX23N2JJ?tag=eloabder-20&linkCode=osi&th=1&psc=1"><img src="https://m.media-amazon.com/images/I/3145hmd5j7L._SL500_.jpg" alt="Product Image"></a><p>Dreo Air Purifiers Replacement Filter, HEPA Filter for Dreo Purifier Tower Fan MC710S, with 2 Stage Filtration, Black, Standard(DR-HPA019)</p><p>$39.99</p><a href="https://www.amazon.com/dp/B0CX23N2JJ?tag=eloabder-20&linkCode=osi&th=1&psc=1">View Product</a></div>










<div class="product"><a href="https://www.amazon.com/dp/B001U0OJ7O?tag=eloabder-20&linkCode=osi&th=1&psc=1"><img src="https://m.media-amazon.com/images/I/41XEg3QV-wL._SL500_.jpg" alt="Product Image"></a><p>Whirlpool W10165294RB 15-Inch Plastic Trash Compactor ct, 60 Bags, Count</p><p>$48.34</p><a href="https://www.amazon.com/dp/B001U0OJ7O?tag=eloabder-20&linkCode=osi&th=1&psc=1">View Product</a></div><div class="product"><a href="https://www.amazon.com/dp/B0CC3V4ZZ4?tag=eloabder-20&linkCode=osi&th=1&psc=1"><img src="https://m.media-amazon.com/images/I/31bbvodHnjL._SL500_.jpg" alt="Product Image"></a><p>Waste Smasher- Hand-Held Manual Trash Compactor Dishwasher Safe Black</p><p>$24.95</p><a href="https://www.amazon.com/dp/B0CC3V4ZZ4?tag=eloabder-20&linkCode=osi&th=1&psc=1">View Product</a></div><div class="product"><a href="https://www.amazon.com/dp/B00IYO5914?tag=eloabder-20&linkCode=osi&th=1&psc=1"><img src="https://m.media-amazon.com/images/I/51SLpTXIYNL._SL500_.jpg" alt="Product Image"></a><p>Kitchen Master Super Strong Compactor Bags Pre Cuffed (12 Pack)</p><p>$34.95</p><a href="https://www.amazon.com/dp/B00IYO5914?tag=eloabder-20&linkCode=osi&th=1&psc=1">View Product</a></div><div class="product"><a href="https://www.amazon.com/dp/B075DJ4ZVQ?tag=eloabder-20&linkCode=osi&th=1&psc=1"><img src="https://m.media-amazon.com/images/I/51Vaek4I89L._SL500_.jpg" alt="Product Image"></a><p>Dano Pre-Cuffed Compactor Bags</p><p>$32.95 ($2.75 / Count)</p><a href="https://www.amazon.com/dp/B075DJ4ZVQ?tag=eloabder-20&linkCode=osi&th=1&psc=1">View Product</a></div><div class="product"><a href="https://www.amazon.com/dp/B0C2DCVCBJ?tag=eloabder-20&linkCode=osi&th=1&psc=1"><img src="https://m.media-amazon.com/images/I/51072CtaKuL._SL500_.jpg" alt="Product Image"></a><p>60-pack W10165294RB Trash Compactor Bags - leak-proof trash compactor bags for kitchen 60-ct 15 inches - Fits 15-inch Rectangular Drawer Compactors</p><p>$45.99 ($0.77 / Count)</p><a href="https://www.amazon.com/dp/B0C2DCVCBJ?tag=eloabder-20&linkCode=osi&th=1&psc=1">View Product</a></div><div class="product"><a href="https://www.amazon.com/dp/B001U0OJ7E?tag=eloabder-20&linkCode=osi&th=1&psc=1"><img src="https://m.media-amazon.com/images/I/41c0z26RyvL._SL500_.jpg" alt="Product Image"></a><p>Whirlpool W10165293RB Genuine OEM 60 Pack-Plastic Compactor Bags-18" Models â€“ 1394369, 4178058, 4318932, 4318933, 4318935, 4318937, 4318939, AH1964576, EA1964576, PS1964576</p><p>$48.64 ($0.81 / Count)</p><a href="https://www.amazon.com/dp/B001U0OJ7E?tag=eloabder-20&linkCode=osi&th=1&psc=1">View Product</a></div><div class="product"><a href="https://www.amazon.com/dp/B00W27J16S?tag=eloabder-20&linkCode=osi&th=1&psc=1"><img src="https://m.media-amazon.com/images/I/41RaOjAGlrL._SL500_.jpg" alt="Product Image"></a><p>Compactor Bags Pre Cuffed (50 Pack)</p><p>$84.95 ($1.70 / count)</p><a href="https://www.amazon.com/dp/B00W27J16S?tag=eloabder-20&linkCode=osi&th=1&psc=1">View Product</a></div><div class="product"><a href="https://www.amazon.com/dp/B00MOCYY2W?tag=eloabder-20&linkCode=osi&th=1&psc=1"><img src="https://m.media-amazon.com/images/I/41SH8mDsAnL._SL500_.jpg" alt="Product Image"></a><p>GE WX60X1 Genuine OEM Universal Trash Compactor Bags for GE Trash Compactors</p><p>$19.00</p><a href="https://www.amazon.com/dp/B00MOCYY2W?tag=eloabder-20&linkCode=osi&th=1&psc=1">View Product</a></div><div class="product"><a href="https://www.amazon.com/dp/B0D7SFSTNG?tag=eloabder-20&linkCode=osi&th=1&psc=1"><img src="https://m.media-amazon.com/images/I/41szt9tZJPL._SL500_.jpg" alt="Product Image"></a><p>4PCS Trash Compactor Charcoal Air Filter Fit for Whirlpool/KitchenAid/Maytag/Jenn-Air/Amana/Inglis/Magic Chef Trash Compactor, Replaces 4151750 554358 WP4151750 AP6009134 PS11742279</p><p>$23.59 ($5.90 / Count)</p><a href="https://www.amazon.com/dp/B0D7SFSTNG?tag=eloabder-20&linkCode=osi&th=1&psc=1">View Product</a></div>
<div class="product"><a href="https://www.amazon.com/dp/B0CGLX5ZB9?tag=eloabder-20&linkCode=osi&th=1&psc=1"><img src="https://m.media-amazon.com/images/I/51qeRZQS98L._SL500_.jpg" alt="Product Image"></a><p>Spare Replacement Parts Compatible with MAMNV BR150 BR151, ZCWA BR150 BR151, MANVINS G20 Robot Vacuum and Mop Combo Accessories Include: 3 Hepa Filters 3 Mop Pads 6 Side Spin Brushes</p><p>$9.98</p><a href="https://www.amazon.com/dp/B0CGLX5ZB9?tag=eloabder-20&linkCode=osi&th=1&psc=1">View Product</a></div><div class="product"><a href="https://www.amazon.com/dp/B0B28DGZBG?tag=eloabder-20&linkCode=osi&th=1&psc=1"><img src="https://m.media-amazon.com/images/I/51ooMN4RqML._SL500_.jpg" alt="Product Image"></a><p>Replacement Parts for Shark AI AV2511AE AV2501S AV2610WA AV2501AE RV2502AE RV2610WA RV2520 AV2510 2-In-1 AI Ultra Robot Vacuum Cleaner Accessories Kits. Main Brush, HEPA Filter, Foam Filter,Side Brush</p><p>$19.99 ($1.05 / Count)</p><a href="https://www.amazon.com/dp/B0B28DGZBG?tag=eloabder-20&linkCode=osi&th=1&psc=1">View Product</a></div><div class="product"><a href="https://www.amazon.com/dp/B0782T7L6P?tag=eloabder-20&linkCode=osi&th=1&psc=1"><img src="https://m.media-amazon.com/images/I/41hTVkuzMJL._SL500_.jpg" alt="Product Image"></a><p>10pcs HEPA Filters Replacement for ILIFE V3s V3s pro V5 V5s V5s Pro V5s Pro 2 V5s Plus Noisz S5 Robotic Vacuum Cleaner ILIFE V3s pro Filters ILIFE Robot Vacuum Filter</p><p>$9.80 ($0.98 / Count)</p><a href="https://www.amazon.com/dp/B0782T7L6P?tag=eloabder-20&linkCode=osi&th=1&psc=1">View Product</a></div><div class="product"><a href="https://www.amazon.com/dp/B0CXLVHTTC?tag=eloabder-20&linkCode=osi&th=1&psc=1"><img src="https://m.media-amazon.com/images/I/51BT3phYzKL._SL500_.jpg" alt="Product Image"></a><p>HUIZHEN Spare Accessories for MAMNV BR150/BR151, for ZCWA BR150/BR151, for MANVINS G20,for GTTVO BR150/BR151,for ONSON BR150/BR151 Robot Vacuum Replacement Parts,6 Side Brush,4 HEPA Filters,4 Mop Pads</p><p>$9.99</p><a href="https://www.amazon.com/dp/B0CXLVHTTC?tag=eloabder-20&linkCode=osi&th=1&psc=1">View Product</a></div><div class="product"><a href="https://www.amazon.com/dp/B08RYDDQL8?tag=eloabder-20&linkCode=osi&th=1&psc=1"><img src="https://m.media-amazon.com/images/I/314Xd7+oBXL._SL500_.jpg" alt="Product Image"></a><p>AirClean 4 Pack 3.7" High Replacement Base Pre-Motor Foam Filters Compatible with Shark IQ Robot Vacuum R101AE RV1001AE UR1005AE Self-Empty Base</p><p>$12.99 ($3.25 / Count)</p><a href="https://www.amazon.com/dp/B08RYDDQL8?tag=eloabder-20&linkCode=osi&th=1&psc=1">View Product</a></div><div class="product"><a href="https://www.amazon.com/dp/B0CJLHJ557?tag=eloabder-20&linkCode=osi&th=1&psc=1"><img src="https://m.media-amazon.com/images/I/41iQm8hUjiL._SL500_.jpg" alt="Product Image"></a><p>Replacement Parts Compatible with WYZE Robot Vacuum Cleaner WVCR200S Accessories, 2 Main Brushes, 6 Hepa Filters, 8 Side Brushes Attachment Spare Pack</p><p>$14.99 ($0.94 / Count)</p><a href="https://www.amazon.com/dp/B0CJLHJ557?tag=eloabder-20&linkCode=osi&th=1&psc=1">View Product</a></div>
<div class="product"><a href="https://www.amazon.com/dp/B0C4595Q8P?tag=eloabder-20&linkCode=osi&th=1&psc=1"><img src="https://m.media-amazon.com/images/I/51k23SAtRxL._SL500_.jpg" alt="Product Image"></a><p>4 Pack FSV001 HEPA Filter Compatiable with Fabuletta FSV101, FSV001, Girnoor G160&G165, Afoddon A300, Lubluelu 202, Oraimo Cordless Vacuum Cleaner, Besswin W26 Cordless Stick Vacuum Cleaners</p><p>$15.99 ($4.00 / Count)</p><a href="https://www.amazon.com/dp/B0C4595Q8P?tag=eloabder-20&linkCode=osi&th=1&psc=1">View Product</a></div>
<div class="product"><a href="https://www.amazon.com/dp/B0BNKJX96X?tag=eloabder-20&linkCode=osi&th=1&psc=1"><img src="https://m.media-amazon.com/images/I/41OPeLFppoL._SL500_.jpg" alt="Product Image"></a><p>6 PACK 2033 Replacement Filter Compatible with Bissell Featherweight Stick Lightweight Bagless Vacuum Cleaner 20331, 20333, 20334, 20336, 20339, 2033M,6 Mesh Filter 6 Foam Filters, Replace # 1611508</p><p>$14.99 ($2.50 / Count)</p><a href="https://www.amazon.com/dp/B0BNKJX96X?tag=eloabder-20&linkCode=osi&th=1&psc=1">View Product</a></div><div class="product"><a href="https://www.amazon.com/dp/B0CMBWLTSM?tag=eloabder-20&linkCode=osi&th=1&psc=1"><img src="https://m.media-amazon.com/images/I/41PHqKaLTDL._SL500_.jpg" alt="Product Image"></a><p>18V ONE + Cordless Pet Stick Vacuum Filter for Ryobi, PCL720, PBLSV716, PBLSV717 Stick Vacuum, Reusable Washable Filters, Compare to Part A32SV720N, 6 Pack</p><p>$15.99 ($2.66 / Count)</p><a href="https://www.amazon.com/dp/B0CMBWLTSM?tag=eloabder-20&linkCode=osi&th=1&psc=1">View Product</a></div><div class="product"><a href="https://www.amazon.com/dp/B0CXDYWWT9?tag=eloabder-20&linkCode=osi&th=1&psc=1"><img src="https://m.media-amazon.com/images/I/41F1csTT8jL._SL500_.jpg" alt="Product Image"></a><p>2 Replacement Filters for Craftsman V20 Cordless Stick Vacuum CMCVS001D1, for Black Decker BSVF1 BSV2020 BSV2020G BSV2020P Cordless Stick Vacuum Cleaner with 1 Cleaning Brush</p><p>$14.99</p><a href="https://www.amazon.com/dp/B0CXDYWWT9?tag=eloabder-20&linkCode=osi&th=1&psc=1">View Product</a></div><div class="product"><a href="https://www.amazon.com/dp/B0CCJ5N5DH?tag=eloabder-20&linkCode=osi&th=1&psc=1"><img src="https://m.media-amazon.com/images/I/41xmhDPqk8L._SL500_.jpg" alt="Product Image"></a><p>Aolleteau 1 Pack Brush Roller Compatible with Black + Decker BSV2020, BSV2020P, BSV2020G Powerseries Extreme Cordless Stick Vacuum and Compatible with Craftsman V20 Cordless Stick Vacuum CMCVS001D1</p><p>$17.99</p><a href="https://www.amazon.com/dp/B0CCJ5N5DH?tag=eloabder-20&linkCode=osi&th=1&psc=1">View Product</a></div><div class="product"><a href="https://www.amazon.com/dp/B0CQY61LFD?tag=eloabder-20&linkCode=osi&th=1&psc=1"><img src="https://m.media-amazon.com/images/I/31swBBC444L._SL500_.jpg" alt="Product Image"></a><p>Tablenco for Shark HZ602 Filter Replacement Ultralight Pet Pro Corded Stick Vacuum and HZ2002 Vertex DuoClean PowerFins fit HZ2000 HZ251 HZ250 HH200 HH202,4 Foam Felt 4 Motor Kit (No cleaning brush)</p><p>$9.98</p><a href="https://www.amazon.com/dp/B0CQY61LFD?tag=eloabder-20&linkCode=osi&th=1&psc=1">View Product</a></div><div class="product"><a href="https://www.amazon.com/dp/B09Q55KW8W?tag=eloabder-20&linkCode=osi&th=1&psc=1"><img src="https://m.media-amazon.com/images/I/51MKsJy6nSL._SL500_.jpg" alt="Product Image"></a><p>Anicell 2033 Featherweight Filter for Bissell Featherweight Stick Lightweight Bagless Vacuum 20331 20333 20334 20336 20339 2033M, 4 Mesh Filters 6 Foam Filters Replacement, Replace part# 1611508</p><p>$11.99</p><a href="https://www.amazon.com/dp/B09Q55KW8W?tag=eloabder-20&linkCode=osi&th=1&psc=1">View Product</a></div><div class="product"><a href="https://www.amazon.com/dp/B0CDVG7LHD?tag=eloabder-20&linkCode=osi&th=1&psc=1"><img src="https://m.media-amazon.com/images/I/41hjN1Te6sL._SL500_.jpg" alt="Product Image"></a><p>Moreffi 3 Pack Filter Replacement For HART Cordless Stick Vacuum HPSV01 and HPSV50, Compare to Part Number HASV01</p><p>$19.99 ($6.66 / Count)</p><a href="https://www.amazon.com/dp/B0CDVG7LHD?tag=eloabder-20&linkCode=osi&th=1&psc=1">View Product</a></div>
<div class="product"><a href="https://www.amazon.com/dp/B07DQ9TZC8?tag=eloabder-20&linkCode=osi&th=1&psc=1"><img src="https://m.media-amazon.com/images/I/41PHyZ20FuL._SL500_.jpg" alt="Product Image"></a><p>Kenmore 53294 Style O HEPA Cloth Vacuum Bags for Kenmore Upright Vacuum Cleaners 6 Pack,White</p><p>$20.99 ($3.50 / Count)</p><a href="https://www.amazon.com/dp/B07DQ9TZC8?tag=eloabder-20&linkCode=osi&th=1&psc=1">View Product</a></div><div class="product"><a href="https://www.amazon.com/dp/B08MXVTTT2?tag=eloabder-20&linkCode=osi&th=1&psc=1"><img src="https://m.media-amazon.com/images/I/41T6wRpIMzL._SL500_.jpg" alt="Product Image"></a><p>Kenmore IB600 HEPA Replacement Intuition Upright Vacuum Cleaner Bags for BU4022, BU4020, BU4018, BU4050, BU3040,White</p><p>$18.75</p><a href="https://www.amazon.com/dp/B08MXVTTT2?tag=eloabder-20&linkCode=osi&th=1&psc=1">View Product</a></div><div class="product"><a href="https://www.amazon.com/dp/B01010JVYO?tag=eloabder-20&linkCode=osi&th=1&psc=1"><img src="https://m.media-amazon.com/images/I/51Anluh47GL._SL500_.jpg" alt="Product Image"></a><p>EnviroCare Replacement Micro Filtration Vacuum Cleaner Dust Bags Designed to fit Hoover Windtunnel Upright Type Y 9 pack</p><p>$9.89 ($1.10 / Count)</p><a href="https://www.amazon.com/dp/B01010JVYO?tag=eloabder-20&linkCode=osi&th=1&psc=1">View Product</a></div><div class="product"><a href="https://www.amazon.com/dp/B0D5CP3WBY?tag=eloabder-20&linkCode=osi&th=1&psc=1"><img src="https://m.media-amazon.com/images/I/31MaGmsVOwL._SL500_.jpg" alt="Product Image"></a><p>Bagless Upright Kenmore Vacuum HEPA Filters, Compatible with Foam Filters, Felt Filters and Upright vacuum cleaner for Models K4010,DU2015,DU2012(includes 1 Hepa Filters,2 Foam and 2 Felt Filters)</p><p>$12.99</p><a href="https://www.amazon.com/dp/B0D5CP3WBY?tag=eloabder-20&linkCode=osi&th=1&psc=1">View Product</a></div><div class="product"><a href="https://www.amazon.com/dp/B0CBFV28WX?tag=eloabder-20&linkCode=osi&th=1&psc=1"><img src="https://m.media-amazon.com/images/I/51LIYI0wXSL._SL500_.jpg" alt="Product Image"></a><p>16 Packs Vacuum Bags for Oreck Type CC, Compatible with All Oreck XL Upright Vacuum Cleaner - Replaces Part # CCPK8DW</p><p>$21.99 ($1.37 / Count)</p><a href="https://www.amazon.com/dp/B0CBFV28WX?tag=eloabder-20&linkCode=osi&th=1&psc=1">View Product</a></div><div class="product"><a href="https://www.amazon.com/dp/B00F9GQMHA?tag=eloabder-20&linkCode=osi&th=1&psc=1"><img src="https://m.media-amazon.com/images/I/51lhelurelL._SL500_.jpg" alt="Product Image"></a><p>EnviroCare Replacement Premium Vacuum Cleaner Dust Bags made to fit Eureka F&G Uprights 9 bags</p><p>$11.09</p><a href="https://www.amazon.com/dp/B00F9GQMHA?tag=eloabder-20&linkCode=osi&th=1&psc=1">View Product</a></div><div class="product"><a href="https://www.amazon.com/dp/B002CI8G1I?tag=eloabder-20&linkCode=osi&th=1&psc=1"><img src="https://m.media-amazon.com/images/I/51PYQrQpbSL._SL500_.jpg" alt="Product Image"></a><p>EnviroCare Replacement Micro Filtration Vacuum Cleaner Dust Bags made to fit Kenmore Upright Type U/L/O 50688 and 50690, Panasonic Type U-2, Miele Type Z. 9 pack</p><p>$9.99</p><a href="https://www.amazon.com/dp/B002CI8G1I?tag=eloabder-20&linkCode=osi&th=1&psc=1">View Product</a></div>
<div class="product"><a href="https://www.amazon.com/dp/B07GNQJ67P?tag=eloabder-20&linkCode=osi&th=1&psc=1"><img src="https://m.media-amazon.com/images/I/41XHnKbgjAL._SL500_.jpg" alt="Product Image"></a><p>Kenmore 53292 Type Q HEPA Replacement Dust Bags for Canister Vacuum 81214, 81414, 81714, 21814, BC2005, BC3005, 81615, BC7005, 6 Count (Pack of 1)</p><p>$13.24 ($2.21 / Count)</p><a href="https://www.amazon.com/dp/B07GNQJ67P?tag=eloabder-20&linkCode=osi&th=1&psc=1">View Product</a></div><div class="product"><a href="https://www.amazon.com/dp/B01L0C0FVK?tag=eloabder-20&linkCode=osi&th=1&psc=1"><img src="https://m.media-amazon.com/images/I/51ZIjbo9NVL._SL500_.jpg" alt="Product Image"></a><p>Envirocare Replacement Vacuum Bags Compatible with Kenmore Canister Type C/Q. 5055, 50557 and 50558 Panasonic Type C-5 Vacuums,15 pack</p><p>$16.16</p><a href="https://www.amazon.com/dp/B01L0C0FVK?tag=eloabder-20&linkCode=osi&th=1&psc=1">View Product</a></div><div class="product"><a href="https://www.amazon.com/dp/B0BTRTP2PM?tag=eloabder-20&linkCode=osi&th=1&psc=1"><img src="https://m.media-amazon.com/images/I/41K295aRv9L._SL500_.jpg" alt="Product Image"></a><p>Vacuum Cleaner Bags Fit for Kenmore Canister Type C/Q 50555 50557 50558 and Type C-5, 10PCs</p><p>$15.99</p><a href="https://www.amazon.com/dp/B0BTRTP2PM?tag=eloabder-20&linkCode=osi&th=1&psc=1">View Product</a></div><div class="product"><a href="https://www.amazon.com/dp/B0CRQYGLZX?tag=eloabder-20&linkCode=osi&th=1&psc=1"><img src="https://m.media-amazon.com/images/I/413iXp+j3ML._SL500_.jpg" alt="Product Image"></a><p>15 Pack Canister Vacuum Cleaner Bags Compatible with Kenmore Canister Type C/Q 5055, 50555, 50557, 50558 and Type C-5, C-18, 53292, 200 Series, 400 Series, 600 Series, 700 Series, 800 Series Vacuum</p><p>$11.69</p><a href="https://www.amazon.com/dp/B0CRQYGLZX?tag=eloabder-20&linkCode=osi&th=1&psc=1">View Product</a></div><div class="product"><a href="https://www.amazon.com/dp/B00QGD3SBI?tag=eloabder-20&linkCode=osi&th=1&psc=1"><img src="https://m.media-amazon.com/images/I/51xw0asyqTL._SL500_.jpg" alt="Product Image"></a><p>EnviroCare Replacement Vacuum Bags made to fit Kenmore Canister Type C or Q 50555, 50558, 50557 and Panasonic Type C-5 Vacuums, 9 pack</p><p>$9.79</p><a href="https://www.amazon.com/dp/B00QGD3SBI?tag=eloabder-20&linkCode=osi&th=1&psc=1">View Product</a></div><div class="product"><a href="https://www.amazon.com/dp/B0CQP9NP5N?tag=eloabder-20&linkCode=osi&th=1&psc=1"><img src="https://m.media-amazon.com/images/I/41WnNkTz8zL._SL500_.jpg" alt="Product Image"></a><p>8 Pack Replacement Vacuum Bags Compatible with Kenmore Canister Type C/Q. 5055, 50104, 50557 and 50558 Panasonic Type C-5 Vacuums</p><p>$9.99 ($1.25 / Count)</p><a href="https://www.amazon.com/dp/B0CQP9NP5N?tag=eloabder-20&linkCode=osi&th=1&psc=1">View Product</a></div>
<div class="product"><a href="https://www.amazon.com/dp/B09M3Y2BHR?tag=eloabder-20&linkCode=osi&th=1&psc=1"><img src="https://m.media-amazon.com/images/I/31tevngai1L._SL500_.jpg" alt="Product Image"></a><p>Ymimi Vacuum Filter Compatible with Eureka WhirlWind Bagless Canister Vacuum Cleaner,Fits NEN110A,NEN110B,NEN110Dï¼ˆ2-Packï¼‰</p><p>$11.99 ($6.00 / Count)</p><a href="https://www.amazon.com/dp/B09M3Y2BHR?tag=eloabder-20&linkCode=osi&th=1&psc=1">View Product</a></div><div class="product"><a href="https://www.amazon.com/dp/B07J1WWBHN?tag=eloabder-20&linkCode=osi&th=1&psc=1"><img src="https://m.media-amazon.com/images/I/51gmkDrnR2L._SL500_.jpg" alt="Product Image"></a><p>Bissell Powerforce Helix Bagless Washable Premotor Filter #1608225, Black</p><p>$7.78</p><a href="https://www.amazon.com/dp/B07J1WWBHN?tag=eloabder-20&linkCode=osi&th=1&psc=1">View Product</a></div><div class="product"><a href="https://www.amazon.com/dp/B0BK64TMMK?tag=eloabder-20&linkCode=osi&th=1&psc=1"><img src="https://m.media-amazon.com/images/I/41OBMvET7eL._SL500_.jpg" alt="Product Image"></a><p>Vacuum Belt Replacement for Bissell Cleanview Swivel Pet Upright Bagless/Powerlifter Vacuum Cleaner, fits model: 2252, 2254, 22543, 2258,2259, 2260,2316, 2739, 1793, Parts # 3031120, 32074</p><p>$6.99</p><a href="https://www.amazon.com/dp/B0BK64TMMK?tag=eloabder-20&linkCode=osi&th=1&psc=1">View Product</a></div><div class="product"><a href="https://www.amazon.com/dp/B0BKKL3WRB?tag=eloabder-20&linkCode=osi&th=1&psc=1"><img src="https://m.media-amazon.com/images/I/410jMe-FjIL._SL500_.jpg" alt="Product Image"></a><p>Aolleteau F1 HEPA Filter Compatible with Dirt Devil Bagless Upright Cleaner Models Extra Lite, Breeze, Featherlite Bagless, Jaguar Bagless,Platinum Force Vision, Scorpion and Vision Bagless (2 Pack)</p><p>$13.99 ($7.00 / Count)</p><a href="https://www.amazon.com/dp/B0BKKL3WRB?tag=eloabder-20&linkCode=osi&th=1&psc=1">View Product</a></div><div class="product"><a href="https://www.amazon.com/dp/B09SG1P4WN?tag=eloabder-20&linkCode=osi&th=1&psc=1"><img src="https://m.media-amazon.com/images/I/51+Mr+Wq5ML._SL500_.jpg" alt="Product Image"></a><p>NEN110A Vacuum Filter, Inlet Frame and Sponge Filter Compatible with Eureka Whirlwind Bagless Canister Vacuum Cleaner, Fits NEN110A, NEN110B, NEN110D(4-Pack)</p><p>$15.99 ($4.00 / Count)</p><a href="https://www.amazon.com/dp/B09SG1P4WN?tag=eloabder-20&linkCode=osi&th=1&psc=1">View Product</a></div>
<div class="product"><a href="https://www.amazon.com/dp/B07GT9VB9X?tag=eloabder-20&linkCode=osi&th=1&psc=1"><img src="https://m.media-amazon.com/images/I/41IokheYtNL._SL500_.jpg" alt="Product Image"></a><p>6 Pack 1940 Bissell Steam Mop Pads for Bissell PowerFresh Steam Mop 1806 1544 1440 2075A 2685A 1940W 19404 Series, Model 19402 19408 1940a 1940f 1940q 1940t B0006 B0017, Part #5938#203-2633</p><p>$16.99 ($2.83 / Count)</p><a href="https://www.amazon.com/dp/B07GT9VB9X?tag=eloabder-20&linkCode=osi&th=1&psc=1">View Product</a></div><div class="product"><a href="https://www.amazon.com/dp/B07H3MYZLD?tag=eloabder-20&linkCode=osi&th=1&psc=1"><img src="https://m.media-amazon.com/images/I/511p6MPxQ0L._SL500_.jpg" alt="Product Image"></a><p>Flammi Steam Pocket Mop Replacement Pads for Shark S3500 Series S3501 S3601 S3550 S3901 SE450 S3801CO S3601D S2901 S2902 Steam Pocket Mop, 4 Pack</p><p>$16.97 ($4.24 / Count)</p><a href="https://www.amazon.com/dp/B07H3MYZLD?tag=eloabder-20&linkCode=osi&th=1&psc=1">View Product</a></div><div class="product"><a href="https://www.amazon.com/dp/B0C8SH97HN?tag=eloabder-20&linkCode=osi&th=1&psc=1"><img src="https://m.media-amazon.com/images/I/31Mex4y7odL._SL500_.jpg" alt="Product Image"></a><p>HOMEXCEL Steam Mop Replacement Pads Compatible with Bissell Powerfresh Steam Mop 1940 1806 1440 1544 Series, Model 19402 19404 19408 2685A 2075A 1940A 1940Q 1940T 1940W, Steam Mop Pads Refills,4 Pack</p><p>$9.99 ($2.50 / Count)</p><a href="https://www.amazon.com/dp/B0C8SH97HN?tag=eloabder-20&linkCode=osi&th=1&psc=1">View Product</a></div><div class="product"><a href="https://www.amazon.com/dp/B0BFWTXS33?tag=eloabder-20&linkCode=osi&th=1&psc=1"><img src="https://m.media-amazon.com/images/I/51pa2h7o0EL._SL500_.jpg" alt="Product Image"></a><p>12 Pack 1940 Steam Mop Replacement Pads for Bissell Powerfresh Steam Mop 1940 1440 1806 1544 2075 2685A 2814 Series, Model 19402 19404 19408 19409 1940A 1940F 1940Q 1940T 1940W B0006 B0017 2075A 15441</p><p>$24.99</p><a href="https://www.amazon.com/dp/B0BFWTXS33?tag=eloabder-20&linkCode=osi&th=1&psc=1">View Product</a></div><div class="product"><a href="https://www.amazon.com/dp/B0CLP5QGTY?tag=eloabder-20&linkCode=osi&th=1&psc=1"><img src="https://m.media-amazon.com/images/I/414HqpKde9L._SL500_.jpg" alt="Product Image"></a><p>10 Pack 1940 1806 2685A Steam Mop Pads For Bissell Powerfresh Steam Mop Deluxe Pet Lift-Off Plus Slim Scrubbing Steam Mop Replacement Pad 1940A 2814 1544A 2075A Power Fresh Steamer Pad Refill Washable</p><p>$22.99 ($2.30 / Count)</p><a href="https://www.amazon.com/dp/B0CLP5QGTY?tag=eloabder-20&linkCode=osi&th=1&psc=1">View Product</a></div><div class="product"><a href="https://www.amazon.com/dp/B078BBKBPV?tag=eloabder-20&linkCode=osi&th=1&psc=1"><img src="https://m.media-amazon.com/images/I/51WcJqtOUIL._SL500_.jpg" alt="Product Image"></a><p>Tidy Monster Steam Mop Replacement Pads Compatible with Bissell Powerfresh Steam Mop 1940 1806 1544 1440 2075A 2685A Series, Part # 5938 & 203-2633, 1606668 & 1606669 (4 Pack Scrub Plush)</p><p>$9.99</p><a href="https://www.amazon.com/dp/B078BBKBPV?tag=eloabder-20&linkCode=osi&th=1&psc=1">View Product</a></div><div class="product"><a href="https://www.amazon.com/dp/B00A6G37SU?tag=eloabder-20&linkCode=osi&th=1&psc=1"><img src="https://m.media-amazon.com/images/I/51xo0LB-SpL._SL500_.jpg" alt="Product Image"></a><p>BISSELL PowerFresh Steam Mop Pads (Pack of 2) with Fragrance discs (4 ct), 5938</p><p>$21.26 ($10.63 / Count)</p><a href="https://www.amazon.com/dp/B00A6G37SU?tag=eloabder-20&linkCode=osi&th=1&psc=1">View Product</a></div>
<div class="product"><a href="https://www.amazon.com/dp/B0D2QFVY7H?tag=eloabder-20&linkCode=osi&th=1&psc=1"><img src="https://m.media-amazon.com/images/I/417B7H+vvML._SL500_.jpg" alt="Product Image"></a><p>Kenmore KS1010 Deep Clean & Revitalize Pet Carpet Cleaner Formula, 64 oz, White, 64 Fl Oz</p><p>$22.73 ($0.36 / Fl Oz)</p><a href="https://www.amazon.com/dp/B0D2QFVY7H?tag=eloabder-20&linkCode=osi&th=1&psc=1">View Product</a></div><div class="product"><a href="https://www.amazon.com/dp/B0BNK8ZJJ1?tag=eloabder-20&linkCode=osi&th=1&psc=1"><img src="https://m.media-amazon.com/images/I/51z0Pc4xcNL._SL500_.jpg" alt="Product Image"></a><p>Bissell Spotlifter Pet Carpet and Upholstery Cleaner with Brush Head - 4 Pack, 93523</p><p>$23.88 ($0.50 / Fl Oz)</p><a href="https://www.amazon.com/dp/B0BNK8ZJJ1?tag=eloabder-20&linkCode=osi&th=1&psc=1">View Product</a></div><div class="product"><a href="https://www.amazon.com/dp/B0CX245D26?tag=eloabder-20&linkCode=osi&th=1&psc=1"><img src="https://m.media-amazon.com/images/I/411CSXvvO1L._SL500_.jpg" alt="Product Image"></a><p>BISSELLÂ® Spot & Stain with Febreze + Gain Original Scent Formula for Little Green Devices, Portable Carpet Cleaners (3968)</p><p>$12.99 ($0.41 / Fl Oz)</p><a href="https://www.amazon.com/dp/B0CX245D26?tag=eloabder-20&linkCode=osi&th=1&psc=1">View Product</a></div><div class="product"><a href="https://www.amazon.com/dp/B083VZW4R5?tag=eloabder-20&linkCode=osi&th=1&psc=1"><img src="https://m.media-amazon.com/images/I/413BULPLmBL._SL500_.jpg" alt="Product Image"></a><p>BISSELL Multi-Surface Pet Formula with Febreze Freshness for Crosswave (80 oz), 2295L</p><p>$22.99 ($0.29 / Fl Oz)</p><a href="https://www.amazon.com/dp/B083VZW4R5?tag=eloabder-20&linkCode=osi&th=1&psc=1">View Product</a></div><div class="product"><a href="https://www.amazon.com/dp/B0D2RGW219?tag=eloabder-20&linkCode=osi&th=1&psc=1"><img src="https://m.media-amazon.com/images/I/41gD+82tnAL._SL500_.jpg" alt="Product Image"></a><p>Vacmaster Clean & Restore Carpet Cleaner Formula â€“ CCS03</p><p>$19.99 ($0.31 / Fl Oz)</p><a href="https://www.amazon.com/dp/B0D2RGW219?tag=eloabder-20&linkCode=osi&th=1&psc=1">View Product</a></div>






<div class="product"><a href="https://www.amazon.com/dp/B0BY64HQTP?tag=eloabder-20&linkCode=osi&th=1&psc=1"><img src="https://m.media-amazon.com/images/I/41hUxHuASYL._SL500_.jpg" alt="Product Image"></a><p>Air Conditioning Motor WZDK13-38G-1(RD-310-13-8) DC Brushless Fan Motor, 13W Inverter air Conditioner Motor DC Motor for Central air Conditioner</p><p>$39.95</p><a href="https://www.amazon.com/dp/B0BY64HQTP?tag=eloabder-20&linkCode=osi&th=1&psc=1">View Product</a></div><div class="product"><a href="https://www.amazon.com/dp/B0CM5YB884?tag=eloabder-20&linkCode=osi&th=1&psc=1"><img src="https://m.media-amazon.com/images/I/310lQ2tAvLL._SL500_.jpg" alt="Product Image"></a><p>Sparkfix OEM WZDK20-38G (ZKFP-20-8-6) Air Conditioner Replacement Motors DC280V 20W Air Conditioning Fan Motor Inverter Air Conditioner Brushless DC Motor 1300RPM CCW</p><p>$42.79</p><a href="https://www.amazon.com/dp/B0CM5YB884?tag=eloabder-20&linkCode=osi&th=1&psc=1">View Product</a></div>













<div class="product"><a href="https://www.amazon.com/dp/B009PCI2JU?tag=eloabder-20&linkCode=osi&th=1&psc=1"><img src="https://m.media-amazon.com/images/I/310ZJurANUL._SL500_.jpg" alt="Product Image"></a><p>GE RPWFE Refrigerator Water Filter | Certified to Reduce Lead, Sulfur, and 50+ Other Impurities | Replace Every 6 Months for Best Results | Pack of 1</p><p>$49.98</p><a href="https://www.amazon.com/dp/B009PCI2JU?tag=eloabder-20&linkCode=osi&th=1&psc=1">View Product</a></div><div class="product"><a href="https://www.amazon.com/dp/B0882ZJ48W?tag=eloabder-20&linkCode=osi&th=1&psc=1"><img src="https://m.media-amazon.com/images/I/41110o9sUoL._SL500_.jpg" alt="Product Image"></a><p>GE XWFE Refrigerator Water Filter | Certified to Reduce Lead, Sulfur, and 50+ Other Impurities | Replace Every 6 Months for Best Results | Pack of 1, White</p><p>$49.00</p><a href="https://www.amazon.com/dp/B0882ZJ48W?tag=eloabder-20&linkCode=osi&th=1&psc=1">View Product</a></div><div class="product"><a href="https://www.amazon.com/dp/B074HLRXMP?tag=eloabder-20&linkCode=osi&th=1&psc=1"><img src="https://m.media-amazon.com/images/I/21oDpGCQXiL._SL500_.jpg" alt="Product Image"></a><p>LG LT1000P - 6 Month / 200 Gallon Capacity Replacement Refrigerator Water Filter (NSF42, NSF53, and NSF401) ADQ74793501, ADQ75795105, or AGF80300704 , White</p><p>$47.00</p><a href="https://www.amazon.com/dp/B074HLRXMP?tag=eloabder-20&linkCode=osi&th=1&psc=1">View Product</a></div><div class="product"><a href="https://www.amazon.com/dp/B01BKWSHHE?tag=eloabder-20&linkCode=osi&th=1&psc=1"><img src="https://m.media-amazon.com/images/I/31E2+zlkvjL._SL500_.jpg" alt="Product Image"></a><p>Frigidaire EPTWFU01 Water Filtration Filter, 1 Count, White</p><p>$42.99</p><a href="https://www.amazon.com/dp/B01BKWSHHE?tag=eloabder-20&linkCode=osi&th=1&psc=1">View Product</a></div><div class="product"><a href="https://www.amazon.com/dp/B08V6JB9R7?tag=eloabder-20&linkCode=osi&th=1&psc=1"><img src="https://m.media-amazon.com/images/I/31PRPEffCZL._SL500_.jpg" alt="Product Image"></a><p>Frigidaire FPPWFU01 PurePour PWF-1 Water Filter 1 Count (Pack of 1)</p><p>$45.81</p><a href="https://www.amazon.com/dp/B08V6JB9R7?tag=eloabder-20&linkCode=osi&th=1&psc=1">View Product</a></div><div class="product"><a href="https://www.amazon.com/dp/B000AST3AK?tag=eloabder-20&linkCode=osi&th=1&psc=1"><img src="https://m.media-amazon.com/images/I/41DUoSxpwTS._SL500_.jpg" alt="Product Image"></a><p>GE MWF Refrigerator Water Filter | Certified to Reduce Lead, Sulfur, and 50+ Other Impurities | Replace Every 6 Months for Best Results | Pack of 1</p><p>$39.98</p><a href="https://www.amazon.com/dp/B000AST3AK?tag=eloabder-20&linkCode=osi&th=1&psc=1">View Product</a></div><div class="product"><a href="https://www.amazon.com/dp/B0CFZR7K8D?tag=eloabder-20&linkCode=osi&th=1&psc=1"><img src="https://m.media-amazon.com/images/I/31WM5sdhKLL._SL500_.jpg" alt="Product Image"></a><p>HMASAV W10295370A water filter replacement, Compatible with EDR1RXD1,EDR1RXD1B,W10295370,Filter 1,WHR1RXD1,KAD1RXD1,P4RFWB,P8RFWB2L,46-9930,46-9081 2PACK</p><p>$29.99 ($15.00 / Count)</p><a href="https://www.amazon.com/dp/B0CFZR7K8D?tag=eloabder-20&linkCode=osi&th=1&psc=1">View Product</a></div><div class="product"><a href="https://www.amazon.com/dp/B07JM9TTTT?tag=eloabder-20&linkCode=osi&th=1&psc=1"><img src="https://m.media-amazon.com/images/I/41CfAtJ8TPL._SL500_.jpg" alt="Product Image"></a><p>GLACIER FRESH LT1000PC Replacement Water Filter, Compatible with LT1000PC/PCS, LT1000PC, LT-1000PC, MDJ64844601, ADQ747935 ADQ74793504 Filter and LT120F ADQ73334008 Fresh Air (3+3)</p><p>$39.99 ($13.33 / Count)</p><a href="https://www.amazon.com/dp/B07JM9TTTT?tag=eloabder-20&linkCode=osi&th=1&psc=1">View Product</a></div><div class="product"><a href="https://www.amazon.com/dp/B003N1ZSYG?tag=eloabder-20&linkCode=osi&th=1&psc=1"><img src="https://m.media-amazon.com/images/I/31Mbrkrxu1L._SL500_.jpg" alt="Product Image"></a><p>SAMSUNG Genuine Filter for Refrigerator Water and Ice, Carbon Block Filtration for Clean, Clear Drinking Water, 6-Month Life, HAF-CIN/EXP, 1 Pack</p><p>$39.99</p><a href="https://www.amazon.com/dp/B003N1ZSYG?tag=eloabder-20&linkCode=osi&th=1&psc=1">View Product</a></div>









<div class="product"><a href="https://www.amazon.com/dp/B0B2NZ47HN?tag=eloabder-20&linkCode=osi&th=1&psc=1"><img src="https://m.media-amazon.com/images/I/41nC6c2XxJL._SL500_.jpg" alt="Product Image"></a><p>OTE Portable Sparkling Water Maker Soda Maker Machine for home with 20PCS Cylinders 450ml Personal seltzer Carbonators Electroless Double Layer PET Bottle BPA Free Double Pressure Relief Valves -Pink</p><p>$49.99</p><a href="https://www.amazon.com/dp/B0B2NZ47HN?tag=eloabder-20&linkCode=osi&th=1&psc=1">View Product</a></div><div class="product"><a href="https://www.amazon.com/dp/B09DY54L7M?tag=eloabder-20&linkCode=osi&th=1&psc=1"><img src="https://m.media-amazon.com/images/I/31LSpnm3G8L._SL500_.jpg" alt="Product Image"></a><p>MOSOLAN Bottle Cleaning Brush, 17 Inches Extra Long Handle Water Bottle Brush, Flexible Bendable Cleaner for Washing Narrow Neck Bottles, Wine Decanter, Kombucha, Pipes, Beer Brewing Supplies, 2 Pack</p><p>$11.95 ($5.98 / Count)</p><a href="https://www.amazon.com/dp/B09DY54L7M?tag=eloabder-20&linkCode=osi&th=1&psc=1">View Product</a></div><div class="product"><a href="https://www.amazon.com/dp/B0736CBNDN?tag=eloabder-20&linkCode=osi&th=1&psc=1"><img src="https://m.media-amazon.com/images/I/41tWXmwP5KL._SL500_.jpg" alt="Product Image"></a><p>#2 Filter Pads (10 Pack Bulk) Compatible with Mini Jet Machine | #2 1.8-2.5 micron | 2 Micron Filtering pads. Filter Wine Beer, Kombucha, Mead Mash. Polishing filtration| Not a Buon Vino product.</p><p>$18.99</p><a href="https://www.amazon.com/dp/B0736CBNDN?tag=eloabder-20&linkCode=osi&th=1&psc=1">View Product</a></div>









<div class="product"><a href="https://www.amazon.com/dp/B07YGN577Y?tag=eloabder-20&linkCode=osi&th=1&psc=1"><img src="https://m.media-amazon.com/images/I/31kfZiyDMUL._SL500_.jpg" alt="Product Image"></a><p>9870163 Trash Power Nut WP9870163 L8</p><p>$50.36</p><a href="https://www.amazon.com/dp/B07YGN577Y?tag=eloabder-20&linkCode=osi&th=1&psc=1">View Product</a></div>

<div class="product"><a href="https://www.amazon.com/dp/B0CWQLM4C7?tag=eloabder-20&linkCode=osi&th=1&psc=1"><img src="https://m.media-amazon.com/images/I/41gTEIOjtlL._SL500_.jpg" alt="Product Image"></a><p>7" Seven Seconds Lazy Kitchen Food Making Tools - Multifunctional Fruit Vegetable Chopper Quick Garlic Peeling Machine Convenient Food Chopper for Slicing,Juice,Grinding</p><p>$32.99</p><a href="https://www.amazon.com/dp/B0CWQLM4C7?tag=eloabder-20&linkCode=osi&th=1&psc=1">View Product</a></div>







<div class="product"><a href="https://www.amazon.com/dp/B0CNKFM9WR?tag=eloabder-20&linkCode=osi&th=1&psc=1"><img src="https://m.media-amazon.com/images/I/31sGGIDic9L._SL500_.jpg" alt="Product Image"></a><p>hobbyme Pack of 4 Plastic Coffee Scoops with Brush & Espresso Grinder Brush for Ground Coffee Cleaning Tea Power Coffee Grinder Spoon</p><p>$6.49</p><a href="https://www.amazon.com/dp/B0CNKFM9WR?tag=eloabder-20&linkCode=osi&th=1&psc=1">View Product</a></div>





<div class="product"><a href="https://www.amazon.com/dp/B07798328B?tag=eloabder-20&linkCode=osi&th=1&psc=1"><img src="https://m.media-amazon.com/images/I/31Vpin+sgUS._SL500_.jpg" alt="Product Image"></a><p>Prime-Line MP10513 Standard Plastic Ice Cube Trays (5 Pack)</p><p>$12.69</p><a href="https://www.amazon.com/dp/B07798328B?tag=eloabder-20&linkCode=osi&th=1&psc=1">View Product</a></div><div class="product"><a href="https://www.amazon.com/dp/B077965JDB?tag=eloabder-20&linkCode=osi&th=1&psc=1"><img src="https://m.media-amazon.com/images/I/31H1hNlH6RL._SL500_.jpg" alt="Product Image"></a><p>Prime-Line MP10863 Standard Plastic Ice Cube Trays (2 Pack)</p><p>$9.69</p><a href="https://www.amazon.com/dp/B077965JDB?tag=eloabder-20&linkCode=osi&th=1&psc=1">View Product</a></div>

<div class="product"><a href="https://www.amazon.com/dp/B08MPLY84K?tag=eloabder-20&linkCode=osi&th=1&psc=1"><img src="https://m.media-amazon.com/images/I/31kWTfzQJBL._SL500_.jpg" alt="Product Image"></a><p>Syntus Vacuum Sealer Bags, 6 Pack 3 Rolls 11" x 20' and 3 Rolls 8" x 20' Commercial Grade BPA Free Bag Rolls, Food Vac Bags for Storage, Meal Prep or Sous Vide</p><p>$19.99</p><a href="https://www.amazon.com/dp/B08MPLY84K?tag=eloabder-20&linkCode=osi&th=1&psc=1">View Product</a></div><div class="product"><a href="https://www.amazon.com/dp/B0C5BWRMQL?tag=eloabder-20&linkCode=osi&th=1&psc=1"><img src="https://m.media-amazon.com/images/I/41yPpkb6oeL._SL500_.jpg" alt="Product Image"></a><p>Bonsenkitchen Vacuum Sealer Rolls Bags, 6 Pack 3 Rolls 11" x 20' + 3 Rolls 8" x 20' Commercial Grade BPA Free Bag Rolls, Durable Customized Size Food Vac Bags for Storage and Sous Vide Cooking VB3211</p><p>$19.99 ($3.33 / Count)</p><a href="https://www.amazon.com/dp/B0C5BWRMQL?tag=eloabder-20&linkCode=osi&th=1&psc=1">View Product</a></div><div class="product"><a href="https://www.amazon.com/dp/B0C5C1JTC4?tag=eloabder-20&linkCode=osi&th=1&psc=1"><img src="https://m.media-amazon.com/images/I/31JpyYsm7YL._SL500_.jpg" alt="Product Image"></a><p>Bonsenkitchen Vacuum Food Sealer Bags 200 Quart 8" x 12", BPA Free, Commercial Grade Textured Food Vacuum Sealer Bag, Thick Embossed Bags for Food Storage and Sous Vide Cooking VB3208</p><p>$18.39 ($0.09 / Count)</p><a href="https://www.amazon.com/dp/B0C5C1JTC4?tag=eloabder-20&linkCode=osi&th=1&psc=1">View Product</a></div><div class="product"><a href="https://www.amazon.com/dp/B07TMZDGQ1?tag=eloabder-20&linkCode=osi&th=1&psc=1"><img src="https://m.media-amazon.com/images/I/31cRCu-JIsL._SL500_.jpg" alt="Product Image"></a><p>Wevac Vacuum Sealer Bags 11x50 Rolls 2 pack for Food Saver, Seal a Meal, Weston. Commercial Grade, BPA Free, Heavy Duty, Great for vac storage, Meal Prep or Sous Vide</p><p>$20.99 ($0.21 / Count)</p><a href="https://www.amazon.com/dp/B07TMZDGQ1?tag=eloabder-20&linkCode=osi&th=1&psc=1">View Product</a></div><div class="product"><a href="https://www.amazon.com/dp/B07TV4KRCL?tag=eloabder-20&linkCode=osi&th=1&psc=1"><img src="https://m.media-amazon.com/images/I/31uv3qtc9bL._SL500_.jpg" alt="Product Image"></a><p>Wevac Vacuum Sealer Bags 100 Gallon 11x16 Inch for Food Saver, Seal a Meal, Weston. Commercial Grade, BPA Free, Heavy Duty, Great for vac storage, Meal Prep and Sous Vide</p><p>$21.24</p><a href="https://www.amazon.com/dp/B07TV4KRCL?tag=eloabder-20&linkCode=osi&th=1&psc=1">View Product</a></div>


<div class="product"><a href="https://www.amazon.com/dp/B093G5XCVF?tag=eloabder-20&linkCode=osi&th=1&psc=1"><img src="https://m.media-amazon.com/images/I/313Cq6ASf0S._SL500_.jpg" alt="Product Image"></a><p>2 Multipurpose Pastry Brush Basting & Coffee Grinders Cleaning Brush Wooden Handle Natural Boar Bristles Baking Cooking Sauce egg wash Bakery Supply Espresso Bean Barista</p><p>$7.21</p><a href="https://www.amazon.com/dp/B093G5XCVF?tag=eloabder-20&linkCode=osi&th=1&psc=1">View Product</a></div><div class="product"><a href="https://www.amazon.com/dp/B07JGRYG31?tag=eloabder-20&linkCode=osi&th=1&psc=1"><img src="https://m.media-amazon.com/images/I/31nd-jhgzdL._SL500_.jpg" alt="Product Image"></a><p>Coffee Grinder Cleaning Brush + Coffee Brush Wood Handle & Natural Bristles Pastry Brush</p><p>$5.99</p><a href="https://www.amazon.com/dp/B07JGRYG31?tag=eloabder-20&linkCode=osi&th=1&psc=1">View Product</a></div><div class="product"><a href="https://www.amazon.com/dp/B0C53G4T7X?tag=eloabder-20&linkCode=osi&th=1&psc=1"><img src="https://m.media-amazon.com/images/I/21Hrgmpj8YL._SL500_.jpg" alt="Product Image"></a><p>Leadigol Cleaning Tool Coffee Machine Home Pastry Brush Multifunctional Wooden Handle Baking Soft Bristles Coffee Grinder Brush</p><p>$7.99</p><a href="https://www.amazon.com/dp/B0C53G4T7X?tag=eloabder-20&linkCode=osi&th=1&psc=1">View Product</a></div><div class="product"><a href="https://www.amazon.com/dp/B07W5WM2LF?tag=eloabder-20&linkCode=osi&th=1&psc=1"><img src="https://m.media-amazon.com/images/I/41-7fWE9tSL._SL500_.jpg" alt="Product Image"></a><p>Redecker Waffle Machine Brush with Oiled Beechwood Handle, Stiff Heat-resistant Tampico Fiber Bristles, 6-1/2 inches, Made in Germany</p><p>$21.99</p><a href="https://www.amazon.com/dp/B07W5WM2LF?tag=eloabder-20&linkCode=osi&th=1&psc=1">View Product</a></div>












<div class="product"><a href="https://www.amazon.com/dp/B00UTFZAII?tag=eloabder-20&linkCode=osi&th=1&psc=1"><img src="https://m.media-amazon.com/images/I/31z7hZ6KbXL._SL500_.jpg" alt="Product Image"></a><p>Miele 10123210 AirClean 3D Efficiency Dust Bag, Type GN, 4 Bags & 2 Filters, White</p><p>$21.86 ($21.86 / Count)</p><a href="https://www.amazon.com/dp/B00UTFZAII?tag=eloabder-20&linkCode=osi&th=1&psc=1">View Product</a></div><div class="product"><a href="https://www.amazon.com/dp/B07WHG6J5S?tag=eloabder-20&linkCode=osi&th=1&psc=1"><img src="https://m.media-amazon.com/images/I/41hnaEOxB9L._SL500_.jpg" alt="Product Image"></a><p>KEEPOW Vacuum Filters for Eureka, Power Speed Vacuum Filters Replacement for Eureka NEU182A, NEU182B, NEU280, NEU180, NEU181, NEU188, NEU202 Bagless Upright Vacuum Cleaner, Part E0202 (4 Pack)</p><p>$9.99 ($2.50 / Count)</p><a href="https://www.amazon.com/dp/B07WHG6J5S?tag=eloabder-20&linkCode=osi&th=1&psc=1">View Product</a></div><div class="product"><a href="https://www.amazon.com/dp/B00UTFZB82?tag=eloabder-20&linkCode=osi&th=1&psc=1"><img src="https://m.media-amazon.com/images/I/41WdlL5T0dL._SL500_.jpg" alt="Product Image"></a><p>Miele AirClean 3D Efficiency Dust Bag, Type FJM, 4 Bags & 2 Filters, White</p><p>$18.99</p><a href="https://www.amazon.com/dp/B00UTFZB82?tag=eloabder-20&linkCode=osi&th=1&psc=1">View Product</a></div><div class="product"><a href="https://www.amazon.com/dp/B09NKP346M?tag=eloabder-20&linkCode=osi&th=1&psc=1"><img src="https://m.media-amazon.com/images/I/41o25nqkODL._SL500_.jpg" alt="Product Image"></a><p>Anewise 6 Pack Filter Replacement for Bissell Powerforce Compact Lightweight Upright 2112 1520 for Bissel Turbo Bagless 2690 Cleanview 3437 3508 Vacuum Cleaner, Compare to Parts #1604896/160-4896</p><p>$12.99</p><a href="https://www.amazon.com/dp/B09NKP346M?tag=eloabder-20&linkCode=osi&th=1&psc=1">View Product</a></div><div class="product"><a href="https://www.amazon.com/dp/B01MQ5NITB?tag=eloabder-20&linkCode=osi&th=1&psc=1"><img src="https://m.media-amazon.com/images/I/41J6lG4H1bL._SL500_.jpg" alt="Product Image"></a><p>Bissell Style 7 3 Pack Vacuum Cleaner Bags, White, 3 Count</p><p>$8.69 ($2.90 / Count)</p><a href="https://www.amazon.com/dp/B01MQ5NITB?tag=eloabder-20&linkCode=osi&th=1&psc=1">View Product</a></div><div class="product"><a href="https://www.amazon.com/dp/B0CDH1JY5D?tag=eloabder-20&linkCode=osi&th=1&psc=1"><img src="https://m.media-amazon.com/images/I/516DPXu4siL._SL500_.jpg" alt="Product Image"></a><p>4 Pack Replacement Filters Compatiable with Wyze Cordless Vacuum Cleaner, Removable and Washable HEPA Filter Accessories Part Set with 1 Cleaning Brush for Wyze Handheld Cordless Vacuum Cleaner</p><p>$15.99 ($4.00 / Count)</p><a href="https://www.amazon.com/dp/B0CDH1JY5D?tag=eloabder-20&linkCode=osi&th=1&psc=1">View Product</a></div><div class="product"><a href="https://www.amazon.com/dp/B07P3WB37F?tag=eloabder-20&linkCode=osi&th=1&psc=1"><img src="https://m.media-amazon.com/images/I/51WaYrkiVXL._SL500_.jpg" alt="Product Image"></a><p>Miele AirClean 3D Efficiency Dust Bag, Type GN, XL Value Pack, 8 Bags and 4 Filters</p><p>$36.99</p><a href="https://www.amazon.com/dp/B07P3WB37F?tag=eloabder-20&linkCode=osi&th=1&psc=1">View Product</a></div><div class="product"><a href="https://www.amazon.com/dp/B09DSY4Z2T?tag=eloabder-20&linkCode=osi&th=1&psc=1"><img src="https://m.media-amazon.com/images/I/51+ref3EeAL._SL500_.jpg" alt="Product Image"></a><p>Filter Replacement for Tineco A10 A11 Hero A10/A11 Master PURE ONE S11 Series, S12, X Cordless Vacuum Cleaner (3 PACK) â€¦</p><p>$12.99 ($4.33 / Count)</p><a href="https://www.amazon.com/dp/B09DSY4Z2T?tag=eloabder-20&linkCode=osi&th=1&psc=1">View Product</a></div>


<div class="product"><a href="https://www.amazon.com/dp/B0BXRR5QFV?tag=eloabder-20&linkCode=osi&th=1&psc=1"><img src="https://m.media-amazon.com/images/I/41sjdBkCp8L._SL500_.jpg" alt="Product Image"></a><p>AC Infinity CLOUDFORGE T7, Plant Humidifier 15L with VPD Humidity Controls, 10-Level Precision Vaporizer, Extendable Hose, Targeting Pipe, and No-Leak Seal for Grow Tents</p><p>$159.00</p><a href="https://www.amazon.com/dp/B0BXRR5QFV?tag=eloabder-20&linkCode=osi&th=1&psc=1">View Product</a></div><div class="product"><a href="https://www.amazon.com/dp/B01N6MV8SA?tag=eloabder-20&linkCode=osi&th=1&psc=1"><img src="https://m.media-amazon.com/images/I/41hX08+W1xL._SL500_.jpg" alt="Product Image"></a><p>Protec Humidifier Tank Cleaner, 1 Count - Colors May Vary</p><p>$5.98</p><a href="https://www.amazon.com/dp/B01N6MV8SA?tag=eloabder-20&linkCode=osi&th=1&psc=1">View Product</a></div><div class="product"><a href="https://www.amazon.com/dp/B07GXBTH82?tag=eloabder-20&linkCode=osi&th=1&psc=1"><img src="https://m.media-amazon.com/images/I/41ibxK12JPL._SL500_.jpg" alt="Product Image"></a><p>Essick Air 1970-2 Humidifier, 2-Quart Bacteriostatic Treatment, 2 Pack, Clear, 2</p><p>$22.99</p><a href="https://www.amazon.com/dp/B07GXBTH82?tag=eloabder-20&linkCode=osi&th=1&psc=1">View Product</a></div><div class="product"><a href="https://www.amazon.com/dp/B08TTT3K9B?tag=eloabder-20&linkCode=osi&th=1&psc=1"><img src="https://m.media-amazon.com/images/I/41U6j9SexmL._SL500_.jpg" alt="Product Image"></a><p>Leemone Humidifier Cleaner 12 Pack, Demineralization Cleaning Ball, Works in All humidifiers and Fish Tanks, Purifies Water, Prevents Hard Water Build-Up, Eliminates White Dust and Odor</p><p>$14.44</p><a href="https://www.amazon.com/dp/B08TTT3K9B?tag=eloabder-20&linkCode=osi&th=1&psc=1">View Product</a></div>
<div class="product"><a href="https://www.amazon.com/dp/B07YD4XCT3?tag=eloabder-20&linkCode=osi&th=1&psc=1"><img src="https://m.media-amazon.com/images/I/41hR81iKyJL._SL500_.jpg" alt="Product Image"></a><p>Vacplus Moisture Absorber Packets, Fragrance Free(10 Pack), Humidity Packs, Hanging Closet Dehumidifier Bags, Desiccant 9.8OZ</p><p>$21.99</p><a href="https://www.amazon.com/dp/B07YD4XCT3?tag=eloabder-20&linkCode=osi&th=1&psc=1">View Product</a></div><div class="product"><a href="https://www.amazon.com/dp/B09LQF5V5K?tag=eloabder-20&linkCode=osi&th=1&psc=1"><img src="https://m.media-amazon.com/images/I/51Cx5ECAotL._SL500_.jpg" alt="Product Image"></a><p>CLEVAST Moisture Absorbers Packets 10 Pack, Dehumidifier Bags for Closet, Unscented Hanging Humidity Absorber in Wardrobes, Bedrooms, Bathrooms(230g/pack)</p><p>$16.98</p><a href="https://www.amazon.com/dp/B09LQF5V5K?tag=eloabder-20&linkCode=osi&th=1&psc=1">View Product</a></div><div class="product"><a href="https://www.amazon.com/dp/B0B8L9QRW8?tag=eloabder-20&linkCode=osi&th=1&psc=1"><img src="https://m.media-amazon.com/images/I/518LgtpPi8L._SL500_.jpg" alt="Product Image"></a><p>Arm & Hammer Essentials Disposable Moisture Absorber and Odor Eliminator Tub, Fragrance Free, 1 lb, 3-Pack, Attracts and Traps Excess Moisture, Ideal Closet Dehumidifier, White</p><p>$24.94 ($0.52 / Ounce)</p><a href="https://www.amazon.com/dp/B0B8L9QRW8?tag=eloabder-20&linkCode=osi&th=1&psc=1">View Product</a></div><div class="product"><a href="https://www.amazon.com/dp/B09W9TPJGZ?tag=eloabder-20&linkCode=osi&th=1&psc=1"><img src="https://m.media-amazon.com/images/I/51pVTVMwHbL._SL500_.jpg" alt="Product Image"></a><p>THECOSKY Dehumidifier and Air Purifier Combo,HEPA H13 Filter and Negative Air Ion Function,54oz(1.6L) Water Tank with Drain Hose,24hrs Auto-Off Timer,Idea for Bedroom,Bathroom,Closet,RV</p><p>$109.99</p><a href="https://www.amazon.com/dp/B09W9TPJGZ?tag=eloabder-20&linkCode=osi&th=1&psc=1">View Product</a></div><div class="product"><a href="https://www.amazon.com/dp/B0CXDG65LZ?tag=eloabder-20&linkCode=osi&th=1&psc=1"><img src="https://m.media-amazon.com/images/I/41HNflmbKHL._SL500_.jpg" alt="Product Image"></a><p>14 x 17.5 x1.75 MERV 13 Replacement Dehumidifier Filter Compatible with Santa Fe Advance90, Advance100, Advance120, Honeywell DR90 & DR120 dehumidifier models, 2 Pack</p><p>$42.99</p><a href="https://www.amazon.com/dp/B0CXDG65LZ?tag=eloabder-20&linkCode=osi&th=1&psc=1">View Product</a></div>
<div class="product"><a href="https://www.amazon.com/dp/B088B921NQ?tag=eloabder-20&linkCode=osi&th=1&psc=1"><img src="https://m.media-amazon.com/images/I/612e4cT3RYL._SL500_.jpg" alt="Product Image"></a><p>ULTTY H13 HEPA Replacement Filter with Medical Coating, True HEPA Filter For R021/ R020 Purifying Fan, Medium</p><p>$29.99</p><a href="https://www.amazon.com/dp/B088B921NQ?tag=eloabder-20&linkCode=osi&th=1&psc=1">View Product</a></div><div class="product"><a href="https://www.amazon.com/dp/B0D2MZ4Y7Z?tag=eloabder-20&linkCode=osi&th=1&psc=1"><img src="https://m.media-amazon.com/images/I/51KgTHizWyL._SL500_.jpg" alt="Product Image"></a><p>Butto 5-Pack Ceiling Fan Filters for Blades - Strong Adhesive Ceiling Fan Filters for Common Household Contaminants - Unscented Coconut Carbon Fan Air Purifier Pads to Make Air Fresh and Natural</p><p>$9.98</p><a href="https://www.amazon.com/dp/B0D2MZ4Y7Z?tag=eloabder-20&linkCode=osi&th=1&psc=1">View Product</a></div><div class="product"><a href="https://www.amazon.com/dp/B0C42HCM21?tag=eloabder-20&linkCode=osi&th=1&psc=1"><img src="https://m.media-amazon.com/images/I/31jk3lpoygL._SL500_.jpg" alt="Product Image"></a><p>Barnakl Ceiling Fan Filters | Activated Coconut Shell Carbon Filter | Easy-Stick Universal Ceiling Fan Air Filters | Unscented Ceiling Fan Blade Filters for Common Household Contaminants, (3-Count)</p><p>$19.99 ($6.66 / Count)</p><a href="https://www.amazon.com/dp/B0C42HCM21?tag=eloabder-20&linkCode=osi&th=1&psc=1">View Product</a></div>
<div class="product"><a href="https://www.amazon.com/dp/B08LZWP29P?tag=eloabder-20&linkCode=osi&th=1&psc=1"><img src="https://m.media-amazon.com/images/I/41NLuzzFW9L._SL500_.jpg" alt="Product Image"></a><p>Chromex Tankless Water Heater Descaling Solution | Highly Effective Descaler Restores Heating Efficiency, Quart, 32 fl oz (1)</p><p>$26.99</p><a href="https://www.amazon.com/dp/B08LZWP29P?tag=eloabder-20&linkCode=osi&th=1&psc=1">View Product</a></div>

<div class="product"><a href="https://www.amazon.com/dp/B005UO4OWQ?tag=eloabder-20&linkCode=osi&th=1&psc=1"><img src="https://m.media-amazon.com/images/I/41oQPKFofoL._SL500_.jpg" alt="Product Image"></a><p>Bissell 203-7458 Brushroll, Bg10/86T3, Black</p><p>$21.26 ($21.26 / Count)</p><a href="https://www.amazon.com/dp/B005UO4OWQ?tag=eloabder-20&linkCode=osi&th=1&psc=1">View Product</a></div>





















<div class="product"><a href="https://www.amazon.com/dp/B0014J7FUY?tag=eloabder-20&linkCode=osi&th=1&psc=1"><img src="https://m.media-amazon.com/images/I/31QrM+IPxOL._SL500_.jpg" alt="Product Image"></a><p>Urnex Grindz Professional Coffee Grinder Cleaning Tablets - 430 Grams - All Natural Food Safe Gluten Free - Cleans Burr and Casing - Help Extend Life of Your Grinder</p><p>$25.99 ($1.71 / Ounce)</p><a href="https://www.amazon.com/dp/B0014J7FUY?tag=eloabder-20&linkCode=osi&th=1&psc=1">View Product</a></div>



<div class="product"><a href="https://www.amazon.com/dp/B0CHW317SG?tag=eloabder-20&linkCode=osi&th=1&psc=1"><img src="https://m.media-amazon.com/images/I/41Qd5Iu3qBL._SL500_.jpg" alt="Product Image"></a><p>EUHOMY 55 Can Beverage Refrigerator cooler-Mini Fridge Glass Door for Beer Drinks Wines, Freestanding Beverage Fridge with Adjustable Shelves Blue LED for Home/Office/Dorm/Bar (1.3cu.ft)</p><p>$128.99</p><a href="https://www.amazon.com/dp/B0CHW317SG?tag=eloabder-20&linkCode=osi&th=1&psc=1">View Product</a></div>

<div class="product"><a href="https://www.amazon.com/dp/B099CN2MRK?tag=eloabder-20&linkCode=osi&th=1&psc=1"><img src="https://m.media-amazon.com/images/I/31CvUCIUX5L._SL500_.jpg" alt="Product Image"></a><p>Genuine PuroAir 240 Replacement Filter - Replacement HEPA Filter for PuroAir 240 Purifier - Captures up to 99% of Pollen, Smoke, Pollen, Dust and Common Household Pollutants</p><p>$48.00</p><a href="https://www.amazon.com/dp/B099CN2MRK?tag=eloabder-20&linkCode=osi&th=1&psc=1">View Product</a></div><div class="product"><a href="https://www.amazon.com/dp/B0055521W0?tag=eloabder-20&linkCode=osi&th=1&psc=1"><img src="https://m.media-amazon.com/images/I/41Hs7ixdyXL._SL500_.jpg" alt="Product Image"></a><p>GermGuardian Filter B HEPA Pure Genuine Air Purifier Replacement Filter, Removes 99.97% of Pollutants for AC4825, AC4300, AC4900, AC4825DLX, AC4850, CDAP4500, AP2200, Black/Yellow, FLT4825</p><p>$17.90 ($17.90 / Count)</p><a href="https://www.amazon.com/dp/B0055521W0?tag=eloabder-20&linkCode=osi&th=1&psc=1">View Product</a></div><div class="product"><a href="https://www.amazon.com/dp/B0BNMYKZPV?tag=eloabder-20&linkCode=osi&th=1&psc=1"><img src="https://m.media-amazon.com/images/I/41-K3mB6KkL._SL500_.jpg" alt="Product Image"></a><p>2 Pack True HEPA KILO Filter Compatible with Afloia KILO, KILOPLUS, KILOPRO, MIRO,MIRO PRO and MORENTO MR-Kilo, Kalo Air Purifier, 360Â° 3-Stage Filtration</p><p>$34.99 ($17.50 / Count)</p><a href="https://www.amazon.com/dp/B0BNMYKZPV?tag=eloabder-20&linkCode=osi&th=1&psc=1">View Product</a></div><div class="product"><a href="https://www.amazon.com/dp/B0D3M4Y9W7?tag=eloabder-20&linkCode=osi&th=1&psc=1"><img src="https://m.media-amazon.com/images/I/41tzW+mkZuL._SL500_.jpg" alt="Product Image"></a><p>Breshair 14 True HEPA Filter Replacement Compatible with PuroAir 240 Air Purifier, 3-in-1 Filtration System with Activated Carbon Filter, 2-Pack</p><p>$31.56 ($15.78 / Count)</p><a href="https://www.amazon.com/dp/B0D3M4Y9W7?tag=eloabder-20&linkCode=osi&th=1&psc=1">View Product</a></div><div class="product"><a href="https://www.amazon.com/dp/B0CB18MVX6?tag=eloabder-20&linkCode=osi&th=1&psc=1"><img src="https://m.media-amazon.com/images/I/519ZmmLOrzL._SL500_.jpg" alt="Product Image"></a><p>2 Pack 3-in-1 H13 True HEPA Replacement Filter Compatible with Pure Enrichment PureZone Air Purifier Part# PEAIRPLG</p><p>$23.99 ($12.00 / Count)</p><a href="https://www.amazon.com/dp/B0CB18MVX6?tag=eloabder-20&linkCode=osi&th=1&psc=1">View Product</a></div><div class="product"><a href="https://www.amazon.com/dp/B08JTZMRML?tag=eloabder-20&linkCode=osi&th=1&psc=1"><img src="https://m.media-amazon.com/images/I/51yx60sCjHL._SL500_.jpg" alt="Product Image"></a><p>6 Pack HPA300 HEPA Filter Replacement for Honeywell HPA300 Series Air Purifiers HPA300, HPA300VP, HPA304, HPA3300, Replace HRF-R3 (6 Ture HEPA R Replacement Filter + 8 Activated Carbon Pre-Filter)</p><p>$47.99 ($3.43 / Count)</p><a href="https://www.amazon.com/dp/B08JTZMRML?tag=eloabder-20&linkCode=osi&th=1&psc=1">View Product</a></div><div class="product"><a href="https://www.amazon.com/dp/B0CF1GLSYS?tag=eloabder-20&linkCode=osi&th=1&psc=1"><img src="https://m.media-amazon.com/images/I/41709EXRzXL._SL500_.jpg" alt="Product Image"></a><p>CHIVALZ 4 Pack HY4866 True HEPA Replacement Filters Compatible with MORENTO HY4866 Air Purifier, WESTHEY HY4866 Air Purifier and YIOU M1 Air Cleaner Purifier, Original Version</p><p>$39.99 ($10.00 / Count)</p><a href="https://www.amazon.com/dp/B0CF1GLSYS?tag=eloabder-20&linkCode=osi&th=1&psc=1">View Product</a></div>







<div class="product"><a href="https://www.amazon.com/dp/B0CYKMFKR9?tag=eloabder-20&linkCode=osi&th=1&psc=1"><img src="https://m.media-amazon.com/images/I/316zU-ozoxL._SL500_.jpg" alt="Product Image"></a><p>Air Purifier Replacement Filter for Space Heater Bladeless Fan</p><p>$29.99</p><a href="https://www.amazon.com/dp/B0CYKMFKR9?tag=eloabder-20&linkCode=osi&th=1&psc=1">View Product</a></div>
<div class="product"><a href="https://www.amazon.com/dp/B07MRH6VY7?tag=eloabder-20&linkCode=osi&th=1&psc=1"><img src="https://m.media-amazon.com/images/I/51g-nuN4A5L._SL500_.jpg" alt="Product Image"></a><p>Colorfullife Replacement Air Purifier Filter for Dyson Tower Purifier Pure Cool Link TP01, TP02, TP03, BP01, Compare to Part 968126-03ï¼Œ2 Pack</p><p>$26.99</p><a href="https://www.amazon.com/dp/B07MRH6VY7?tag=eloabder-20&linkCode=osi&th=1&psc=1">View Product</a></div><div class="product"><a href="https://www.amazon.com/dp/B07TX5SW7J?tag=eloabder-20&linkCode=osi&th=1&psc=1"><img src="https://m.media-amazon.com/images/I/512Kn+cPglL._SL500_.jpg" alt="Product Image"></a><p>TP01 HEPA Filter Replacement Compatible with Dyson Tower Purifier Pure Cool Link TP01, TP02, TP03, AM11, BP01 Models, Compare to Part # 968126-03 (Pack of 2)</p><p>$27.95 ($13.98 / Count)</p><a href="https://www.amazon.com/dp/B07TX5SW7J?tag=eloabder-20&linkCode=osi&th=1&psc=1">View Product</a></div><div class="product"><a href="https://www.amazon.com/dp/B0CC24GZGB?tag=eloabder-20&linkCode=osi&th=1&psc=1"><img src="https://m.media-amazon.com/images/I/41woNpZ9VgL._SL500_.jpg" alt="Product Image"></a><p>TP01 TP02 Filter Compatible with Dyson Pure Cool Link Purifying Tower Fan TP00 TP03 AM11 and Cool Me BP01 Personal Series, 360Â° Air Purifier Filter Replacement 968126-03, 1-Pack</p><p>$25.99</p><a href="https://www.amazon.com/dp/B0CC24GZGB?tag=eloabder-20&linkCode=osi&th=1&psc=1">View Product</a></div><div class="product"><a href="https://www.amazon.com/dp/B0CX23N2JJ?tag=eloabder-20&linkCode=osi&th=1&psc=1"><img src="https://m.media-amazon.com/images/I/3145hmd5j7L._SL500_.jpg" alt="Product Image"></a><p>Dreo Air Purifiers Replacement Filter, HEPA Filter for Dreo Purifier Tower Fan MC710S, with 2 Stage Filtration, Black, Standard(DR-HPA019)</p><p>$39.99</p><a href="https://www.amazon.com/dp/B0CX23N2JJ?tag=eloabder-20&linkCode=osi&th=1&psc=1">View Product</a></div>










<div class="product"><a href="https://www.amazon.com/dp/B001U0OJ7O?tag=eloabder-20&linkCode=osi&th=1&psc=1"><img src="https://m.media-amazon.com/images/I/41XEg3QV-wL._SL500_.jpg" alt="Product Image"></a><p>Whirlpool W10165294RB 15-Inch Plastic Trash Compactor ct, 60 Bags, Count</p><p>$48.34</p><a href="https://www.amazon.com/dp/B001U0OJ7O?tag=eloabder-20&linkCode=osi&th=1&psc=1">View Product</a></div><div class="product"><a href="https://www.amazon.com/dp/B0CC3V4ZZ4?tag=eloabder-20&linkCode=osi&th=1&psc=1"><img src="https://m.media-amazon.com/images/I/31bbvodHnjL._SL500_.jpg" alt="Product Image"></a><p>Waste Smasher- Hand-Held Manual Trash Compactor Dishwasher Safe Black</p><p>$24.95</p><a href="https://www.amazon.com/dp/B0CC3V4ZZ4?tag=eloabder-20&linkCode=osi&th=1&psc=1">View Product</a></div><div class="product"><a href="https://www.amazon.com/dp/B00IYO5914?tag=eloabder-20&linkCode=osi&th=1&psc=1"><img src="https://m.media-amazon.com/images/I/51SLpTXIYNL._SL500_.jpg" alt="Product Image"></a><p>Kitchen Master Super Strong Compactor Bags Pre Cuffed (12 Pack)</p><p>$34.95</p><a href="https://www.amazon.com/dp/B00IYO5914?tag=eloabder-20&linkCode=osi&th=1&psc=1">View Product</a></div><div class="product"><a href="https://www.amazon.com/dp/B075DJ4ZVQ?tag=eloabder-20&linkCode=osi&th=1&psc=1"><img src="https://m.media-amazon.com/images/I/51Vaek4I89L._SL500_.jpg" alt="Product Image"></a><p>Dano Pre-Cuffed Compactor Bags</p><p>$32.95 ($2.75 / Count)</p><a href="https://www.amazon.com/dp/B075DJ4ZVQ?tag=eloabder-20&linkCode=osi&th=1&psc=1">View Product</a></div><div class="product"><a href="https://www.amazon.com/dp/B0C2DCVCBJ?tag=eloabder-20&linkCode=osi&th=1&psc=1"><img src="https://m.media-amazon.com/images/I/51072CtaKuL._SL500_.jpg" alt="Product Image"></a><p>60-pack W10165294RB Trash Compactor Bags - leak-proof trash compactor bags for kitchen 60-ct 15 inches - Fits 15-inch Rectangular Drawer Compactors</p><p>$45.99 ($0.77 / Count)</p><a href="https://www.amazon.com/dp/B0C2DCVCBJ?tag=eloabder-20&linkCode=osi&th=1&psc=1">View Product</a></div><div class="product"><a href="https://www.amazon.com/dp/B001U0OJ7E?tag=eloabder-20&linkCode=osi&th=1&psc=1"><img src="https://m.media-amazon.com/images/I/41c0z26RyvL._SL500_.jpg" alt="Product Image"></a><p>Whirlpool W10165293RB Genuine OEM 60 Pack-Plastic Compactor Bags-18" Models â€“ 1394369, 4178058, 4318932, 4318933, 4318935, 4318937, 4318939, AH1964576, EA1964576, PS1964576</p><p>$48.64 ($0.81 / Count)</p><a href="https://www.amazon.com/dp/B001U0OJ7E?tag=eloabder-20&linkCode=osi&th=1&psc=1">View Product</a></div><div class="product"><a href="https://www.amazon.com/dp/B00W27J16S?tag=eloabder-20&linkCode=osi&th=1&psc=1"><img src="https://m.media-amazon.com/images/I/41RaOjAGlrL._SL500_.jpg" alt="Product Image"></a><p>Compactor Bags Pre Cuffed (50 Pack)</p><p>$84.95 ($1.70 / count)</p><a href="https://www.amazon.com/dp/B00W27J16S?tag=eloabder-20&linkCode=osi&th=1&psc=1">View Product</a></div><div class="product"><a href="https://www.amazon.com/dp/B00MOCYY2W?tag=eloabder-20&linkCode=osi&th=1&psc=1"><img src="https://m.media-amazon.com/images/I/41SH8mDsAnL._SL500_.jpg" alt="Product Image"></a><p>GE WX60X1 Genuine OEM Universal Trash Compactor Bags for GE Trash Compactors</p><p>$19.00</p><a href="https://www.amazon.com/dp/B00MOCYY2W?tag=eloabder-20&linkCode=osi&th=1&psc=1">View Product</a></div><div class="product"><a href="https://www.amazon.com/dp/B0D7SFSTNG?tag=eloabder-20&linkCode=osi&th=1&psc=1"><img src="https://m.media-amazon.com/images/I/41szt9tZJPL._SL500_.jpg" alt="Product Image"></a><p>4PCS Trash Compactor Charcoal Air Filter Fit for Whirlpool/KitchenAid/Maytag/Jenn-Air/Amana/Inglis/Magic Chef Trash Compactor, Replaces 4151750 554358 WP4151750 AP6009134 PS11742279</p><p>$23.59 ($5.90 / Count)</p><a href="https://www.amazon.com/dp/B0D7SFSTNG?tag=eloabder-20&linkCode=osi&th=1&psc=1">View Product</a></div>
<div class="product"><a href="https://www.amazon.com/dp/B0CGLX5ZB9?tag=eloabder-20&linkCode=osi&th=1&psc=1"><img src="https://m.media-amazon.com/images/I/51qeRZQS98L._SL500_.jpg" alt="Product Image"></a><p>Spare Replacement Parts Compatible with MAMNV BR150 BR151, ZCWA BR150 BR151, MANVINS G20 Robot Vacuum and Mop Combo Accessories Include: 3 Hepa Filters 3 Mop Pads 6 Side Spin Brushes</p><p>$9.98</p><a href="https://www.amazon.com/dp/B0CGLX5ZB9?tag=eloabder-20&linkCode=osi&th=1&psc=1">View Product</a></div><div class="product"><a href="https://www.amazon.com/dp/B0B28DGZBG?tag=eloabder-20&linkCode=osi&th=1&psc=1"><img src="https://m.media-amazon.com/images/I/51ooMN4RqML._SL500_.jpg" alt="Product Image"></a><p>Replacement Parts for Shark AI AV2511AE AV2501S AV2610WA AV2501AE RV2502AE RV2610WA RV2520 AV2510 2-In-1 AI Ultra Robot Vacuum Cleaner Accessories Kits. Main Brush, HEPA Filter, Foam Filter,Side Brush</p><p>$19.99 ($1.05 / Count)</p><a href="https://www.amazon.com/dp/B0B28DGZBG?tag=eloabder-20&linkCode=osi&th=1&psc=1">View Product</a></div><div class="product"><a href="https://www.amazon.com/dp/B0782T7L6P?tag=eloabder-20&linkCode=osi&th=1&psc=1"><img src="https://m.media-amazon.com/images/I/41hTVkuzMJL._SL500_.jpg" alt="Product Image"></a><p>10pcs HEPA Filters Replacement for ILIFE V3s V3s pro V5 V5s V5s Pro V5s Pro 2 V5s Plus Noisz S5 Robotic Vacuum Cleaner ILIFE V3s pro Filters ILIFE Robot Vacuum Filter</p><p>$9.80 ($0.98 / Count)</p><a href="https://www.amazon.com/dp/B0782T7L6P?tag=eloabder-20&linkCode=osi&th=1&psc=1">View Product</a></div><div class="product"><a href="https://www.amazon.com/dp/B0CXLVHTTC?tag=eloabder-20&linkCode=osi&th=1&psc=1"><img src="https://m.media-amazon.com/images/I/51BT3phYzKL._SL500_.jpg" alt="Product Image"></a><p>HUIZHEN Spare Accessories for MAMNV BR150/BR151, for ZCWA BR150/BR151, for MANVINS G20,for GTTVO BR150/BR151,for ONSON BR150/BR151 Robot Vacuum Replacement Parts,6 Side Brush,4 HEPA Filters,4 Mop Pads</p><p>$9.99</p><a href="https://www.amazon.com/dp/B0CXLVHTTC?tag=eloabder-20&linkCode=osi&th=1&psc=1">View Product</a></div><div class="product"><a href="https://www.amazon.com/dp/B08RYDDQL8?tag=eloabder-20&linkCode=osi&th=1&psc=1"><img src="https://m.media-amazon.com/images/I/314Xd7+oBXL._SL500_.jpg" alt="Product Image"></a><p>AirClean 4 Pack 3.7" High Replacement Base Pre-Motor Foam Filters Compatible with Shark IQ Robot Vacuum R101AE RV1001AE UR1005AE Self-Empty Base</p><p>$12.99 ($3.25 / Count)</p><a href="https://www.amazon.com/dp/B08RYDDQL8?tag=eloabder-20&linkCode=osi&th=1&psc=1">View Product</a></div><div class="product"><a href="https://www.amazon.com/dp/B0CJLHJ557?tag=eloabder-20&linkCode=osi&th=1&psc=1"><img src="https://m.media-amazon.com/images/I/41iQm8hUjiL._SL500_.jpg" alt="Product Image"></a><p>Replacement Parts Compatible with WYZE Robot Vacuum Cleaner WVCR200S Accessories, 2 Main Brushes, 6 Hepa Filters, 8 Side Brushes Attachment Spare Pack</p><p>$14.99 ($0.94 / Count)</p><a href="https://www.amazon.com/dp/B0CJLHJ557?tag=eloabder-20&linkCode=osi&th=1&psc=1">View Product</a></div>
<div class="product"><a href="https://www.amazon.com/dp/B0C4595Q8P?tag=eloabder-20&linkCode=osi&th=1&psc=1"><img src="https://m.media-amazon.com/images/I/51k23SAtRxL._SL500_.jpg" alt="Product Image"></a><p>4 Pack FSV001 HEPA Filter Compatiable with Fabuletta FSV101, FSV001, Girnoor G160&G165, Afoddon A300, Lubluelu 202, Oraimo Cordless Vacuum Cleaner, Besswin W26 Cordless Stick Vacuum Cleaners</p><p>$15.99 ($4.00 / Count)</p><a href="https://www.amazon.com/dp/B0C4595Q8P?tag=eloabder-20&linkCode=osi&th=1&psc=1">View Product</a></div>
<div class="product"><a href="https://www.amazon.com/dp/B0BNKJX96X?tag=eloabder-20&linkCode=osi&th=1&psc=1"><img src="https://m.media-amazon.com/images/I/41OPeLFppoL._SL500_.jpg" alt="Product Image"></a><p>6 PACK 2033 Replacement Filter Compatible with Bissell Featherweight Stick Lightweight Bagless Vacuum Cleaner 20331, 20333, 20334, 20336, 20339, 2033M,6 Mesh Filter 6 Foam Filters, Replace # 1611508</p><p>$14.99 ($2.50 / Count)</p><a href="https://www.amazon.com/dp/B0BNKJX96X?tag=eloabder-20&linkCode=osi&th=1&psc=1">View Product</a></div><div class="product"><a href="https://www.amazon.com/dp/B0CMBWLTSM?tag=eloabder-20&linkCode=osi&th=1&psc=1"><img src="https://m.media-amazon.com/images/I/41PHqKaLTDL._SL500_.jpg" alt="Product Image"></a><p>18V ONE + Cordless Pet Stick Vacuum Filter for Ryobi, PCL720, PBLSV716, PBLSV717 Stick Vacuum, Reusable Washable Filters, Compare to Part A32SV720N, 6 Pack</p><p>$15.99 ($2.66 / Count)</p><a href="https://www.amazon.com/dp/B0CMBWLTSM?tag=eloabder-20&linkCode=osi&th=1&psc=1">View Product</a></div><div class="product"><a href="https://www.amazon.com/dp/B0CXDYWWT9?tag=eloabder-20&linkCode=osi&th=1&psc=1"><img src="https://m.media-amazon.com/images/I/41F1csTT8jL._SL500_.jpg" alt="Product Image"></a><p>2 Replacement Filters for Craftsman V20 Cordless Stick Vacuum CMCVS001D1, for Black Decker BSVF1 BSV2020 BSV2020G BSV2020P Cordless Stick Vacuum Cleaner with 1 Cleaning Brush</p><p>$14.99</p><a href="https://www.amazon.com/dp/B0CXDYWWT9?tag=eloabder-20&linkCode=osi&th=1&psc=1">View Product</a></div><div class="product"><a href="https://www.amazon.com/dp/B0CCJ5N5DH?tag=eloabder-20&linkCode=osi&th=1&psc=1"><img src="https://m.media-amazon.com/images/I/41xmhDPqk8L._SL500_.jpg" alt="Product Image"></a><p>Aolleteau 1 Pack Brush Roller Compatible with Black + Decker BSV2020, BSV2020P, BSV2020G Powerseries Extreme Cordless Stick Vacuum and Compatible with Craftsman V20 Cordless Stick Vacuum CMCVS001D1</p><p>$17.99</p><a href="https://www.amazon.com/dp/B0CCJ5N5DH?tag=eloabder-20&linkCode=osi&th=1&psc=1">View Product</a></div><div class="product"><a href="https://www.amazon.com/dp/B0CQY61LFD?tag=eloabder-20&linkCode=osi&th=1&psc=1"><img src="https://m.media-amazon.com/images/I/31swBBC444L._SL500_.jpg" alt="Product Image"></a><p>Tablenco for Shark HZ602 Filter Replacement Ultralight Pet Pro Corded Stick Vacuum and HZ2002 Vertex DuoClean PowerFins fit HZ2000 HZ251 HZ250 HH200 HH202,4 Foam Felt 4 Motor Kit (No cleaning brush)</p><p>$9.98</p><a href="https://www.amazon.com/dp/B0CQY61LFD?tag=eloabder-20&linkCode=osi&th=1&psc=1">View Product</a></div><div class="product"><a href="https://www.amazon.com/dp/B09Q55KW8W?tag=eloabder-20&linkCode=osi&th=1&psc=1"><img src="https://m.media-amazon.com/images/I/51MKsJy6nSL._SL500_.jpg" alt="Product Image"></a><p>Anicell 2033 Featherweight Filter for Bissell Featherweight Stick Lightweight Bagless Vacuum 20331 20333 20334 20336 20339 2033M, 4 Mesh Filters 6 Foam Filters Replacement, Replace part# 1611508</p><p>$11.99</p><a href="https://www.amazon.com/dp/B09Q55KW8W?tag=eloabder-20&linkCode=osi&th=1&psc=1">View Product</a></div><div class="product"><a href="https://www.amazon.com/dp/B0CDVG7LHD?tag=eloabder-20&linkCode=osi&th=1&psc=1"><img src="https://m.media-amazon.com/images/I/41hjN1Te6sL._SL500_.jpg" alt="Product Image"></a><p>Moreffi 3 Pack Filter Replacement For HART Cordless Stick Vacuum HPSV01 and HPSV50, Compare to Part Number HASV01</p><p>$19.99 ($6.66 / Count)</p><a href="https://www.amazon.com/dp/B0CDVG7LHD?tag=eloabder-20&linkCode=osi&th=1&psc=1">View Product</a></div>
<div class="product"><a href="https://www.amazon.com/dp/B07DQ9TZC8?tag=eloabder-20&linkCode=osi&th=1&psc=1"><img src="https://m.media-amazon.com/images/I/41PHyZ20FuL._SL500_.jpg" alt="Product Image"></a><p>Kenmore 53294 Style O HEPA Cloth Vacuum Bags for Kenmore Upright Vacuum Cleaners 6 Pack,White</p><p>$20.99 ($3.50 / Count)</p><a href="https://www.amazon.com/dp/B07DQ9TZC8?tag=eloabder-20&linkCode=osi&th=1&psc=1">View Product</a></div><div class="product"><a href="https://www.amazon.com/dp/B08MXVTTT2?tag=eloabder-20&linkCode=osi&th=1&psc=1"><img src="https://m.media-amazon.com/images/I/41T6wRpIMzL._SL500_.jpg" alt="Product Image"></a><p>Kenmore IB600 HEPA Replacement Intuition Upright Vacuum Cleaner Bags for BU4022, BU4020, BU4018, BU4050, BU3040,White</p><p>$18.75</p><a href="https://www.amazon.com/dp/B08MXVTTT2?tag=eloabder-20&linkCode=osi&th=1&psc=1">View Product</a></div><div class="product"><a href="https://www.amazon.com/dp/B01010JVYO?tag=eloabder-20&linkCode=osi&th=1&psc=1"><img src="https://m.media-amazon.com/images/I/51Anluh47GL._SL500_.jpg" alt="Product Image"></a><p>EnviroCare Replacement Micro Filtration Vacuum Cleaner Dust Bags Designed to fit Hoover Windtunnel Upright Type Y 9 pack</p><p>$9.89 ($1.10 / Count)</p><a href="https://www.amazon.com/dp/B01010JVYO?tag=eloabder-20&linkCode=osi&th=1&psc=1">View Product</a></div><div class="product"><a href="https://www.amazon.com/dp/B0D5CP3WBY?tag=eloabder-20&linkCode=osi&th=1&psc=1"><img src="https://m.media-amazon.com/images/I/31MaGmsVOwL._SL500_.jpg" alt="Product Image"></a><p>Bagless Upright Kenmore Vacuum HEPA Filters, Compatible with Foam Filters, Felt Filters and Upright vacuum cleaner for Models K4010,DU2015,DU2012(includes 1 Hepa Filters,2 Foam and 2 Felt Filters)</p><p>$12.99</p><a href="https://www.amazon.com/dp/B0D5CP3WBY?tag=eloabder-20&linkCode=osi&th=1&psc=1">View Product</a></div><div class="product"><a href="https://www.amazon.com/dp/B0CBFV28WX?tag=eloabder-20&linkCode=osi&th=1&psc=1"><img src="https://m.media-amazon.com/images/I/51LIYI0wXSL._SL500_.jpg" alt="Product Image"></a><p>16 Packs Vacuum Bags for Oreck Type CC, Compatible with All Oreck XL Upright Vacuum Cleaner - Replaces Part # CCPK8DW</p><p>$21.99 ($1.37 / Count)</p><a href="https://www.amazon.com/dp/B0CBFV28WX?tag=eloabder-20&linkCode=osi&th=1&psc=1">View Product</a></div><div class="product"><a href="https://www.amazon.com/dp/B00F9GQMHA?tag=eloabder-20&linkCode=osi&th=1&psc=1"><img src="https://m.media-amazon.com/images/I/51lhelurelL._SL500_.jpg" alt="Product Image"></a><p>EnviroCare Replacement Premium Vacuum Cleaner Dust Bags made to fit Eureka F&G Uprights 9 bags</p><p>$11.09</p><a href="https://www.amazon.com/dp/B00F9GQMHA?tag=eloabder-20&linkCode=osi&th=1&psc=1">View Product</a></div><div class="product"><a href="https://www.amazon.com/dp/B002CI8G1I?tag=eloabder-20&linkCode=osi&th=1&psc=1"><img src="https://m.media-amazon.com/images/I/51PYQrQpbSL._SL500_.jpg" alt="Product Image"></a><p>EnviroCare Replacement Micro Filtration Vacuum Cleaner Dust Bags made to fit Kenmore Upright Type U/L/O 50688 and 50690, Panasonic Type U-2, Miele Type Z. 9 pack</p><p>$9.99</p><a href="https://www.amazon.com/dp/B002CI8G1I?tag=eloabder-20&linkCode=osi&th=1&psc=1">View Product</a></div>
<div class="product"><a href="https://www.amazon.com/dp/B07GNQJ67P?tag=eloabder-20&linkCode=osi&th=1&psc=1"><img src="https://m.media-amazon.com/images/I/41XHnKbgjAL._SL500_.jpg" alt="Product Image"></a><p>Kenmore 53292 Type Q HEPA Replacement Dust Bags for Canister Vacuum 81214, 81414, 81714, 21814, BC2005, BC3005, 81615, BC7005, 6 Count (Pack of 1)</p><p>$13.24 ($2.21 / Count)</p><a href="https://www.amazon.com/dp/B07GNQJ67P?tag=eloabder-20&linkCode=osi&th=1&psc=1">View Product</a></div><div class="product"><a href="https://www.amazon.com/dp/B01L0C0FVK?tag=eloabder-20&linkCode=osi&th=1&psc=1"><img src="https://m.media-amazon.com/images/I/51ZIjbo9NVL._SL500_.jpg" alt="Product Image"></a><p>Envirocare Replacement Vacuum Bags Compatible with Kenmore Canister Type C/Q. 5055, 50557 and 50558 Panasonic Type C-5 Vacuums,15 pack</p><p>$16.16</p><a href="https://www.amazon.com/dp/B01L0C0FVK?tag=eloabder-20&linkCode=osi&th=1&psc=1">View Product</a></div><div class="product"><a href="https://www.amazon.com/dp/B0BTRTP2PM?tag=eloabder-20&linkCode=osi&th=1&psc=1"><img src="https://m.media-amazon.com/images/I/41K295aRv9L._SL500_.jpg" alt="Product Image"></a><p>Vacuum Cleaner Bags Fit for Kenmore Canister Type C/Q 50555 50557 50558 and Type C-5, 10PCs</p><p>$15.99</p><a href="https://www.amazon.com/dp/B0BTRTP2PM?tag=eloabder-20&linkCode=osi&th=1&psc=1">View Product</a></div><div class="product"><a href="https://www.amazon.com/dp/B0CRQYGLZX?tag=eloabder-20&linkCode=osi&th=1&psc=1"><img src="https://m.media-amazon.com/images/I/413iXp+j3ML._SL500_.jpg" alt="Product Image"></a><p>15 Pack Canister Vacuum Cleaner Bags Compatible with Kenmore Canister Type C/Q 5055, 50555, 50557, 50558 and Type C-5, C-18, 53292, 200 Series, 400 Series, 600 Series, 700 Series, 800 Series Vacuum</p><p>$11.69</p><a href="https://www.amazon.com/dp/B0CRQYGLZX?tag=eloabder-20&linkCode=osi&th=1&psc=1">View Product</a></div><div class="product"><a href="https://www.amazon.com/dp/B00QGD3SBI?tag=eloabder-20&linkCode=osi&th=1&psc=1"><img src="https://m.media-amazon.com/images/I/51xw0asyqTL._SL500_.jpg" alt="Product Image"></a><p>EnviroCare Replacement Vacuum Bags made to fit Kenmore Canister Type C or Q 50555, 50558, 50557 and Panasonic Type C-5 Vacuums, 9 pack</p><p>$9.79</p><a href="https://www.amazon.com/dp/B00QGD3SBI?tag=eloabder-20&linkCode=osi&th=1&psc=1">View Product</a></div><div class="product"><a href="https://www.amazon.com/dp/B0CQP9NP5N?tag=eloabder-20&linkCode=osi&th=1&psc=1"><img src="https://m.media-amazon.com/images/I/41WnNkTz8zL._SL500_.jpg" alt="Product Image"></a><p>8 Pack Replacement Vacuum Bags Compatible with Kenmore Canister Type C/Q. 5055, 50104, 50557 and 50558 Panasonic Type C-5 Vacuums</p><p>$9.99 ($1.25 / Count)</p><a href="https://www.amazon.com/dp/B0CQP9NP5N?tag=eloabder-20&linkCode=osi&th=1&psc=1">View Product</a></div>
<div class="product"><a href="https://www.amazon.com/dp/B09M3Y2BHR?tag=eloabder-20&linkCode=osi&th=1&psc=1"><img src="https://m.media-amazon.com/images/I/31tevngai1L._SL500_.jpg" alt="Product Image"></a><p>Ymimi Vacuum Filter Compatible with Eureka WhirlWind Bagless Canister Vacuum Cleaner,Fits NEN110A,NEN110B,NEN110Dï¼ˆ2-Packï¼‰</p><p>$11.99 ($6.00 / Count)</p><a href="https://www.amazon.com/dp/B09M3Y2BHR?tag=eloabder-20&linkCode=osi&th=1&psc=1">View Product</a></div><div class="product"><a href="https://www.amazon.com/dp/B07J1WWBHN?tag=eloabder-20&linkCode=osi&th=1&psc=1"><img src="https://m.media-amazon.com/images/I/51gmkDrnR2L._SL500_.jpg" alt="Product Image"></a><p>Bissell Powerforce Helix Bagless Washable Premotor Filter #1608225, Black</p><p>$7.78</p><a href="https://www.amazon.com/dp/B07J1WWBHN?tag=eloabder-20&linkCode=osi&th=1&psc=1">View Product</a></div><div class="product"><a href="https://www.amazon.com/dp/B0BK64TMMK?tag=eloabder-20&linkCode=osi&th=1&psc=1"><img src="https://m.media-amazon.com/images/I/41OBMvET7eL._SL500_.jpg" alt="Product Image"></a><p>Vacuum Belt Replacement for Bissell Cleanview Swivel Pet Upright Bagless/Powerlifter Vacuum Cleaner, fits model: 2252, 2254, 22543, 2258,2259, 2260,2316, 2739, 1793, Parts # 3031120, 32074</p><p>$6.99</p><a href="https://www.amazon.com/dp/B0BK64TMMK?tag=eloabder-20&linkCode=osi&th=1&psc=1">View Product</a></div><div class="product"><a href="https://www.amazon.com/dp/B0BKKL3WRB?tag=eloabder-20&linkCode=osi&th=1&psc=1"><img src="https://m.media-amazon.com/images/I/410jMe-FjIL._SL500_.jpg" alt="Product Image"></a><p>Aolleteau F1 HEPA Filter Compatible with Dirt Devil Bagless Upright Cleaner Models Extra Lite, Breeze, Featherlite Bagless, Jaguar Bagless,Platinum Force Vision, Scorpion and Vision Bagless (2 Pack)</p><p>$13.99 ($7.00 / Count)</p><a href="https://www.amazon.com/dp/B0BKKL3WRB?tag=eloabder-20&linkCode=osi&th=1&psc=1">View Product</a></div><div class="product"><a href="https://www.amazon.com/dp/B09SG1P4WN?tag=eloabder-20&linkCode=osi&th=1&psc=1"><img src="https://m.media-amazon.com/images/I/51+Mr+Wq5ML._SL500_.jpg" alt="Product Image"></a><p>NEN110A Vacuum Filter, Inlet Frame and Sponge Filter Compatible with Eureka Whirlwind Bagless Canister Vacuum Cleaner, Fits NEN110A, NEN110B, NEN110D(4-Pack)</p><p>$15.99 ($4.00 / Count)</p><a href="https://www.amazon.com/dp/B09SG1P4WN?tag=eloabder-20&linkCode=osi&th=1&psc=1">View Product</a></div>
<div class="product"><a href="https://www.amazon.com/dp/B07GT9VB9X?tag=eloabder-20&linkCode=osi&th=1&psc=1"><img src="https://m.media-amazon.com/images/I/41IokheYtNL._SL500_.jpg" alt="Product Image"></a><p>6 Pack 1940 Bissell Steam Mop Pads for Bissell PowerFresh Steam Mop 1806 1544 1440 2075A 2685A 1940W 19404 Series, Model 19402 19408 1940a 1940f 1940q 1940t B0006 B0017, Part #5938#203-2633</p><p>$16.99 ($2.83 / Count)</p><a href="https://www.amazon.com/dp/B07GT9VB9X?tag=eloabder-20&linkCode=osi&th=1&psc=1">View Product</a></div><div class="product"><a href="https://www.amazon.com/dp/B07H3MYZLD?tag=eloabder-20&linkCode=osi&th=1&psc=1"><img src="https://m.media-amazon.com/images/I/511p6MPxQ0L._SL500_.jpg" alt="Product Image"></a><p>Flammi Steam Pocket Mop Replacement Pads for Shark S3500 Series S3501 S3601 S3550 S3901 SE450 S3801CO S3601D S2901 S2902 Steam Pocket Mop, 4 Pack</p><p>$16.97 ($4.24 / Count)</p><a href="https://www.amazon.com/dp/B07H3MYZLD?tag=eloabder-20&linkCode=osi&th=1&psc=1">View Product</a></div><div class="product"><a href="https://www.amazon.com/dp/B0C8SH97HN?tag=eloabder-20&linkCode=osi&th=1&psc=1"><img src="https://m.media-amazon.com/images/I/31Mex4y7odL._SL500_.jpg" alt="Product Image"></a><p>HOMEXCEL Steam Mop Replacement Pads Compatible with Bissell Powerfresh Steam Mop 1940 1806 1440 1544 Series, Model 19402 19404 19408 2685A 2075A 1940A 1940Q 1940T 1940W, Steam Mop Pads Refills,4 Pack</p><p>$9.99 ($2.50 / Count)</p><a href="https://www.amazon.com/dp/B0C8SH97HN?tag=eloabder-20&linkCode=osi&th=1&psc=1">View Product</a></div><div class="product"><a href="https://www.amazon.com/dp/B0BFWTXS33?tag=eloabder-20&linkCode=osi&th=1&psc=1"><img src="https://m.media-amazon.com/images/I/51pa2h7o0EL._SL500_.jpg" alt="Product Image"></a><p>12 Pack 1940 Steam Mop Replacement Pads for Bissell Powerfresh Steam Mop 1940 1440 1806 1544 2075 2685A 2814 Series, Model 19402 19404 19408 19409 1940A 1940F 1940Q 1940T 1940W B0006 B0017 2075A 15441</p><p>$24.99</p><a href="https://www.amazon.com/dp/B0BFWTXS33?tag=eloabder-20&linkCode=osi&th=1&psc=1">View Product</a></div><div class="product"><a href="https://www.amazon.com/dp/B0CLP5QGTY?tag=eloabder-20&linkCode=osi&th=1&psc=1"><img src="https://m.media-amazon.com/images/I/414HqpKde9L._SL500_.jpg" alt="Product Image"></a><p>10 Pack 1940 1806 2685A Steam Mop Pads For Bissell Powerfresh Steam Mop Deluxe Pet Lift-Off Plus Slim Scrubbing Steam Mop Replacement Pad 1940A 2814 1544A 2075A Power Fresh Steamer Pad Refill Washable</p><p>$22.99 ($2.30 / Count)</p><a href="https://www.amazon.com/dp/B0CLP5QGTY?tag=eloabder-20&linkCode=osi&th=1&psc=1">View Product</a></div><div class="product"><a href="https://www.amazon.com/dp/B078BBKBPV?tag=eloabder-20&linkCode=osi&th=1&psc=1"><img src="https://m.media-amazon.com/images/I/51WcJqtOUIL._SL500_.jpg" alt="Product Image"></a><p>Tidy Monster Steam Mop Replacement Pads Compatible with Bissell Powerfresh Steam Mop 1940 1806 1544 1440 2075A 2685A Series, Part # 5938 & 203-2633, 1606668 & 1606669 (4 Pack Scrub Plush)</p><p>$9.99</p><a href="https://www.amazon.com/dp/B078BBKBPV?tag=eloabder-20&linkCode=osi&th=1&psc=1">View Product</a></div><div class="product"><a href="https://www.amazon.com/dp/B00A6G37SU?tag=eloabder-20&linkCode=osi&th=1&psc=1"><img src="https://m.media-amazon.com/images/I/51xo0LB-SpL._SL500_.jpg" alt="Product Image"></a><p>BISSELL PowerFresh Steam Mop Pads (Pack of 2) with Fragrance discs (4 ct), 5938</p><p>$21.26 ($10.63 / Count)</p><a href="https://www.amazon.com/dp/B00A6G37SU?tag=eloabder-20&linkCode=osi&th=1&psc=1">View Product</a></div>
<div class="product"><a href="https://www.amazon.com/dp/B0D2QFVY7H?tag=eloabder-20&linkCode=osi&th=1&psc=1"><img src="https://m.media-amazon.com/images/I/417B7H+vvML._SL500_.jpg" alt="Product Image"></a><p>Kenmore KS1010 Deep Clean & Revitalize Pet Carpet Cleaner Formula, 64 oz, White, 64 Fl Oz</p><p>$22.73 ($0.36 / Fl Oz)</p><a href="https://www.amazon.com/dp/B0D2QFVY7H?tag=eloabder-20&linkCode=osi&th=1&psc=1">View Product</a></div><div class="product"><a href="https://www.amazon.com/dp/B0BNK8ZJJ1?tag=eloabder-20&linkCode=osi&th=1&psc=1"><img src="https://m.media-amazon.com/images/I/51z0Pc4xcNL._SL500_.jpg" alt="Product Image"></a><p>Bissell Spotlifter Pet Carpet and Upholstery Cleaner with Brush Head - 4 Pack, 93523</p><p>$23.88 ($0.50 / Fl Oz)</p><a href="https://www.amazon.com/dp/B0BNK8ZJJ1?tag=eloabder-20&linkCode=osi&th=1&psc=1">View Product</a></div><div class="product"><a href="https://www.amazon.com/dp/B0CX245D26?tag=eloabder-20&linkCode=osi&th=1&psc=1"><img src="https://m.media-amazon.com/images/I/411CSXvvO1L._SL500_.jpg" alt="Product Image"></a><p>BISSELLÂ® Spot & Stain with Febreze + Gain Original Scent Formula for Little Green Devices, Portable Carpet Cleaners (3968)</p><p>$12.99 ($0.41 / Fl Oz)</p><a href="https://www.amazon.com/dp/B0CX245D26?tag=eloabder-20&linkCode=osi&th=1&psc=1">View Product</a></div><div class="product"><a href="https://www.amazon.com/dp/B083VZW4R5?tag=eloabder-20&linkCode=osi&th=1&psc=1"><img src="https://m.media-amazon.com/images/I/413BULPLmBL._SL500_.jpg" alt="Product Image"></a><p>BISSELL Multi-Surface Pet Formula with Febreze Freshness for Crosswave (80 oz), 2295L</p><p>$22.99 ($0.29 / Fl Oz)</p><a href="https://www.amazon.com/dp/B083VZW4R5?tag=eloabder-20&linkCode=osi&th=1&psc=1">View Product</a></div><div class="product"><a href="https://www.amazon.com/dp/B0D2RGW219?tag=eloabder-20&linkCode=osi&th=1&psc=1"><img src="https://m.media-amazon.com/images/I/41gD+82tnAL._SL500_.jpg" alt="Product Image"></a><p>Vacmaster Clean & Restore Carpet Cleaner Formula â€“ CCS03</p><p>$19.99 ($0.31 / Fl Oz)</p><a href="https://www.amazon.com/dp/B0D2RGW219?tag=eloabder-20&linkCode=osi&th=1&psc=1">View Product</a></div>






<div class="product"><a href="https://www.amazon.com/dp/B0BY64HQTP?tag=eloabder-20&linkCode=osi&th=1&psc=1"><img src="https://m.media-amazon.com/images/I/41hUxHuASYL._SL500_.jpg" alt="Product Image"></a><p>Air Conditioning Motor WZDK13-38G-1(RD-310-13-8) DC Brushless Fan Motor, 13W Inverter air Conditioner Motor DC Motor for Central air Conditioner</p><p>$39.95</p><a href="https://www.amazon.com/dp/B0BY64HQTP?tag=eloabder-20&linkCode=osi&th=1&psc=1">View Product</a></div><div class="product"><a href="https://www.amazon.com/dp/B0CM5YB884?tag=eloabder-20&linkCode=osi&th=1&psc=1"><img src="https://m.media-amazon.com/images/I/310lQ2tAvLL._SL500_.jpg" alt="Product Image"></a><p>Sparkfix OEM WZDK20-38G (ZKFP-20-8-6) Air Conditioner Replacement Motors DC280V 20W Air Conditioning Fan Motor Inverter Air Conditioner Brushless DC Motor 1300RPM CCW</p><p>$42.79</p><a href="https://www.amazon.com/dp/B0CM5YB884?tag=eloabder-20&linkCode=osi&th=1&psc=1">View Product</a></div>













<div class="product"><a href="https://www.amazon.com/dp/B009PCI2JU?tag=eloabder-20&linkCode=osi&th=1&psc=1"><img src="https://m.media-amazon.com/images/I/310ZJurANUL._SL500_.jpg" alt="Product Image"></a><p>GE RPWFE Refrigerator Water Filter | Certified to Reduce Lead, Sulfur, and 50+ Other Impurities | Replace Every 6 Months for Best Results | Pack of 1</p><p>$49.98</p><a href="https://www.amazon.com/dp/B009PCI2JU?tag=eloabder-20&linkCode=osi&th=1&psc=1">View Product</a></div><div class="product"><a href="https://www.amazon.com/dp/B0882ZJ48W?tag=eloabder-20&linkCode=osi&th=1&psc=1"><img src="https://m.media-amazon.com/images/I/41110o9sUoL._SL500_.jpg" alt="Product Image"></a><p>GE XWFE Refrigerator Water Filter | Certified to Reduce Lead, Sulfur, and 50+ Other Impurities | Replace Every 6 Months for Best Results | Pack of 1, White</p><p>$49.00</p><a href="https://www.amazon.com/dp/B0882ZJ48W?tag=eloabder-20&linkCode=osi&th=1&psc=1">View Product</a></div><div class="product"><a href="https://www.amazon.com/dp/B074HLRXMP?tag=eloabder-20&linkCode=osi&th=1&psc=1"><img src="https://m.media-amazon.com/images/I/21oDpGCQXiL._SL500_.jpg" alt="Product Image"></a><p>LG LT1000P - 6 Month / 200 Gallon Capacity Replacement Refrigerator Water Filter (NSF42, NSF53, and NSF401) ADQ74793501, ADQ75795105, or AGF80300704 , White</p><p>$47.00</p><a href="https://www.amazon.com/dp/B074HLRXMP?tag=eloabder-20&linkCode=osi&th=1&psc=1">View Product</a></div><div class="product"><a href="https://www.amazon.com/dp/B01BKWSHHE?tag=eloabder-20&linkCode=osi&th=1&psc=1"><img src="https://m.media-amazon.com/images/I/31E2+zlkvjL._SL500_.jpg" alt="Product Image"></a><p>Frigidaire EPTWFU01 Water Filtration Filter, 1 Count, White</p><p>$42.99</p><a href="https://www.amazon.com/dp/B01BKWSHHE?tag=eloabder-20&linkCode=osi&th=1&psc=1">View Product</a></div><div class="product"><a href="https://www.amazon.com/dp/B08V6JB9R7?tag=eloabder-20&linkCode=osi&th=1&psc=1"><img src="https://m.media-amazon.com/images/I/31PRPEffCZL._SL500_.jpg" alt="Product Image"></a><p>Frigidaire FPPWFU01 PurePour PWF-1 Water Filter 1 Count (Pack of 1)</p><p>$45.81</p><a href="https://www.amazon.com/dp/B08V6JB9R7?tag=eloabder-20&linkCode=osi&th=1&psc=1">View Product</a></div><div class="product"><a href="https://www.amazon.com/dp/B000AST3AK?tag=eloabder-20&linkCode=osi&th=1&psc=1"><img src="https://m.media-amazon.com/images/I/41DUoSxpwTS._SL500_.jpg" alt="Product Image"></a><p>GE MWF Refrigerator Water Filter | Certified to Reduce Lead, Sulfur, and 50+ Other Impurities | Replace Every 6 Months for Best Results | Pack of 1</p><p>$39.98</p><a href="https://www.amazon.com/dp/B000AST3AK?tag=eloabder-20&linkCode=osi&th=1&psc=1">View Product</a></div><div class="product"><a href="https://www.amazon.com/dp/B0CFZR7K8D?tag=eloabder-20&linkCode=osi&th=1&psc=1"><img src="https://m.media-amazon.com/images/I/31WM5sdhKLL._SL500_.jpg" alt="Product Image"></a><p>HMASAV W10295370A water filter replacement, Compatible with EDR1RXD1,EDR1RXD1B,W10295370,Filter 1,WHR1RXD1,KAD1RXD1,P4RFWB,P8RFWB2L,46-9930,46-9081 2PACK</p><p>$29.99 ($15.00 / Count)</p><a href="https://www.amazon.com/dp/B0CFZR7K8D?tag=eloabder-20&linkCode=osi&th=1&psc=1">View Product</a></div><div class="product"><a href="https://www.amazon.com/dp/B07JM9TTTT?tag=eloabder-20&linkCode=osi&th=1&psc=1"><img src="https://m.media-amazon.com/images/I/41CfAtJ8TPL._SL500_.jpg" alt="Product Image"></a><p>GLACIER FRESH LT1000PC Replacement Water Filter, Compatible with LT1000PC/PCS, LT1000PC, LT-1000PC, MDJ64844601, ADQ747935 ADQ74793504 Filter and LT120F ADQ73334008 Fresh Air (3+3)</p><p>$39.99 ($13.33 / Count)</p><a href="https://www.amazon.com/dp/B07JM9TTTT?tag=eloabder-20&linkCode=osi&th=1&psc=1">View Product</a></div><div class="product"><a href="https://www.amazon.com/dp/B003N1ZSYG?tag=eloabder-20&linkCode=osi&th=1&psc=1"><img src="https://m.media-amazon.com/images/I/31Mbrkrxu1L._SL500_.jpg" alt="Product Image"></a><p>SAMSUNG Genuine Filter for Refrigerator Water and Ice, Carbon Block Filtration for Clean, Clear Drinking Water, 6-Month Life, HAF-CIN/EXP, 1 Pack</p><p>$39.99</p><a href="https://www.amazon.com/dp/B003N1ZSYG?tag=eloabder-20&linkCode=osi&th=1&psc=1">View Product</a></div>









<div class="product"><a href="https://www.amazon.com/dp/B0B2NZ47HN?tag=eloabder-20&linkCode=osi&th=1&psc=1"><img src="https://m.media-amazon.com/images/I/41nC6c2XxJL._SL500_.jpg" alt="Product Image"></a><p>OTE Portable Sparkling Water Maker Soda Maker Machine for home with 20PCS Cylinders 450ml Personal seltzer Carbonators Electroless Double Layer PET Bottle BPA Free Double Pressure Relief Valves -Pink</p><p>$49.99</p><a href="https://www.amazon.com/dp/B0B2NZ47HN?tag=eloabder-20&linkCode=osi&th=1&psc=1">View Product</a></div><div class="product"><a href="https://www.amazon.com/dp/B09DY54L7M?tag=eloabder-20&linkCode=osi&th=1&psc=1"><img src="https://m.media-amazon.com/images/I/31LSpnm3G8L._SL500_.jpg" alt="Product Image"></a><p>MOSOLAN Bottle Cleaning Brush, 17 Inches Extra Long Handle Water Bottle Brush, Flexible Bendable Cleaner for Washing Narrow Neck Bottles, Wine Decanter, Kombucha, Pipes, Beer Brewing Supplies, 2 Pack</p><p>$11.95 ($5.98 / Count)</p><a href="https://www.amazon.com/dp/B09DY54L7M?tag=eloabder-20&linkCode=osi&th=1&psc=1">View Product</a></div><div class="product"><a href="https://www.amazon.com/dp/B0736CBNDN?tag=eloabder-20&linkCode=osi&th=1&psc=1"><img src="https://m.media-amazon.com/images/I/41tWXmwP5KL._SL500_.jpg" alt="Product Image"></a><p>#2 Filter Pads (10 Pack Bulk) Compatible with Mini Jet Machine | #2 1.8-2.5 micron | 2 Micron Filtering pads. Filter Wine Beer, Kombucha, Mead Mash. Polishing filtration| Not a Buon Vino product.</p><p>$18.99</p><a href="https://www.amazon.com/dp/B0736CBNDN?tag=eloabder-20&linkCode=osi&th=1&psc=1">View Product</a></div>









<div class="product"><a href="https://www.amazon.com/dp/B07YGN577Y?tag=eloabder-20&linkCode=osi&th=1&psc=1"><img src="https://m.media-amazon.com/images/I/31kfZiyDMUL._SL500_.jpg" alt="Product Image"></a><p>9870163 Trash Power Nut WP9870163 L8</p><p>$50.36</p><a href="https://www.amazon.com/dp/B07YGN577Y?tag=eloabder-20&linkCode=osi&th=1&psc=1">View Product</a></div>

<div class="product"><a href="https://www.amazon.com/dp/B0CWQLM4C7?tag=eloabder-20&linkCode=osi&th=1&psc=1"><img src="https://m.media-amazon.com/images/I/41gTEIOjtlL._SL500_.jpg" alt="Product Image"></a><p>7" Seven Seconds Lazy Kitchen Food Making Tools - Multifunctional Fruit Vegetable Chopper Quick Garlic Peeling Machine Convenient Food Chopper for Slicing,Juice,Grinding</p><p>$32.99</p><a href="https://www.amazon.com/dp/B0CWQLM4C7?tag=eloabder-20&linkCode=osi&th=1&psc=1">View Product</a></div>







<div class="product"><a href="https://www.amazon.com/dp/B0CNKFM9WR?tag=eloabder-20&linkCode=osi&th=1&psc=1"><img src="https://m.media-amazon.com/images/I/31sGGIDic9L._SL500_.jpg" alt="Product Image"></a><p>hobbyme Pack of 4 Plastic Coffee Scoops with Brush & Espresso Grinder Brush for Ground Coffee Cleaning Tea Power Coffee Grinder Spoon</p><p>$6.49</p><a href="https://www.amazon.com/dp/B0CNKFM9WR?tag=eloabder-20&linkCode=osi&th=1&psc=1">View Product</a></div>





<div class="product"><a href="https://www.amazon.com/dp/B07798328B?tag=eloabder-20&linkCode=osi&th=1&psc=1"><img src="https://m.media-amazon.com/images/I/31Vpin+sgUS._SL500_.jpg" alt="Product Image"></a><p>Prime-Line MP10513 Standard Plastic Ice Cube Trays (5 Pack)</p><p>$12.69</p><a href="https://www.amazon.com/dp/B07798328B?tag=eloabder-20&linkCode=osi&th=1&psc=1">View Product</a></div><div class="product"><a href="https://www.amazon.com/dp/B077965JDB?tag=eloabder-20&linkCode=osi&th=1&psc=1"><img src="https://m.media-amazon.com/images/I/31H1hNlH6RL._SL500_.jpg" alt="Product Image"></a><p>Prime-Line MP10863 Standard Plastic Ice Cube Trays (2 Pack)</p><p>$9.69</p><a href="https://www.amazon.com/dp/B077965JDB?tag=eloabder-20&linkCode=osi&th=1&psc=1">View Product</a></div>

<div class="product"><a href="https://www.amazon.com/dp/B08MPLY84K?tag=eloabder-20&linkCode=osi&th=1&psc=1"><img src="https://m.media-amazon.com/images/I/31kWTfzQJBL._SL500_.jpg" alt="Product Image"></a><p>Syntus Vacuum Sealer Bags, 6 Pack 3 Rolls 11" x 20' and 3 Rolls 8" x 20' Commercial Grade BPA Free Bag Rolls, Food Vac Bags for Storage, Meal Prep or Sous Vide</p><p>$19.99</p><a href="https://www.amazon.com/dp/B08MPLY84K?tag=eloabder-20&linkCode=osi&th=1&psc=1">View Product</a></div><div class="product"><a href="https://www.amazon.com/dp/B0C5BWRMQL?tag=eloabder-20&linkCode=osi&th=1&psc=1"><img src="https://m.media-amazon.com/images/I/41yPpkb6oeL._SL500_.jpg" alt="Product Image"></a><p>Bonsenkitchen Vacuum Sealer Rolls Bags, 6 Pack 3 Rolls 11" x 20' + 3 Rolls 8" x 20' Commercial Grade BPA Free Bag Rolls, Durable Customized Size Food Vac Bags for Storage and Sous Vide Cooking VB3211</p><p>$19.99 ($3.33 / Count)</p><a href="https://www.amazon.com/dp/B0C5BWRMQL?tag=eloabder-20&linkCode=osi&th=1&psc=1">View Product</a></div><div class="product"><a href="https://www.amazon.com/dp/B0C5C1JTC4?tag=eloabder-20&linkCode=osi&th=1&psc=1"><img src="https://m.media-amazon.com/images/I/31JpyYsm7YL._SL500_.jpg" alt="Product Image"></a><p>Bonsenkitchen Vacuum Food Sealer Bags 200 Quart 8" x 12", BPA Free, Commercial Grade Textured Food Vacuum Sealer Bag, Thick Embossed Bags for Food Storage and Sous Vide Cooking VB3208</p><p>$18.39 ($0.09 / Count)</p><a href="https://www.amazon.com/dp/B0C5C1JTC4?tag=eloabder-20&linkCode=osi&th=1&psc=1">View Product</a></div><div class="product"><a href="https://www.amazon.com/dp/B07TMZDGQ1?tag=eloabder-20&linkCode=osi&th=1&psc=1"><img src="https://m.media-amazon.com/images/I/31cRCu-JIsL._SL500_.jpg" alt="Product Image"></a><p>Wevac Vacuum Sealer Bags 11x50 Rolls 2 pack for Food Saver, Seal a Meal, Weston. Commercial Grade, BPA Free, Heavy Duty, Great for vac storage, Meal Prep or Sous Vide</p><p>$20.99 ($0.21 / Count)</p><a href="https://www.amazon.com/dp/B07TMZDGQ1?tag=eloabder-20&linkCode=osi&th=1&psc=1">View Product</a></div><div class="product"><a href="https://www.amazon.com/dp/B07TV4KRCL?tag=eloabder-20&linkCode=osi&th=1&psc=1"><img src="https://m.media-amazon.com/images/I/31uv3qtc9bL._SL500_.jpg" alt="Product Image"></a><p>Wevac Vacuum Sealer Bags 100 Gallon 11x16 Inch for Food Saver, Seal a Meal, Weston. Commercial Grade, BPA Free, Heavy Duty, Great for vac storage, Meal Prep and Sous Vide</p><p>$21.24</p><a href="https://www.amazon.com/dp/B07TV4KRCL?tag=eloabder-20&linkCode=osi&th=1&psc=1">View Product</a></div>


<div class="product"><a href="https://www.amazon.com/dp/B093G5XCVF?tag=eloabder-20&linkCode=osi&th=1&psc=1"><img src="https://m.media-amazon.com/images/I/313Cq6ASf0S._SL500_.jpg" alt="Product Image"></a><p>2 Multipurpose Pastry Brush Basting & Coffee Grinders Cleaning Brush Wooden Handle Natural Boar Bristles Baking Cooking Sauce egg wash Bakery Supply Espresso Bean Barista</p><p>$7.21</p><a href="https://www.amazon.com/dp/B093G5XCVF?tag=eloabder-20&linkCode=osi&th=1&psc=1">View Product</a></div><div class="product"><a href="https://www.amazon.com/dp/B07JGRYG31?tag=eloabder-20&linkCode=osi&th=1&psc=1"><img src="https://m.media-amazon.com/images/I/31nd-jhgzdL._SL500_.jpg" alt="Product Image"></a><p>Coffee Grinder Cleaning Brush + Coffee Brush Wood Handle & Natural Bristles Pastry Brush</p><p>$5.99</p><a href="https://www.amazon.com/dp/B07JGRYG31?tag=eloabder-20&linkCode=osi&th=1&psc=1">View Product</a></div><div class="product"><a href="https://www.amazon.com/dp/B0C53G4T7X?tag=eloabder-20&linkCode=osi&th=1&psc=1"><img src="https://m.media-amazon.com/images/I/21Hrgmpj8YL._SL500_.jpg" alt="Product Image"></a><p>Leadigol Cleaning Tool Coffee Machine Home Pastry Brush Multifunctional Wooden Handle Baking Soft Bristles Coffee Grinder Brush</p><p>$7.99</p><a href="https://www.amazon.com/dp/B0C53G4T7X?tag=eloabder-20&linkCode=osi&th=1&psc=1">View Product</a></div><div class="product"><a href="https://www.amazon.com/dp/B07W5WM2LF?tag=eloabder-20&linkCode=osi&th=1&psc=1"><img src="https://m.media-amazon.com/images/I/41-7fWE9tSL._SL500_.jpg" alt="Product Image"></a><p>Redecker Waffle Machine Brush with Oiled Beechwood Handle, Stiff Heat-resistant Tampico Fiber Bristles, 6-1/2 inches, Made in Germany</p><p>$21.99</p><a href="https://www.amazon.com/dp/B07W5WM2LF?tag=eloabder-20&linkCode=osi&th=1&psc=1">View Product</a></div>













<div class="product"><a href="https://www.amazon.com/dp/B00UTFZAII?tag=eloabder-20&linkCode=osi&th=1&psc=1"><img src="https://m.media-amazon.com/images/I/31z7hZ6KbXL._SL500_.jpg" alt="Product Image"></a><p>Miele 10123210 AirClean 3D Efficiency Dust Bag, Type GN, 4 Bags & 2 Filters, White</p><p>$21.86 ($21.86 / Count)</p><a href="https://www.amazon.com/dp/B00UTFZAII?tag=eloabder-20&linkCode=osi&th=1&psc=1">View Product</a></div><div class="product"><a href="https://www.amazon.com/dp/B07WHG6J5S?tag=eloabder-20&linkCode=osi&th=1&psc=1"><img src="https://m.media-amazon.com/images/I/41hnaEOxB9L._SL500_.jpg" alt="Product Image"></a><p>KEEPOW Vacuum Filters for Eureka, Power Speed Vacuum Filters Replacement for Eureka NEU182A, NEU182B, NEU280, NEU180, NEU181, NEU188, NEU202 Bagless Upright Vacuum Cleaner, Part E0202 (4 Pack)</p><p>$9.99 ($2.50 / Count)</p><a href="https://www.amazon.com/dp/B07WHG6J5S?tag=eloabder-20&linkCode=osi&th=1&psc=1">View Product</a></div><div class="product"><a href="https://www.amazon.com/dp/B00UTFZB82?tag=eloabder-20&linkCode=osi&th=1&psc=1"><img src="https://m.media-amazon.com/images/I/41WdlL5T0dL._SL500_.jpg" alt="Product Image"></a><p>Miele AirClean 3D Efficiency Dust Bag, Type FJM, 4 Bags & 2 Filters, White</p><p>$18.99</p><a href="https://www.amazon.com/dp/B00UTFZB82?tag=eloabder-20&linkCode=osi&th=1&psc=1">View Product</a></div><div class="product"><a href="https://www.amazon.com/dp/B09NKP346M?tag=eloabder-20&linkCode=osi&th=1&psc=1"><img src="https://m.media-amazon.com/images/I/41o25nqkODL._SL500_.jpg" alt="Product Image"></a><p>Anewise 6 Pack Filter Replacement for Bissell Powerforce Compact Lightweight Upright 2112 1520 for Bissel Turbo Bagless 2690 Cleanview 3437 3508 Vacuum Cleaner, Compare to Parts #1604896/160-4896</p><p>$12.99</p><a href="https://www.amazon.com/dp/B09NKP346M?tag=eloabder-20&linkCode=osi&th=1&psc=1">View Product</a></div><div class="product"><a href="https://www.amazon.com/dp/B01MQ5NITB?tag=eloabder-20&linkCode=osi&th=1&psc=1"><img src="https://m.media-amazon.com/images/I/41J6lG4H1bL._SL500_.jpg" alt="Product Image"></a><p>Bissell Style 7 3 Pack Vacuum Cleaner Bags, White, 3 Count</p><p>$8.69 ($2.90 / Count)</p><a href="https://www.amazon.com/dp/B01MQ5NITB?tag=eloabder-20&linkCode=osi&th=1&psc=1">View Product</a></div><div class="product"><a href="https://www.amazon.com/dp/B0CDH1JY5D?tag=eloabder-20&linkCode=osi&th=1&psc=1"><img src="https://m.media-amazon.com/images/I/516DPXu4siL._SL500_.jpg" alt="Product Image"></a><p>4 Pack Replacement Filters Compatiable with Wyze Cordless Vacuum Cleaner, Removable and Washable HEPA Filter Accessories Part Set with 1 Cleaning Brush for Wyze Handheld Cordless Vacuum Cleaner</p><p>$15.99 ($4.00 / Count)</p><a href="https://www.amazon.com/dp/B0CDH1JY5D?tag=eloabder-20&linkCode=osi&th=1&psc=1">View Product</a></div><div class="product"><a href="https://www.amazon.com/dp/B07P3WB37F?tag=eloabder-20&linkCode=osi&th=1&psc=1"><img src="https://m.media-amazon.com/images/I/51WaYrkiVXL._SL500_.jpg" alt="Product Image"></a><p>Miele AirClean 3D Efficiency Dust Bag, Type GN, XL Value Pack, 8 Bags and 4 Filters</p><p>$36.99</p><a href="https://www.amazon.com/dp/B07P3WB37F?tag=eloabder-20&linkCode=osi&th=1&psc=1">View Product</a></div><div class="product"><a href="https://www.amazon.com/dp/B09DSY4Z2T?tag=eloabder-20&linkCode=osi&th=1&psc=1"><img src="https://m.media-amazon.com/images/I/51+ref3EeAL._SL500_.jpg" alt="Product Image"></a><p>Filter Replacement for Tineco A10 A11 Hero A10/A11 Master PURE ONE S11 Series, S12, X Cordless Vacuum Cleaner (3 PACK) â€¦</p><p>$12.99 ($4.33 / Count)</p><a href="https://www.amazon.com/dp/B09DSY4Z2T?tag=eloabder-20&linkCode=osi&th=1&psc=1">View Product</a></div>


<div class="product"><a href="https://www.amazon.com/dp/B0BXRR5QFV?tag=eloabder-20&linkCode=osi&th=1&psc=1"><img src="https://m.media-amazon.com/images/I/41sjdBkCp8L._SL500_.jpg" alt="Product Image"></a><p>AC Infinity CLOUDFORGE T7, Plant Humidifier 15L with VPD Humidity Controls, 10-Level Precision Vaporizer, Extendable Hose, Targeting Pipe, and No-Leak Seal for Grow Tents</p><p>$159.00</p><a href="https://www.amazon.com/dp/B0BXRR5QFV?tag=eloabder-20&linkCode=osi&th=1&psc=1">View Product</a></div><div class="product"><a href="https://www.amazon.com/dp/B01N6MV8SA?tag=eloabder-20&linkCode=osi&th=1&psc=1"><img src="https://m.media-amazon.com/images/I/41hX08+W1xL._SL500_.jpg" alt="Product Image"></a><p>Protec Humidifier Tank Cleaner, 1 Count - Colors May Vary</p><p>$5.98</p><a href="https://www.amazon.com/dp/B01N6MV8SA?tag=eloabder-20&linkCode=osi&th=1&psc=1">View Product</a></div><div class="product"><a href="https://www.amazon.com/dp/B07GXBTH82?tag=eloabder-20&linkCode=osi&th=1&psc=1"><img src="https://m.media-amazon.com/images/I/41ibxK12JPL._SL500_.jpg" alt="Product Image"></a><p>Essick Air 1970-2 Humidifier, 2-Quart Bacteriostatic Treatment, 2 Pack, Clear, 2</p><p>$22.99</p><a href="https://www.amazon.com/dp/B07GXBTH82?tag=eloabder-20&linkCode=osi&th=1&psc=1">View Product</a></div><div class="product"><a href="https://www.amazon.com/dp/B08TTT3K9B?tag=eloabder-20&linkCode=osi&th=1&psc=1"><img src="https://m.media-amazon.com/images/I/41U6j9SexmL._SL500_.jpg" alt="Product Image"></a><p>Leemone Humidifier Cleaner 12 Pack, Demineralization Cleaning Ball, Works in All humidifiers and Fish Tanks, Purifies Water, Prevents Hard Water Build-Up, Eliminates White Dust and Odor</p><p>$14.44</p><a href="https://www.amazon.com/dp/B08TTT3K9B?tag=eloabder-20&linkCode=osi&th=1&psc=1">View Product</a></div>
<div class="product"><a href="https://www.amazon.com/dp/B07YD4XCT3?tag=eloabder-20&linkCode=osi&th=1&psc=1"><img src="https://m.media-amazon.com/images/I/41hR81iKyJL._SL500_.jpg" alt="Product Image"></a><p>Vacplus Moisture Absorber Packets, Fragrance Free(10 Pack), Humidity Packs, Hanging Closet Dehumidifier Bags, Desiccant 9.8OZ</p><p>$21.99</p><a href="https://www.amazon.com/dp/B07YD4XCT3?tag=eloabder-20&linkCode=osi&th=1&psc=1">View Product</a></div><div class="product"><a href="https://www.amazon.com/dp/B09LQF5V5K?tag=eloabder-20&linkCode=osi&th=1&psc=1"><img src="https://m.media-amazon.com/images/I/51Cx5ECAotL._SL500_.jpg" alt="Product Image"></a><p>CLEVAST Moisture Absorbers Packets 10 Pack, Dehumidifier Bags for Closet, Unscented Hanging Humidity Absorber in Wardrobes, Bedrooms, Bathrooms(230g/pack)</p><p>$16.98</p><a href="https://www.amazon.com/dp/B09LQF5V5K?tag=eloabder-20&linkCode=osi&th=1&psc=1">View Product</a></div><div class="product"><a href="https://www.amazon.com/dp/B0B8L9QRW8?tag=eloabder-20&linkCode=osi&th=1&psc=1"><img src="https://m.media-amazon.com/images/I/518LgtpPi8L._SL500_.jpg" alt="Product Image"></a><p>Arm & Hammer Essentials Disposable Moisture Absorber and Odor Eliminator Tub, Fragrance Free, 1 lb, 3-Pack, Attracts and Traps Excess Moisture, Ideal Closet Dehumidifier, White</p><p>$24.94 ($0.52 / Ounce)</p><a href="https://www.amazon.com/dp/B0B8L9QRW8?tag=eloabder-20&linkCode=osi&th=1&psc=1">View Product</a></div><div class="product"><a href="https://www.amazon.com/dp/B09W9TPJGZ?tag=eloabder-20&linkCode=osi&th=1&psc=1"><img src="https://m.media-amazon.com/images/I/51pVTVMwHbL._SL500_.jpg" alt="Product Image"></a><p>THECOSKY Dehumidifier and Air Purifier Combo,HEPA H13 Filter and Negative Air Ion Function,54oz(1.6L) Water Tank with Drain Hose,24hrs Auto-Off Timer,Idea for Bedroom,Bathroom,Closet,RV</p><p>$109.99</p><a href="https://www.amazon.com/dp/B09W9TPJGZ?tag=eloabder-20&linkCode=osi&th=1&psc=1">View Product</a></div><div class="product"><a href="https://www.amazon.com/dp/B0CXDG65LZ?tag=eloabder-20&linkCode=osi&th=1&psc=1"><img src="https://m.media-amazon.com/images/I/41HNflmbKHL._SL500_.jpg" alt="Product Image"></a><p>14 x 17.5 x1.75 MERV 13 Replacement Dehumidifier Filter Compatible with Santa Fe Advance90, Advance100, Advance120, Honeywell DR90 & DR120 dehumidifier models, 2 Pack</p><p>$42.99</p><a href="https://www.amazon.com/dp/B0CXDG65LZ?tag=eloabder-20&linkCode=osi&th=1&psc=1">View Product</a></div>
<div class="product"><a href="https://www.amazon.com/dp/B088B921NQ?tag=eloabder-20&linkCode=osi&th=1&psc=1"><img src="https://m.media-amazon.com/images/I/612e4cT3RYL._SL500_.jpg" alt="Product Image"></a><p>ULTTY H13 HEPA Replacement Filter with Medical Coating, True HEPA Filter For R021/ R020 Purifying Fan, Medium</p><p>$29.99</p><a href="https://www.amazon.com/dp/B088B921NQ?tag=eloabder-20&linkCode=osi&th=1&psc=1">View Product</a></div><div class="product"><a href="https://www.amazon.com/dp/B0D2MZ4Y7Z?tag=eloabder-20&linkCode=osi&th=1&psc=1"><img src="https://m.media-amazon.com/images/I/51KgTHizWyL._SL500_.jpg" alt="Product Image"></a><p>Butto 5-Pack Ceiling Fan Filters for Blades - Strong Adhesive Ceiling Fan Filters for Common Household Contaminants - Unscented Coconut Carbon Fan Air Purifier Pads to Make Air Fresh and Natural</p><p>$9.98</p><a href="https://www.amazon.com/dp/B0D2MZ4Y7Z?tag=eloabder-20&linkCode=osi&th=1&psc=1">View Product</a></div><div class="product"><a href="https://www.amazon.com/dp/B0C42HCM21?tag=eloabder-20&linkCode=osi&th=1&psc=1"><img src="https://m.media-amazon.com/images/I/31jk3lpoygL._SL500_.jpg" alt="Product Image"></a><p>Barnakl Ceiling Fan Filters | Activated Coconut Shell Carbon Filter | Easy-Stick Universal Ceiling Fan Air Filters | Unscented Ceiling Fan Blade Filters for Common Household Contaminants, (3-Count)</p><p>$19.99 ($6.66 / Count)</p><a href="https://www.amazon.com/dp/B0C42HCM21?tag=eloabder-20&linkCode=osi&th=1&psc=1">View Product</a></div>
<div class="product"><a href="https://www.amazon.com/dp/B08LZWP29P?tag=eloabder-20&linkCode=osi&th=1&psc=1"><img src="https://m.media-amazon.com/images/I/41NLuzzFW9L._SL500_.jpg" alt="Product Image"></a><p>Chromex Tankless Water Heater Descaling Solution | Highly Effective Descaler Restores Heating Efficiency, Quart, 32 fl oz (1)</p><p>$26.99</p><a href="https://www.amazon.com/dp/B08LZWP29P?tag=eloabder-20&linkCode=osi&th=1&psc=1">View Product</a></div>

<div class="product"><a href="https://www.amazon.com/dp/B005UO4OWQ?tag=eloabder-20&linkCode=osi&th=1&psc=1"><img src="https://m.media-amazon.com/images/I/41oQPKFofoL._SL500_.jpg" alt="Product Image"></a><p>Bissell 203-7458 Brushroll, Bg10/86T3, Black</p><p>$21.26 ($21.26 / Count)</p><a href="https://www.amazon.com/dp/B005UO4OWQ?tag=eloabder-20&linkCode=osi&th=1&psc=1">View Product</a></div>





















<div class="product"><a href="https://www.amazon.com/dp/B0014J7FUY?tag=eloabder-20&linkCode=osi&th=1&psc=1"><img src="https://m.media-amazon.com/images/I/31QrM+IPxOL._SL500_.jpg" alt="Product Image"></a><p>Urnex Grindz Professional Coffee Grinder Cleaning Tablets - 430 Grams - All Natural Food Safe Gluten Free - Cleans Burr and Casing - Help Extend Life of Your Grinder</p><p>$25.99 ($1.71 / Ounce)</p><a href="https://www.amazon.com/dp/B0014J7FUY?tag=eloabder-20&linkCode=osi&th=1&psc=1">View Product</a></div>



<div class="product"><a href="https://www.amazon.com/dp/B0CHW317SG?tag=eloabder-20&linkCode=osi&th=1&psc=1"><img src="https://m.media-amazon.com/images/I/41Qd5Iu3qBL._SL500_.jpg" alt="Product Image"></a><p>EUHOMY 55 Can Beverage Refrigerator cooler-Mini Fridge Glass Door for Beer Drinks Wines, Freestanding Beverage Fridge with Adjustable Shelves Blue LED for Home/Office/Dorm/Bar (1.3cu.ft)</p><p>$128.99</p><a href="https://www.amazon.com/dp/B0CHW317SG?tag=eloabder-20&linkCode=osi&th=1&psc=1">View Product</a></div>

<div class="product"><a href="https://www.amazon.com/dp/B099CN2MRK?tag=eloabder-20&linkCode=osi&th=1&psc=1"><img src="https://m.media-amazon.com/images/I/31CvUCIUX5L._SL500_.jpg" alt="Product Image"></a><p>Genuine PuroAir 240 Replacement Filter - Replacement HEPA Filter for PuroAir 240 Purifier - Captures up to 99% of Pollen, Smoke, Pollen, Dust and Common Household Pollutants</p><p>$48.00</p><a href="https://www.amazon.com/dp/B099CN2MRK?tag=eloabder-20&linkCode=osi&th=1&psc=1">View Product</a></div><div class="product"><a href="https://www.amazon.com/dp/B0055521W0?tag=eloabder-20&linkCode=osi&th=1&psc=1"><img src="https://m.media-amazon.com/images/I/41Hs7ixdyXL._SL500_.jpg" alt="Product Image"></a><p>GermGuardian Filter B HEPA Pure Genuine Air Purifier Replacement Filter, Removes 99.97% of Pollutants for AC4825, AC4300, AC4900, AC4825DLX, AC4850, CDAP4500, AP2200, Black/Yellow, FLT4825</p><p>$17.90 ($17.90 / Count)</p><a href="https://www.amazon.com/dp/B0055521W0?tag=eloabder-20&linkCode=osi&th=1&psc=1">View Product</a></div><div class="product"><a href="https://www.amazon.com/dp/B0BNMYKZPV?tag=eloabder-20&linkCode=osi&th=1&psc=1"><img src="https://m.media-amazon.com/images/I/41-K3mB6KkL._SL500_.jpg" alt="Product Image"></a><p>2 Pack True HEPA KILO Filter Compatible with Afloia KILO, KILOPLUS, KILOPRO, MIRO,MIRO PRO and MORENTO MR-Kilo, Kalo Air Purifier, 360Â° 3-Stage Filtration</p><p>$34.99 ($17.50 / Count)</p><a href="https://www.amazon.com/dp/B0BNMYKZPV?tag=eloabder-20&linkCode=osi&th=1&psc=1">View Product</a></div><div class="product"><a href="https://www.amazon.com/dp/B0D3M4Y9W7?tag=eloabder-20&linkCode=osi&th=1&psc=1"><img src="https://m.media-amazon.com/images/I/41tzW+mkZuL._SL500_.jpg" alt="Product Image"></a><p>Breshair 14 True HEPA Filter Replacement Compatible with PuroAir 240 Air Purifier, 3-in-1 Filtration System with Activated Carbon Filter, 2-Pack</p><p>$31.56 ($15.78 / Count)</p><a href="https://www.amazon.com/dp/B0D3M4Y9W7?tag=eloabder-20&linkCode=osi&th=1&psc=1">View Product</a></div><div class="product"><a href="https://www.amazon.com/dp/B0CB18MVX6?tag=eloabder-20&linkCode=osi&th=1&psc=1"><img src="https://m.media-amazon.com/images/I/519ZmmLOrzL._SL500_.jpg" alt="Product Image"></a><p>2 Pack 3-in-1 H13 True HEPA Replacement Filter Compatible with Pure Enrichment PureZone Air Purifier Part# PEAIRPLG</p><p>$23.99 ($12.00 / Count)</p><a href="https://www.amazon.com/dp/B0CB18MVX6?tag=eloabder-20&linkCode=osi&th=1&psc=1">View Product</a></div><div class="product"><a href="https://www.amazon.com/dp/B08JTZMRML?tag=eloabder-20&linkCode=osi&th=1&psc=1"><img src="https://m.media-amazon.com/images/I/51yx60sCjHL._SL500_.jpg" alt="Product Image"></a><p>6 Pack HPA300 HEPA Filter Replacement for Honeywell HPA300 Series Air Purifiers HPA300, HPA300VP, HPA304, HPA3300, Replace HRF-R3 (6 Ture HEPA R Replacement Filter + 8 Activated Carbon Pre-Filter)</p><p>$47.99 ($3.43 / Count)</p><a href="https://www.amazon.com/dp/B08JTZMRML?tag=eloabder-20&linkCode=osi&th=1&psc=1">View Product</a></div><div class="product"><a href="https://www.amazon.com/dp/B0CF1GLSYS?tag=eloabder-20&linkCode=osi&th=1&psc=1"><img src="https://m.media-amazon.com/images/I/41709EXRzXL._SL500_.jpg" alt="Product Image"></a><p>CHIVALZ 4 Pack HY4866 True HEPA Replacement Filters Compatible with MORENTO HY4866 Air Purifier, WESTHEY HY4866 Air Purifier and YIOU M1 Air Cleaner Purifier, Original Version</p><p>$39.99 ($10.00 / Count)</p><a href="https://www.amazon.com/dp/B0CF1GLSYS?tag=eloabder-20&linkCode=osi&th=1&psc=1">View Product</a></div>







<div class="product"><a href="https://www.amazon.com/dp/B0CYKMFKR9?tag=eloabder-20&linkCode=osi&th=1&psc=1"><img src="https://m.media-amazon.com/images/I/316zU-ozoxL._SL500_.jpg" alt="Product Image"></a><p>Air Purifier Replacement Filter for Space Heater Bladeless Fan</p><p>$29.99</p><a href="https://www.amazon.com/dp/B0CYKMFKR9?tag=eloabder-20&linkCode=osi&th=1&psc=1">View Product</a></div>
<div class="product"><a href="https://www.amazon.com/dp/B07MRH6VY7?tag=eloabder-20&linkCode=osi&th=1&psc=1"><img src="https://m.media-amazon.com/images/I/51g-nuN4A5L._SL500_.jpg" alt="Product Image"></a><p>Colorfullife Replacement Air Purifier Filter for Dyson Tower Purifier Pure Cool Link TP01, TP02, TP03, BP01, Compare to Part 968126-03ï¼Œ2 Pack</p><p>$26.99</p><a href="https://www.amazon.com/dp/B07MRH6VY7?tag=eloabder-20&linkCode=osi&th=1&psc=1">View Product</a></div><div class="product"><a href="https://www.amazon.com/dp/B07TX5SW7J?tag=eloabder-20&linkCode=osi&th=1&psc=1"><img src="https://m.media-amazon.com/images/I/512Kn+cPglL._SL500_.jpg" alt="Product Image"></a><p>TP01 HEPA Filter Replacement Compatible with Dyson Tower Purifier Pure Cool Link TP01, TP02, TP03, AM11, BP01 Models, Compare to Part # 968126-03 (Pack of 2)</p><p>$27.95 ($13.98 / Count)</p><a href="https://www.amazon.com/dp/B07TX5SW7J?tag=eloabder-20&linkCode=osi&th=1&psc=1">View Product</a></div><div class="product"><a href="https://www.amazon.com/dp/B0CC24GZGB?tag=eloabder-20&linkCode=osi&th=1&psc=1"><img src="https://m.media-amazon.com/images/I/41woNpZ9VgL._SL500_.jpg" alt="Product Image"></a><p>TP01 TP02 Filter Compatible with Dyson Pure Cool Link Purifying Tower Fan TP00 TP03 AM11 and Cool Me BP01 Personal Series, 360Â° Air Purifier Filter Replacement 968126-03, 1-Pack</p><p>$25.99</p><a href="https://www.amazon.com/dp/B0CC24GZGB?tag=eloabder-20&linkCode=osi&th=1&psc=1">View Product</a></div><div class="product"><a href="https://www.amazon.com/dp/B0CX23N2JJ?tag=eloabder-20&linkCode=osi&th=1&psc=1"><img src="https://m.media-amazon.com/images/I/3145hmd5j7L._SL500_.jpg" alt="Product Image"></a><p>Dreo Air Purifiers Replacement Filter, HEPA Filter for Dreo Purifier Tower Fan MC710S, with 2 Stage Filtration, Black, Standard(DR-HPA019)</p><p>$39.99</p><a href="https://www.amazon.com/dp/B0CX23N2JJ?tag=eloabder-20&linkCode=osi&th=1&psc=1">View Product</a></div>










<div class="product"><a href="https://www.amazon.com/dp/B001U0OJ7O?tag=eloabder-20&linkCode=osi&th=1&psc=1"><img src="https://m.media-amazon.com/images/I/41XEg3QV-wL._SL500_.jpg" alt="Product Image"></a><p>Whirlpool W10165294RB 15-Inch Plastic Trash Compactor ct, 60 Bags, Count</p><p>$48.34</p><a href="https://www.amazon.com/dp/B001U0OJ7O?tag=eloabder-20&linkCode=osi&th=1&psc=1">View Product</a></div><div class="product"><a href="https://www.amazon.com/dp/B0CC3V4ZZ4?tag=eloabder-20&linkCode=osi&th=1&psc=1"><img src="https://m.media-amazon.com/images/I/31bbvodHnjL._SL500_.jpg" alt="Product Image"></a><p>Waste Smasher- Hand-Held Manual Trash Compactor Dishwasher Safe Black</p><p>$24.95</p><a href="https://www.amazon.com/dp/B0CC3V4ZZ4?tag=eloabder-20&linkCode=osi&th=1&psc=1">View Product</a></div><div class="product"><a href="https://www.amazon.com/dp/B00IYO5914?tag=eloabder-20&linkCode=osi&th=1&psc=1"><img src="https://m.media-amazon.com/images/I/51SLpTXIYNL._SL500_.jpg" alt="Product Image"></a><p>Kitchen Master Super Strong Compactor Bags Pre Cuffed (12 Pack)</p><p>$34.95</p><a href="https://www.amazon.com/dp/B00IYO5914?tag=eloabder-20&linkCode=osi&th=1&psc=1">View Product</a></div><div class="product"><a href="https://www.amazon.com/dp/B075DJ4ZVQ?tag=eloabder-20&linkCode=osi&th=1&psc=1"><img src="https://m.media-amazon.com/images/I/51Vaek4I89L._SL500_.jpg" alt="Product Image"></a><p>Dano Pre-Cuffed Compactor Bags</p><p>$32.95 ($2.75 / Count)</p><a href="https://www.amazon.com/dp/B075DJ4ZVQ?tag=eloabder-20&linkCode=osi&th=1&psc=1">View Product</a></div><div class="product"><a href="https://www.amazon.com/dp/B0C2DCVCBJ?tag=eloabder-20&linkCode=osi&th=1&psc=1"><img src="https://m.media-amazon.com/images/I/51072CtaKuL._SL500_.jpg" alt="Product Image"></a><p>60-pack W10165294RB Trash Compactor Bags - leak-proof trash compactor bags for kitchen 60-ct 15 inches - Fits 15-inch Rectangular Drawer Compactors</p><p>$45.99 ($0.77 / Count)</p><a href="https://www.amazon.com/dp/B0C2DCVCBJ?tag=eloabder-20&linkCode=osi&th=1&psc=1">View Product</a></div><div class="product"><a href="https://www.amazon.com/dp/B001U0OJ7E?tag=eloabder-20&linkCode=osi&th=1&psc=1"><img src="https://m.media-amazon.com/images/I/41c0z26RyvL._SL500_.jpg" alt="Product Image"></a><p>Whirlpool W10165293RB Genuine OEM 60 Pack-Plastic Compactor Bags-18" Models â€“ 1394369, 4178058, 4318932, 4318933, 4318935, 4318937, 4318939, AH1964576, EA1964576, PS1964576</p><p>$48.64 ($0.81 / Count)</p><a href="https://www.amazon.com/dp/B001U0OJ7E?tag=eloabder-20&linkCode=osi&th=1&psc=1">View Product</a></div><div class="product"><a href="https://www.amazon.com/dp/B00W27J16S?tag=eloabder-20&linkCode=osi&th=1&psc=1"><img src="https://m.media-amazon.com/images/I/41RaOjAGlrL._SL500_.jpg" alt="Product Image"></a><p>Compactor Bags Pre Cuffed (50 Pack)</p><p>$84.95 ($1.70 / count)</p><a href="https://www.amazon.com/dp/B00W27J16S?tag=eloabder-20&linkCode=osi&th=1&psc=1">View Product</a></div><div class="product"><a href="https://www.amazon.com/dp/B00MOCYY2W?tag=eloabder-20&linkCode=osi&th=1&psc=1"><img src="https://m.media-amazon.com/images/I/41SH8mDsAnL._SL500_.jpg" alt="Product Image"></a><p>GE WX60X1 Genuine OEM Universal Trash Compactor Bags for GE Trash Compactors</p><p>$19.00</p><a href="https://www.amazon.com/dp/B00MOCYY2W?tag=eloabder-20&linkCode=osi&th=1&psc=1">View Product</a></div><div class="product"><a href="https://www.amazon.com/dp/B0D7SFSTNG?tag=eloabder-20&linkCode=osi&th=1&psc=1"><img src="https://m.media-amazon.com/images/I/41szt9tZJPL._SL500_.jpg" alt="Product Image"></a><p>4PCS Trash Compactor Charcoal Air Filter Fit for Whirlpool/KitchenAid/Maytag/Jenn-Air/Amana/Inglis/Magic Chef Trash Compactor, Replaces 4151750 554358 WP4151750 AP6009134 PS11742279</p><p>$23.59 ($5.90 / Count)</p><a href="https://www.amazon.com/dp/B0D7SFSTNG?tag=eloabder-20&linkCode=osi&th=1&psc=1">View Product</a></div>
<div class="product"><a href="https://www.amazon.com/dp/B0CGLX5ZB9?tag=eloabder-20&linkCode=osi&th=1&psc=1"><img src="https://m.media-amazon.com/images/I/51qeRZQS98L._SL500_.jpg" alt="Product Image"></a><p>Spare Replacement Parts Compatible with MAMNV BR150 BR151, ZCWA BR150 BR151, MANVINS G20 Robot Vacuum and Mop Combo Accessories Include: 3 Hepa Filters 3 Mop Pads 6 Side Spin Brushes</p><p>$9.98</p><a href="https://www.amazon.com/dp/B0CGLX5ZB9?tag=eloabder-20&linkCode=osi&th=1&psc=1">View Product</a></div><div class="product"><a href="https://www.amazon.com/dp/B0B28DGZBG?tag=eloabder-20&linkCode=osi&th=1&psc=1"><img src="https://m.media-amazon.com/images/I/51ooMN4RqML._SL500_.jpg" alt="Product Image"></a><p>Replacement Parts for Shark AI AV2511AE AV2501S AV2610WA AV2501AE RV2502AE RV2610WA RV2520 AV2510 2-In-1 AI Ultra Robot Vacuum Cleaner Accessories Kits. Main Brush, HEPA Filter, Foam Filter,Side Brush</p><p>$19.99 ($1.05 / Count)</p><a href="https://www.amazon.com/dp/B0B28DGZBG?tag=eloabder-20&linkCode=osi&th=1&psc=1">View Product</a></div><div class="product"><a href="https://www.amazon.com/dp/B0782T7L6P?tag=eloabder-20&linkCode=osi&th=1&psc=1"><img src="https://m.media-amazon.com/images/I/41hTVkuzMJL._SL500_.jpg" alt="Product Image"></a><p>10pcs HEPA Filters Replacement for ILIFE V3s V3s pro V5 V5s V5s Pro V5s Pro 2 V5s Plus Noisz S5 Robotic Vacuum Cleaner ILIFE V3s pro Filters ILIFE Robot Vacuum Filter</p><p>$9.80 ($0.98 / Count)</p><a href="https://www.amazon.com/dp/B0782T7L6P?tag=eloabder-20&linkCode=osi&th=1&psc=1">View Product</a></div><div class="product"><a href="https://www.amazon.com/dp/B0CXLVHTTC?tag=eloabder-20&linkCode=osi&th=1&psc=1"><img src="https://m.media-amazon.com/images/I/51BT3phYzKL._SL500_.jpg" alt="Product Image"></a><p>HUIZHEN Spare Accessories for MAMNV BR150/BR151, for ZCWA BR150/BR151, for MANVINS G20,for GTTVO BR150/BR151,for ONSON BR150/BR151 Robot Vacuum Replacement Parts,6 Side Brush,4 HEPA Filters,4 Mop Pads</p><p>$9.99</p><a href="https://www.amazon.com/dp/B0CXLVHTTC?tag=eloabder-20&linkCode=osi&th=1&psc=1">View Product</a></div><div class="product"><a href="https://www.amazon.com/dp/B08RYDDQL8?tag=eloabder-20&linkCode=osi&th=1&psc=1"><img src="https://m.media-amazon.com/images/I/314Xd7+oBXL._SL500_.jpg" alt="Product Image"></a><p>AirClean 4 Pack 3.7" High Replacement Base Pre-Motor Foam Filters Compatible with Shark IQ Robot Vacuum R101AE RV1001AE UR1005AE Self-Empty Base</p><p>$12.99 ($3.25 / Count)</p><a href="https://www.amazon.com/dp/B08RYDDQL8?tag=eloabder-20&linkCode=osi&th=1&psc=1">View Product</a></div><div class="product"><a href="https://www.amazon.com/dp/B0CJLHJ557?tag=eloabder-20&linkCode=osi&th=1&psc=1"><img src="https://m.media-amazon.com/images/I/41iQm8hUjiL._SL500_.jpg" alt="Product Image"></a><p>Replacement Parts Compatible with WYZE Robot Vacuum Cleaner WVCR200S Accessories, 2 Main Brushes, 6 Hepa Filters, 8 Side Brushes Attachment Spare Pack</p><p>$14.99 ($0.94 / Count)</p><a href="https://www.amazon.com/dp/B0CJLHJ557?tag=eloabder-20&linkCode=osi&th=1&psc=1">View Product</a></div>
<div class="product"><a href="https://www.amazon.com/dp/B0C4595Q8P?tag=eloabder-20&linkCode=osi&th=1&psc=1"><img src="https://m.media-amazon.com/images/I/51k23SAtRxL._SL500_.jpg" alt="Product Image"></a><p>4 Pack FSV001 HEPA Filter Compatiable with Fabuletta FSV101, FSV001, Girnoor G160&G165, Afoddon A300, Lubluelu 202, Oraimo Cordless Vacuum Cleaner, Besswin W26 Cordless Stick Vacuum Cleaners</p><p>$15.99 ($4.00 / Count)</p><a href="https://www.amazon.com/dp/B0C4595Q8P?tag=eloabder-20&linkCode=osi&th=1&psc=1">View Product</a></div>
<div class="product"><a href="https://www.amazon.com/dp/B0BNKJX96X?tag=eloabder-20&linkCode=osi&th=1&psc=1"><img src="https://m.media-amazon.com/images/I/41OPeLFppoL._SL500_.jpg" alt="Product Image"></a><p>6 PACK 2033 Replacement Filter Compatible with Bissell Featherweight Stick Lightweight Bagless Vacuum Cleaner 20331, 20333, 20334, 20336, 20339, 2033M,6 Mesh Filter 6 Foam Filters, Replace # 1611508</p><p>$14.99 ($2.50 / Count)</p><a href="https://www.amazon.com/dp/B0BNKJX96X?tag=eloabder-20&linkCode=osi&th=1&psc=1">View Product</a></div><div class="product"><a href="https://www.amazon.com/dp/B0CMBWLTSM?tag=eloabder-20&linkCode=osi&th=1&psc=1"><img src="https://m.media-amazon.com/images/I/41PHqKaLTDL._SL500_.jpg" alt="Product Image"></a><p>18V ONE + Cordless Pet Stick Vacuum Filter for Ryobi, PCL720, PBLSV716, PBLSV717 Stick Vacuum, Reusable Washable Filters, Compare to Part A32SV720N, 6 Pack</p><p>$15.99 ($2.66 / Count)</p><a href="https://www.amazon.com/dp/B0CMBWLTSM?tag=eloabder-20&linkCode=osi&th=1&psc=1">View Product</a></div><div class="product"><a href="https://www.amazon.com/dp/B0CXDYWWT9?tag=eloabder-20&linkCode=osi&th=1&psc=1"><img src="https://m.media-amazon.com/images/I/41F1csTT8jL._SL500_.jpg" alt="Product Image"></a><p>2 Replacement Filters for Craftsman V20 Cordless Stick Vacuum CMCVS001D1, for Black Decker BSVF1 BSV2020 BSV2020G BSV2020P Cordless Stick Vacuum Cleaner with 1 Cleaning Brush</p><p>$14.99</p><a href="https://www.amazon.com/dp/B0CXDYWWT9?tag=eloabder-20&linkCode=osi&th=1&psc=1">View Product</a></div><div class="product"><a href="https://www.amazon.com/dp/B0CCJ5N5DH?tag=eloabder-20&linkCode=osi&th=1&psc=1"><img src="https://m.media-amazon.com/images/I/41xmhDPqk8L._SL500_.jpg" alt="Product Image"></a><p>Aolleteau 1 Pack Brush Roller Compatible with Black + Decker BSV2020, BSV2020P, BSV2020G Powerseries Extreme Cordless Stick Vacuum and Compatible with Craftsman V20 Cordless Stick Vacuum CMCVS001D1</p><p>$17.99</p><a href="https://www.amazon.com/dp/B0CCJ5N5DH?tag=eloabder-20&linkCode=osi&th=1&psc=1">View Product</a></div><div class="product"><a href="https://www.amazon.com/dp/B0CQY61LFD?tag=eloabder-20&linkCode=osi&th=1&psc=1"><img src="https://m.media-amazon.com/images/I/31swBBC444L._SL500_.jpg" alt="Product Image"></a><p>Tablenco for Shark HZ602 Filter Replacement Ultralight Pet Pro Corded Stick Vacuum and HZ2002 Vertex DuoClean PowerFins fit HZ2000 HZ251 HZ250 HH200 HH202,4 Foam Felt 4 Motor Kit (No cleaning brush)</p><p>$9.98</p><a href="https://www.amazon.com/dp/B0CQY61LFD?tag=eloabder-20&linkCode=osi&th=1&psc=1">View Product</a></div><div class="product"><a href="https://www.amazon.com/dp/B09Q55KW8W?tag=eloabder-20&linkCode=osi&th=1&psc=1"><img src="https://m.media-amazon.com/images/I/51MKsJy6nSL._SL500_.jpg" alt="Product Image"></a><p>Anicell 2033 Featherweight Filter for Bissell Featherweight Stick Lightweight Bagless Vacuum 20331 20333 20334 20336 20339 2033M, 4 Mesh Filters 6 Foam Filters Replacement, Replace part# 1611508</p><p>$11.99</p><a href="https://www.amazon.com/dp/B09Q55KW8W?tag=eloabder-20&linkCode=osi&th=1&psc=1">View Product</a></div><div class="product"><a href="https://www.amazon.com/dp/B0CDVG7LHD?tag=eloabder-20&linkCode=osi&th=1&psc=1"><img src="https://m.media-amazon.com/images/I/41hjN1Te6sL._SL500_.jpg" alt="Product Image"></a><p>Moreffi 3 Pack Filter Replacement For HART Cordless Stick Vacuum HPSV01 and HPSV50, Compare to Part Number HASV01</p><p>$19.99 ($6.66 / Count)</p><a href="https://www.amazon.com/dp/B0CDVG7LHD?tag=eloabder-20&linkCode=osi&th=1&psc=1">View Product</a></div>
<div class="product"><a href="https://www.amazon.com/dp/B07DQ9TZC8?tag=eloabder-20&linkCode=osi&th=1&psc=1"><img src="https://m.media-amazon.com/images/I/41PHyZ20FuL._SL500_.jpg" alt="Product Image"></a><p>Kenmore 53294 Style O HEPA Cloth Vacuum Bags for Kenmore Upright Vacuum Cleaners 6 Pack,White</p><p>$20.99 ($3.50 / Count)</p><a href="https://www.amazon.com/dp/B07DQ9TZC8?tag=eloabder-20&linkCode=osi&th=1&psc=1">View Product</a></div><div class="product"><a href="https://www.amazon.com/dp/B08MXVTTT2?tag=eloabder-20&linkCode=osi&th=1&psc=1"><img src="https://m.media-amazon.com/images/I/41T6wRpIMzL._SL500_.jpg" alt="Product Image"></a><p>Kenmore IB600 HEPA Replacement Intuition Upright Vacuum Cleaner Bags for BU4022, BU4020, BU4018, BU4050, BU3040,White</p><p>$18.75</p><a href="https://www.amazon.com/dp/B08MXVTTT2?tag=eloabder-20&linkCode=osi&th=1&psc=1">View Product</a></div><div class="product"><a href="https://www.amazon.com/dp/B01010JVYO?tag=eloabder-20&linkCode=osi&th=1&psc=1"><img src="https://m.media-amazon.com/images/I/51Anluh47GL._SL500_.jpg" alt="Product Image"></a><p>EnviroCare Replacement Micro Filtration Vacuum Cleaner Dust Bags Designed to fit Hoover Windtunnel Upright Type Y 9 pack</p><p>$9.89 ($1.10 / Count)</p><a href="https://www.amazon.com/dp/B01010JVYO?tag=eloabder-20&linkCode=osi&th=1&psc=1">View Product</a></div><div class="product"><a href="https://www.amazon.com/dp/B0D5CP3WBY?tag=eloabder-20&linkCode=osi&th=1&psc=1"><img src="https://m.media-amazon.com/images/I/31MaGmsVOwL._SL500_.jpg" alt="Product Image"></a><p>Bagless Upright Kenmore Vacuum HEPA Filters, Compatible with Foam Filters, Felt Filters and Upright vacuum cleaner for Models K4010,DU2015,DU2012(includes 1 Hepa Filters,2 Foam and 2 Felt Filters)</p><p>$12.99</p><a href="https://www.amazon.com/dp/B0D5CP3WBY?tag=eloabder-20&linkCode=osi&th=1&psc=1">View Product</a></div><div class="product"><a href="https://www.amazon.com/dp/B0CBFV28WX?tag=eloabder-20&linkCode=osi&th=1&psc=1"><img src="https://m.media-amazon.com/images/I/51LIYI0wXSL._SL500_.jpg" alt="Product Image"></a><p>16 Packs Vacuum Bags for Oreck Type CC, Compatible with All Oreck XL Upright Vacuum Cleaner - Replaces Part # CCPK8DW</p><p>$21.99 ($1.37 / Count)</p><a href="https://www.amazon.com/dp/B0CBFV28WX?tag=eloabder-20&linkCode=osi&th=1&psc=1">View Product</a></div><div class="product"><a href="https://www.amazon.com/dp/B00F9GQMHA?tag=eloabder-20&linkCode=osi&th=1&psc=1"><img src="https://m.media-amazon.com/images/I/51lhelurelL._SL500_.jpg" alt="Product Image"></a><p>EnviroCare Replacement Premium Vacuum Cleaner Dust Bags made to fit Eureka F&G Uprights 9 bags</p><p>$11.09</p><a href="https://www.amazon.com/dp/B00F9GQMHA?tag=eloabder-20&linkCode=osi&th=1&psc=1">View Product</a></div><div class="product"><a href="https://www.amazon.com/dp/B002CI8G1I?tag=eloabder-20&linkCode=osi&th=1&psc=1"><img src="https://m.media-amazon.com/images/I/51PYQrQpbSL._SL500_.jpg" alt="Product Image"></a><p>EnviroCare Replacement Micro Filtration Vacuum Cleaner Dust Bags made to fit Kenmore Upright Type U/L/O 50688 and 50690, Panasonic Type U-2, Miele Type Z. 9 pack</p><p>$9.99</p><a href="https://www.amazon.com/dp/B002CI8G1I?tag=eloabder-20&linkCode=osi&th=1&psc=1">View Product</a></div>
<div class="product"><a href="https://www.amazon.com/dp/B07GNQJ67P?tag=eloabder-20&linkCode=osi&th=1&psc=1"><img src="https://m.media-amazon.com/images/I/41XHnKbgjAL._SL500_.jpg" alt="Product Image"></a><p>Kenmore 53292 Type Q HEPA Replacement Dust Bags for Canister Vacuum 81214, 81414, 81714, 21814, BC2005, BC3005, 81615, BC7005, 6 Count (Pack of 1)</p><p>$13.24 ($2.21 / Count)</p><a href="https://www.amazon.com/dp/B07GNQJ67P?tag=eloabder-20&linkCode=osi&th=1&psc=1">View Product</a></div><div class="product"><a href="https://www.amazon.com/dp/B01L0C0FVK?tag=eloabder-20&linkCode=osi&th=1&psc=1"><img src="https://m.media-amazon.com/images/I/51ZIjbo9NVL._SL500_.jpg" alt="Product Image"></a><p>Envirocare Replacement Vacuum Bags Compatible with Kenmore Canister Type C/Q. 5055, 50557 and 50558 Panasonic Type C-5 Vacuums,15 pack</p><p>$16.16</p><a href="https://www.amazon.com/dp/B01L0C0FVK?tag=eloabder-20&linkCode=osi&th=1&psc=1">View Product</a></div><div class="product"><a href="https://www.amazon.com/dp/B0BTRTP2PM?tag=eloabder-20&linkCode=osi&th=1&psc=1"><img src="https://m.media-amazon.com/images/I/41K295aRv9L._SL500_.jpg" alt="Product Image"></a><p>Vacuum Cleaner Bags Fit for Kenmore Canister Type C/Q 50555 50557 50558 and Type C-5, 10PCs</p><p>$15.99</p><a href="https://www.amazon.com/dp/B0BTRTP2PM?tag=eloabder-20&linkCode=osi&th=1&psc=1">View Product</a></div><div class="product"><a href="https://www.amazon.com/dp/B0CRQYGLZX?tag=eloabder-20&linkCode=osi&th=1&psc=1"><img src="https://m.media-amazon.com/images/I/413iXp+j3ML._SL500_.jpg" alt="Product Image"></a><p>15 Pack Canister Vacuum Cleaner Bags Compatible with Kenmore Canister Type C/Q 5055, 50555, 50557, 50558 and Type C-5, C-18, 53292, 200 Series, 400 Series, 600 Series, 700 Series, 800 Series Vacuum</p><p>$11.69</p><a href="https://www.amazon.com/dp/B0CRQYGLZX?tag=eloabder-20&linkCode=osi&th=1&psc=1">View Product</a></div><div class="product"><a href="https://www.amazon.com/dp/B00QGD3SBI?tag=eloabder-20&linkCode=osi&th=1&psc=1"><img src="https://m.media-amazon.com/images/I/51xw0asyqTL._SL500_.jpg" alt="Product Image"></a><p>EnviroCare Replacement Vacuum Bags made to fit Kenmore Canister Type C or Q 50555, 50558, 50557 and Panasonic Type C-5 Vacuums, 9 pack</p><p>$9.79</p><a href="https://www.amazon.com/dp/B00QGD3SBI?tag=eloabder-20&linkCode=osi&th=1&psc=1">View Product</a></div><div class="product"><a href="https://www.amazon.com/dp/B0CQP9NP5N?tag=eloabder-20&linkCode=osi&th=1&psc=1"><img src="https://m.media-amazon.com/images/I/41WnNkTz8zL._SL500_.jpg" alt="Product Image"></a><p>8 Pack Replacement Vacuum Bags Compatible with Kenmore Canister Type C/Q. 5055, 50104, 50557 and 50558 Panasonic Type C-5 Vacuums</p><p>$9.99 ($1.25 / Count)</p><a href="https://www.amazon.com/dp/B0CQP9NP5N?tag=eloabder-20&linkCode=osi&th=1&psc=1">View Product</a></div>
<div class="product"><a href="https://www.amazon.com/dp/B09M3Y2BHR?tag=eloabder-20&linkCode=osi&th=1&psc=1"><img src="https://m.media-amazon.com/images/I/31tevngai1L._SL500_.jpg" alt="Product Image"></a><p>Ymimi Vacuum Filter Compatible with Eureka WhirlWind Bagless Canister Vacuum Cleaner,Fits NEN110A,NEN110B,NEN110Dï¼ˆ2-Packï¼‰</p><p>$11.99 ($6.00 / Count)</p><a href="https://www.amazon.com/dp/B09M3Y2BHR?tag=eloabder-20&linkCode=osi&th=1&psc=1">View Product</a></div><div class="product"><a href="https://www.amazon.com/dp/B07J1WWBHN?tag=eloabder-20&linkCode=osi&th=1&psc=1"><img src="https://m.media-amazon.com/images/I/51gmkDrnR2L._SL500_.jpg" alt="Product Image"></a><p>Bissell Powerforce Helix Bagless Washable Premotor Filter #1608225, Black</p><p>$7.78</p><a href="https://www.amazon.com/dp/B07J1WWBHN?tag=eloabder-20&linkCode=osi&th=1&psc=1">View Product</a></div><div class="product"><a href="https://www.amazon.com/dp/B0BK64TMMK?tag=eloabder-20&linkCode=osi&th=1&psc=1"><img src="https://m.media-amazon.com/images/I/41OBMvET7eL._SL500_.jpg" alt="Product Image"></a><p>Vacuum Belt Replacement for Bissell Cleanview Swivel Pet Upright Bagless/Powerlifter Vacuum Cleaner, fits model: 2252, 2254, 22543, 2258,2259, 2260,2316, 2739, 1793, Parts # 3031120, 32074</p><p>$6.99</p><a href="https://www.amazon.com/dp/B0BK64TMMK?tag=eloabder-20&linkCode=osi&th=1&psc=1">View Product</a></div><div class="product"><a href="https://www.amazon.com/dp/B0BKKL3WRB?tag=eloabder-20&linkCode=osi&th=1&psc=1"><img src="https://m.media-amazon.com/images/I/410jMe-FjIL._SL500_.jpg" alt="Product Image"></a><p>Aolleteau F1 HEPA Filter Compatible with Dirt Devil Bagless Upright Cleaner Models Extra Lite, Breeze, Featherlite Bagless, Jaguar Bagless,Platinum Force Vision, Scorpion and Vision Bagless (2 Pack)</p><p>$13.99 ($7.00 / Count)</p><a href="https://www.amazon.com/dp/B0BKKL3WRB?tag=eloabder-20&linkCode=osi&th=1&psc=1">View Product</a></div><div class="product"><a href="https://www.amazon.com/dp/B09SG1P4WN?tag=eloabder-20&linkCode=osi&th=1&psc=1"><img src="https://m.media-amazon.com/images/I/51+Mr+Wq5ML._SL500_.jpg" alt="Product Image"></a><p>NEN110A Vacuum Filter, Inlet Frame and Sponge Filter Compatible with Eureka Whirlwind Bagless Canister Vacuum Cleaner, Fits NEN110A, NEN110B, NEN110D(4-Pack)</p><p>$15.99 ($4.00 / Count)</p><a href="https://www.amazon.com/dp/B09SG1P4WN?tag=eloabder-20&linkCode=osi&th=1&psc=1">View Product</a></div>
<div class="product"><a href="https://www.amazon.com/dp/B07GT9VB9X?tag=eloabder-20&linkCode=osi&th=1&psc=1"><img src="https://m.media-amazon.com/images/I/41IokheYtNL._SL500_.jpg" alt="Product Image"></a><p>6 Pack 1940 Bissell Steam Mop Pads for Bissell PowerFresh Steam Mop 1806 1544 1440 2075A 2685A 1940W 19404 Series, Model 19402 19408 1940a 1940f 1940q 1940t B0006 B0017, Part #5938#203-2633</p><p>$16.99 ($2.83 / Count)</p><a href="https://www.amazon.com/dp/B07GT9VB9X?tag=eloabder-20&linkCode=osi&th=1&psc=1">View Product</a></div><div class="product"><a href="https://www.amazon.com/dp/B07H3MYZLD?tag=eloabder-20&linkCode=osi&th=1&psc=1"><img src="https://m.media-amazon.com/images/I/511p6MPxQ0L._SL500_.jpg" alt="Product Image"></a><p>Flammi Steam Pocket Mop Replacement Pads for Shark S3500 Series S3501 S3601 S3550 S3901 SE450 S3801CO S3601D S2901 S2902 Steam Pocket Mop, 4 Pack</p><p>$16.97 ($4.24 / Count)</p><a href="https://www.amazon.com/dp/B07H3MYZLD?tag=eloabder-20&linkCode=osi&th=1&psc=1">View Product</a></div><div class="product"><a href="https://www.amazon.com/dp/B0C8SH97HN?tag=eloabder-20&linkCode=osi&th=1&psc=1"><img src="https://m.media-amazon.com/images/I/31Mex4y7odL._SL500_.jpg" alt="Product Image"></a><p>HOMEXCEL Steam Mop Replacement Pads Compatible with Bissell Powerfresh Steam Mop 1940 1806 1440 1544 Series, Model 19402 19404 19408 2685A 2075A 1940A 1940Q 1940T 1940W, Steam Mop Pads Refills,4 Pack</p><p>$9.99 ($2.50 / Count)</p><a href="https://www.amazon.com/dp/B0C8SH97HN?tag=eloabder-20&linkCode=osi&th=1&psc=1">View Product</a></div><div class="product"><a href="https://www.amazon.com/dp/B0BFWTXS33?tag=eloabder-20&linkCode=osi&th=1&psc=1"><img src="https://m.media-amazon.com/images/I/51pa2h7o0EL._SL500_.jpg" alt="Product Image"></a><p>12 Pack 1940 Steam Mop Replacement Pads for Bissell Powerfresh Steam Mop 1940 1440 1806 1544 2075 2685A 2814 Series, Model 19402 19404 19408 19409 1940A 1940F 1940Q 1940T 1940W B0006 B0017 2075A 15441</p><p>$24.99</p><a href="https://www.amazon.com/dp/B0BFWTXS33?tag=eloabder-20&linkCode=osi&th=1&psc=1">View Product</a></div><div class="product"><a href="https://www.amazon.com/dp/B0CLP5QGTY?tag=eloabder-20&linkCode=osi&th=1&psc=1"><img src="https://m.media-amazon.com/images/I/414HqpKde9L._SL500_.jpg" alt="Product Image"></a><p>10 Pack 1940 1806 2685A Steam Mop Pads For Bissell Powerfresh Steam Mop Deluxe Pet Lift-Off Plus Slim Scrubbing Steam Mop Replacement Pad 1940A 2814 1544A 2075A Power Fresh Steamer Pad Refill Washable</p><p>$22.99 ($2.30 / Count)</p><a href="https://www.amazon.com/dp/B0CLP5QGTY?tag=eloabder-20&linkCode=osi&th=1&psc=1">View Product</a></div><div class="product"><a href="https://www.amazon.com/dp/B078BBKBPV?tag=eloabder-20&linkCode=osi&th=1&psc=1"><img src="https://m.media-amazon.com/images/I/51WcJqtOUIL._SL500_.jpg" alt="Product Image"></a><p>Tidy Monster Steam Mop Replacement Pads Compatible with Bissell Powerfresh Steam Mop 1940 1806 1544 1440 2075A 2685A Series, Part # 5938 & 203-2633, 1606668 & 1606669 (4 Pack Scrub Plush)</p><p>$9.99</p><a href="https://www.amazon.com/dp/B078BBKBPV?tag=eloabder-20&linkCode=osi&th=1&psc=1">View Product</a></div><div class="product"><a href="https://www.amazon.com/dp/B00A6G37SU?tag=eloabder-20&linkCode=osi&th=1&psc=1"><img src="https://m.media-amazon.com/images/I/51xo0LB-SpL._SL500_.jpg" alt="Product Image"></a><p>BISSELL PowerFresh Steam Mop Pads (Pack of 2) with Fragrance discs (4 ct), 5938</p><p>$21.26 ($10.63 / Count)</p><a href="https://www.amazon.com/dp/B00A6G37SU?tag=eloabder-20&linkCode=osi&th=1&psc=1">View Product</a></div>
<div class="product"><a href="https://www.amazon.com/dp/B0D2QFVY7H?tag=eloabder-20&linkCode=osi&th=1&psc=1"><img src="https://m.media-amazon.com/images/I/417B7H+vvML._SL500_.jpg" alt="Product Image"></a><p>Kenmore KS1010 Deep Clean & Revitalize Pet Carpet Cleaner Formula, 64 oz, White, 64 Fl Oz</p><p>$22.73 ($0.36 / Fl Oz)</p><a href="https://www.amazon.com/dp/B0D2QFVY7H?tag=eloabder-20&linkCode=osi&th=1&psc=1">View Product</a></div><div class="product"><a href="https://www.amazon.com/dp/B0BNK8ZJJ1?tag=eloabder-20&linkCode=osi&th=1&psc=1"><img src="https://m.media-amazon.com/images/I/51z0Pc4xcNL._SL500_.jpg" alt="Product Image"></a><p>Bissell Spotlifter Pet Carpet and Upholstery Cleaner with Brush Head - 4 Pack, 93523</p><p>$23.88 ($0.50 / Fl Oz)</p><a href="https://www.amazon.com/dp/B0BNK8ZJJ1?tag=eloabder-20&linkCode=osi&th=1&psc=1">View Product</a></div><div class="product"><a href="https://www.amazon.com/dp/B0CX245D26?tag=eloabder-20&linkCode=osi&th=1&psc=1"><img src="https://m.media-amazon.com/images/I/411CSXvvO1L._SL500_.jpg" alt="Product Image"></a><p>BISSELLÂ® Spot & Stain with Febreze + Gain Original Scent Formula for Little Green Devices, Portable Carpet Cleaners (3968)</p><p>$12.99 ($0.41 / Fl Oz)</p><a href="https://www.amazon.com/dp/B0CX245D26?tag=eloabder-20&linkCode=osi&th=1&psc=1">View Product</a></div><div class="product"><a href="https://www.amazon.com/dp/B083VZW4R5?tag=eloabder-20&linkCode=osi&th=1&psc=1"><img src="https://m.media-amazon.com/images/I/413BULPLmBL._SL500_.jpg" alt="Product Image"></a><p>BISSELL Multi-Surface Pet Formula with Febreze Freshness for Crosswave (80 oz), 2295L</p><p>$22.99 ($0.29 / Fl Oz)</p><a href="https://www.amazon.com/dp/B083VZW4R5?tag=eloabder-20&linkCode=osi&th=1&psc=1">View Product</a></div><div class="product"><a href="https://www.amazon.com/dp/B0D2RGW219?tag=eloabder-20&linkCode=osi&th=1&psc=1"><img src="https://m.media-amazon.com/images/I/41gD+82tnAL._SL500_.jpg" alt="Product Image"></a><p>Vacmaster Clean & Restore Carpet Cleaner Formula â€“ CCS03</p><p>$19.99 ($0.31 / Fl Oz)</p><a href="https://www.amazon.com/dp/B0D2RGW219?tag=eloabder-20&linkCode=osi&th=1&psc=1">View Product</a></div>






<div class="product"><a href="https://www.amazon.com/dp/B0BY64HQTP?tag=eloabder-20&linkCode=osi&th=1&psc=1"><img src="https://m.media-amazon.com/images/I/41hUxHuASYL._SL500_.jpg" alt="Product Image"></a><p>Air Conditioning Motor WZDK13-38G-1(RD-310-13-8) DC Brushless Fan Motor, 13W Inverter air Conditioner Motor DC Motor for Central air Conditioner</p><p>$39.95</p><a href="https://www.amazon.com/dp/B0BY64HQTP?tag=eloabder-20&linkCode=osi&th=1&psc=1">View Product</a></div><div class="product"><a href="https://www.amazon.com/dp/B0CM5YB884?tag=eloabder-20&linkCode=osi&th=1&psc=1"><img src="https://m.media-amazon.com/images/I/310lQ2tAvLL._SL500_.jpg" alt="Product Image"></a><p>Sparkfix OEM WZDK20-38G (ZKFP-20-8-6) Air Conditioner Replacement Motors DC280V 20W Air Conditioning Fan Motor Inverter Air Conditioner Brushless DC Motor 1300RPM CCW</p><p>$42.79</p><a href="https://www.amazon.com/dp/B0CM5YB884?tag=eloabder-20&linkCode=osi&th=1&psc=1">View Product</a></div>













<div class="product"><a href="https://www.amazon.com/dp/B009PCI2JU?tag=eloabder-20&linkCode=osi&th=1&psc=1"><img src="https://m.media-amazon.com/images/I/310ZJurANUL._SL500_.jpg" alt="Product Image"></a><p>GE RPWFE Refrigerator Water Filter | Certified to Reduce Lead, Sulfur, and 50+ Other Impurities | Replace Every 6 Months for Best Results | Pack of 1</p><p>$49.98</p><a href="https://www.amazon.com/dp/B009PCI2JU?tag=eloabder-20&linkCode=osi&th=1&psc=1">View Product</a></div><div class="product"><a href="https://www.amazon.com/dp/B0882ZJ48W?tag=eloabder-20&linkCode=osi&th=1&psc=1"><img src="https://m.media-amazon.com/images/I/41110o9sUoL._SL500_.jpg" alt="Product Image"></a><p>GE XWFE Refrigerator Water Filter | Certified to Reduce Lead, Sulfur, and 50+ Other Impurities | Replace Every 6 Months for Best Results | Pack of 1, White</p><p>$49.00</p><a href="https://www.amazon.com/dp/B0882ZJ48W?tag=eloabder-20&linkCode=osi&th=1&psc=1">View Product</a></div><div class="product"><a href="https://www.amazon.com/dp/B074HLRXMP?tag=eloabder-20&linkCode=osi&th=1&psc=1"><img src="https://m.media-amazon.com/images/I/21oDpGCQXiL._SL500_.jpg" alt="Product Image"></a><p>LG LT1000P - 6 Month / 200 Gallon Capacity Replacement Refrigerator Water Filter (NSF42, NSF53, and NSF401) ADQ74793501, ADQ75795105, or AGF80300704 , White</p><p>$47.00</p><a href="https://www.amazon.com/dp/B074HLRXMP?tag=eloabder-20&linkCode=osi&th=1&psc=1">View Product</a></div><div class="product"><a href="https://www.amazon.com/dp/B01BKWSHHE?tag=eloabder-20&linkCode=osi&th=1&psc=1"><img src="https://m.media-amazon.com/images/I/31E2+zlkvjL._SL500_.jpg" alt="Product Image"></a><p>Frigidaire EPTWFU01 Water Filtration Filter, 1 Count, White</p><p>$42.99</p><a href="https://www.amazon.com/dp/B01BKWSHHE?tag=eloabder-20&linkCode=osi&th=1&psc=1">View Product</a></div><div class="product"><a href="https://www.amazon.com/dp/B08V6JB9R7?tag=eloabder-20&linkCode=osi&th=1&psc=1"><img src="https://m.media-amazon.com/images/I/31PRPEffCZL._SL500_.jpg" alt="Product Image"></a><p>Frigidaire FPPWFU01 PurePour PWF-1 Water Filter 1 Count (Pack of 1)</p><p>$45.81</p><a href="https://www.amazon.com/dp/B08V6JB9R7?tag=eloabder-20&linkCode=osi&th=1&psc=1">View Product</a></div><div class="product"><a href="https://www.amazon.com/dp/B000AST3AK?tag=eloabder-20&linkCode=osi&th=1&psc=1"><img src="https://m.media-amazon.com/images/I/41DUoSxpwTS._SL500_.jpg" alt="Product Image"></a><p>GE MWF Refrigerator Water Filter | Certified to Reduce Lead, Sulfur, and 50+ Other Impurities | Replace Every 6 Months for Best Results | Pack of 1</p><p>$39.98</p><a href="https://www.amazon.com/dp/B000AST3AK?tag=eloabder-20&linkCode=osi&th=1&psc=1">View Product</a></div><div class="product"><a href="https://www.amazon.com/dp/B0CFZR7K8D?tag=eloabder-20&linkCode=osi&th=1&psc=1"><img src="https://m.media-amazon.com/images/I/31WM5sdhKLL._SL500_.jpg" alt="Product Image"></a><p>HMASAV W10295370A water filter replacement, Compatible with EDR1RXD1,EDR1RXD1B,W10295370,Filter 1,WHR1RXD1,KAD1RXD1,P4RFWB,P8RFWB2L,46-9930,46-9081 2PACK</p><p>$29.99 ($15.00 / Count)</p><a href="https://www.amazon.com/dp/B0CFZR7K8D?tag=eloabder-20&linkCode=osi&th=1&psc=1">View Product</a></div><div class="product"><a href="https://www.amazon.com/dp/B07JM9TTTT?tag=eloabder-20&linkCode=osi&th=1&psc=1"><img src="https://m.media-amazon.com/images/I/41CfAtJ8TPL._SL500_.jpg" alt="Product Image"></a><p>GLACIER FRESH LT1000PC Replacement Water Filter, Compatible with LT1000PC/PCS, LT1000PC, LT-1000PC, MDJ64844601, ADQ747935 ADQ74793504 Filter and LT120F ADQ73334008 Fresh Air (3+3)</p><p>$39.99 ($13.33 / Count)</p><a href="https://www.amazon.com/dp/B07JM9TTTT?tag=eloabder-20&linkCode=osi&th=1&psc=1">View Product</a></div><div class="product"><a href="https://www.amazon.com/dp/B003N1ZSYG?tag=eloabder-20&linkCode=osi&th=1&psc=1"><img src="https://m.media-amazon.com/images/I/31Mbrkrxu1L._SL500_.jpg" alt="Product Image"></a><p>SAMSUNG Genuine Filter for Refrigerator Water and Ice, Carbon Block Filtration for Clean, Clear Drinking Water, 6-Month Life, HAF-CIN/EXP, 1 Pack</p><p>$39.99</p><a href="https://www.amazon.com/dp/B003N1ZSYG?tag=eloabder-20&linkCode=osi&th=1&psc=1">View Product</a></div>









<div class="product"><a href="https://www.amazon.com/dp/B0B2NZ47HN?tag=eloabder-20&linkCode=osi&th=1&psc=1"><img src="https://m.media-amazon.com/images/I/41nC6c2XxJL._SL500_.jpg" alt="Product Image"></a><p>OTE Portable Sparkling Water Maker Soda Maker Machine for home with 20PCS Cylinders 450ml Personal seltzer Carbonators Electroless Double Layer PET Bottle BPA Free Double Pressure Relief Valves -Pink</p><p>$49.99</p><a href="https://www.amazon.com/dp/B0B2NZ47HN?tag=eloabder-20&linkCode=osi&th=1&psc=1">View Product</a></div><div class="product"><a href="https://www.amazon.com/dp/B09DY54L7M?tag=eloabder-20&linkCode=osi&th=1&psc=1"><img src="https://m.media-amazon.com/images/I/31LSpnm3G8L._SL500_.jpg" alt="Product Image"></a><p>MOSOLAN Bottle Cleaning Brush, 17 Inches Extra Long Handle Water Bottle Brush, Flexible Bendable Cleaner for Washing Narrow Neck Bottles, Wine Decanter, Kombucha, Pipes, Beer Brewing Supplies, 2 Pack</p><p>$11.95 ($5.98 / Count)</p><a href="https://www.amazon.com/dp/B09DY54L7M?tag=eloabder-20&linkCode=osi&th=1&psc=1">View Product</a></div><div class="product"><a href="https://www.amazon.com/dp/B0736CBNDN?tag=eloabder-20&linkCode=osi&th=1&psc=1"><img src="https://m.media-amazon.com/images/I/41tWXmwP5KL._SL500_.jpg" alt="Product Image"></a><p>#2 Filter Pads (10 Pack Bulk) Compatible with Mini Jet Machine | #2 1.8-2.5 micron | 2 Micron Filtering pads. Filter Wine Beer, Kombucha, Mead Mash. Polishing filtration| Not a Buon Vino product.</p><p>$18.99</p><a href="https://www.amazon.com/dp/B0736CBNDN?tag=eloabder-20&linkCode=osi&th=1&psc=1">View Product</a></div>









<div class="product"><a href="https://www.amazon.com/dp/B07YGN577Y?tag=eloabder-20&linkCode=osi&th=1&psc=1"><img src="https://m.media-amazon.com/images/I/31kfZiyDMUL._SL500_.jpg" alt="Product Image"></a><p>9870163 Trash Power Nut WP9870163 L8</p><p>$50.36</p><a href="https://www.amazon.com/dp/B07YGN577Y?tag=eloabder-20&linkCode=osi&th=1&psc=1">View Product</a></div>

<div class="product"><a href="https://www.amazon.com/dp/B0CWQLM4C7?tag=eloabder-20&linkCode=osi&th=1&psc=1"><img src="https://m.media-amazon.com/images/I/41gTEIOjtlL._SL500_.jpg" alt="Product Image"></a><p>7" Seven Seconds Lazy Kitchen Food Making Tools - Multifunctional Fruit Vegetable Chopper Quick Garlic Peeling Machine Convenient Food Chopper for Slicing,Juice,Grinding</p><p>$32.99</p><a href="https://www.amazon.com/dp/B0CWQLM4C7?tag=eloabder-20&linkCode=osi&th=1&psc=1">View Product</a></div>







<div class="product"><a href="https://www.amazon.com/dp/B0CNKFM9WR?tag=eloabder-20&linkCode=osi&th=1&psc=1"><img src="https://m.media-amazon.com/images/I/31sGGIDic9L._SL500_.jpg" alt="Product Image"></a><p>hobbyme Pack of 4 Plastic Coffee Scoops with Brush & Espresso Grinder Brush for Ground Coffee Cleaning Tea Power Coffee Grinder Spoon</p><p>$6.49</p><a href="https://www.amazon.com/dp/B0CNKFM9WR?tag=eloabder-20&linkCode=osi&th=1&psc=1">View Product</a></div>





<div class="product"><a href="https://www.amazon.com/dp/B07798328B?tag=eloabder-20&linkCode=osi&th=1&psc=1"><img src="https://m.media-amazon.com/images/I/31Vpin+sgUS._SL500_.jpg" alt="Product Image"></a><p>Prime-Line MP10513 Standard Plastic Ice Cube Trays (5 Pack)</p><p>$12.69</p><a href="https://www.amazon.com/dp/B07798328B?tag=eloabder-20&linkCode=osi&th=1&psc=1">View Product</a></div><div class="product"><a href="https://www.amazon.com/dp/B077965JDB?tag=eloabder-20&linkCode=osi&th=1&psc=1"><img src="https://m.media-amazon.com/images/I/31H1hNlH6RL._SL500_.jpg" alt="Product Image"></a><p>Prime-Line MP10863 Standard Plastic Ice Cube Trays (2 Pack)</p><p>$9.69</p><a href="https://www.amazon.com/dp/B077965JDB?tag=eloabder-20&linkCode=osi&th=1&psc=1">View Product</a></div>

<div class="product"><a href="https://www.amazon.com/dp/B08MPLY84K?tag=eloabder-20&linkCode=osi&th=1&psc=1"><img src="https://m.media-amazon.com/images/I/31kWTfzQJBL._SL500_.jpg" alt="Product Image"></a><p>Syntus Vacuum Sealer Bags, 6 Pack 3 Rolls 11" x 20' and 3 Rolls 8" x 20' Commercial Grade BPA Free Bag Rolls, Food Vac Bags for Storage, Meal Prep or Sous Vide</p><p>$19.99</p><a href="https://www.amazon.com/dp/B08MPLY84K?tag=eloabder-20&linkCode=osi&th=1&psc=1">View Product</a></div><div class="product"><a href="https://www.amazon.com/dp/B0C5BWRMQL?tag=eloabder-20&linkCode=osi&th=1&psc=1"><img src="https://m.media-amazon.com/images/I/41yPpkb6oeL._SL500_.jpg" alt="Product Image"></a><p>Bonsenkitchen Vacuum Sealer Rolls Bags, 6 Pack 3 Rolls 11" x 20' + 3 Rolls 8" x 20' Commercial Grade BPA Free Bag Rolls, Durable Customized Size Food Vac Bags for Storage and Sous Vide Cooking VB3211</p><p>$19.99 ($3.33 / Count)</p><a href="https://www.amazon.com/dp/B0C5BWRMQL?tag=eloabder-20&linkCode=osi&th=1&psc=1">View Product</a></div><div class="product"><a href="https://www.amazon.com/dp/B0C5C1JTC4?tag=eloabder-20&linkCode=osi&th=1&psc=1"><img src="https://m.media-amazon.com/images/I/31JpyYsm7YL._SL500_.jpg" alt="Product Image"></a><p>Bonsenkitchen Vacuum Food Sealer Bags 200 Quart 8" x 12", BPA Free, Commercial Grade Textured Food Vacuum Sealer Bag, Thick Embossed Bags for Food Storage and Sous Vide Cooking VB3208</p><p>$18.39 ($0.09 / Count)</p><a href="https://www.amazon.com/dp/B0C5C1JTC4?tag=eloabder-20&linkCode=osi&th=1&psc=1">View Product</a></div><div class="product"><a href="https://www.amazon.com/dp/B07TMZDGQ1?tag=eloabder-20&linkCode=osi&th=1&psc=1"><img src="https://m.media-amazon.com/images/I/31cRCu-JIsL._SL500_.jpg" alt="Product Image"></a><p>Wevac Vacuum Sealer Bags 11x50 Rolls 2 pack for Food Saver, Seal a Meal, Weston. Commercial Grade, BPA Free, Heavy Duty, Great for vac storage, Meal Prep or Sous Vide</p><p>$20.99 ($0.21 / Count)</p><a href="https://www.amazon.com/dp/B07TMZDGQ1?tag=eloabder-20&linkCode=osi&th=1&psc=1">View Product</a></div><div class="product"><a href="https://www.amazon.com/dp/B07TV4KRCL?tag=eloabder-20&linkCode=osi&th=1&psc=1"><img src="https://m.media-amazon.com/images/I/31uv3qtc9bL._SL500_.jpg" alt="Product Image"></a><p>Wevac Vacuum Sealer Bags 100 Gallon 11x16 Inch for Food Saver, Seal a Meal, Weston. Commercial Grade, BPA Free, Heavy Duty, Great for vac storage, Meal Prep and Sous Vide</p><p>$21.24</p><a href="https://www.amazon.com/dp/B07TV4KRCL?tag=eloabder-20&linkCode=osi&th=1&psc=1">View Product</a></div>


<div class="product"><a href="https://www.amazon.com/dp/B093G5XCVF?tag=eloabder-20&linkCode=osi&th=1&psc=1"><img src="https://m.media-amazon.com/images/I/313Cq6ASf0S._SL500_.jpg" alt="Product Image"></a><p>2 Multipurpose Pastry Brush Basting & Coffee Grinders Cleaning Brush Wooden Handle Natural Boar Bristles Baking Cooking Sauce egg wash Bakery Supply Espresso Bean Barista</p><p>$7.21</p><a href="https://www.amazon.com/dp/B093G5XCVF?tag=eloabder-20&linkCode=osi&th=1&psc=1">View Product</a></div><div class="product"><a href="https://www.amazon.com/dp/B07JGRYG31?tag=eloabder-20&linkCode=osi&th=1&psc=1"><img src="https://m.media-amazon.com/images/I/31nd-jhgzdL._SL500_.jpg" alt="Product Image"></a><p>Coffee Grinder Cleaning Brush + Coffee Brush Wood Handle & Natural Bristles Pastry Brush</p><p>$5.99</p><a href="https://www.amazon.com/dp/B07JGRYG31?tag=eloabder-20&linkCode=osi&th=1&psc=1">View Product</a></div><div class="product"><a href="https://www.amazon.com/dp/B0C53G4T7X?tag=eloabder-20&linkCode=osi&th=1&psc=1"><img src="https://m.media-amazon.com/images/I/21Hrgmpj8YL._SL500_.jpg" alt="Product Image"></a><p>Leadigol Cleaning Tool Coffee Machine Home Pastry Brush Multifunctional Wooden Handle Baking Soft Bristles Coffee Grinder Brush</p><p>$7.99</p><a href="https://www.amazon.com/dp/B0C53G4T7X?tag=eloabder-20&linkCode=osi&th=1&psc=1">View Product</a></div><div class="product"><a href="https://www.amazon.com/dp/B07W5WM2LF?tag=eloabder-20&linkCode=osi&th=1&psc=1"><img src="https://m.media-amazon.com/images/I/41-7fWE9tSL._SL500_.jpg" alt="Product Image"></a><p>Redecker Waffle Machine Brush with Oiled Beechwood Handle, Stiff Heat-resistant Tampico Fiber Bristles, 6-1/2 inches, Made in Germany</p><p>$21.99</p><a href="https://www.amazon.com/dp/B07W5WM2LF?tag=eloabder-20&linkCode=osi&th=1&psc=1">View Product</a></div>














<div class="product"><a href="https://www.amazon.com/dp/B00UTFZAII?tag=eloabder-20&linkCode=osi&th=1&psc=1"><img src="https://m.media-amazon.com/images/I/31z7hZ6KbXL._SL500_.jpg" alt="Product Image"></a><p>Miele 10123210 AirClean 3D Efficiency Dust Bag, Type GN, 4 Bags & 2 Filters, White</p><p>$21.86 ($21.86 / Count)</p><a href="https://www.amazon.com/dp/B00UTFZAII?tag=eloabder-20&linkCode=osi&th=1&psc=1">View Product</a></div><div class="product"><a href="https://www.amazon.com/dp/B07WHG6J5S?tag=eloabder-20&linkCode=osi&th=1&psc=1"><img src="https://m.media-amazon.com/images/I/41hnaEOxB9L._SL500_.jpg" alt="Product Image"></a><p>KEEPOW Vacuum Filters for Eureka, Power Speed Vacuum Filters Replacement for Eureka NEU182A, NEU182B, NEU280, NEU180, NEU181, NEU188, NEU202 Bagless Upright Vacuum Cleaner, Part E0202 (4 Pack)</p><p>$9.99 ($2.50 / Count)</p><a href="https://www.amazon.com/dp/B07WHG6J5S?tag=eloabder-20&linkCode=osi&th=1&psc=1">View Product</a></div><div class="product"><a href="https://www.amazon.com/dp/B00UTFZB82?tag=eloabder-20&linkCode=osi&th=1&psc=1"><img src="https://m.media-amazon.com/images/I/41WdlL5T0dL._SL500_.jpg" alt="Product Image"></a><p>Miele AirClean 3D Efficiency Dust Bag, Type FJM, 4 Bags & 2 Filters, White</p><p>$18.99</p><a href="https://www.amazon.com/dp/B00UTFZB82?tag=eloabder-20&linkCode=osi&th=1&psc=1">View Product</a></div><div class="product"><a href="https://www.amazon.com/dp/B09NKP346M?tag=eloabder-20&linkCode=osi&th=1&psc=1"><img src="https://m.media-amazon.com/images/I/41o25nqkODL._SL500_.jpg" alt="Product Image"></a><p>Anewise 6 Pack Filter Replacement for Bissell Powerforce Compact Lightweight Upright 2112 1520 for Bissel Turbo Bagless 2690 Cleanview 3437 3508 Vacuum Cleaner, Compare to Parts #1604896/160-4896</p><p>$12.99</p><a href="https://www.amazon.com/dp/B09NKP346M?tag=eloabder-20&linkCode=osi&th=1&psc=1">View Product</a></div><div class="product"><a href="https://www.amazon.com/dp/B01MQ5NITB?tag=eloabder-20&linkCode=osi&th=1&psc=1"><img src="https://m.media-amazon.com/images/I/41J6lG4H1bL._SL500_.jpg" alt="Product Image"></a><p>Bissell Style 7 3 Pack Vacuum Cleaner Bags, White, 3 Count</p><p>$8.69 ($2.90 / Count)</p><a href="https://www.amazon.com/dp/B01MQ5NITB?tag=eloabder-20&linkCode=osi&th=1&psc=1">View Product</a></div><div class="product"><a href="https://www.amazon.com/dp/B0CDH1JY5D?tag=eloabder-20&linkCode=osi&th=1&psc=1"><img src="https://m.media-amazon.com/images/I/516DPXu4siL._SL500_.jpg" alt="Product Image"></a><p>4 Pack Replacement Filters Compatiable with Wyze Cordless Vacuum Cleaner, Removable and Washable HEPA Filter Accessories Part Set with 1 Cleaning Brush for Wyze Handheld Cordless Vacuum Cleaner</p><p>$15.99 ($4.00 / Count)</p><a href="https://www.amazon.com/dp/B0CDH1JY5D?tag=eloabder-20&linkCode=osi&th=1&psc=1">View Product</a></div><div class="product"><a href="https://www.amazon.com/dp/B07P3WB37F?tag=eloabder-20&linkCode=osi&th=1&psc=1"><img src="https://m.media-amazon.com/images/I/51WaYrkiVXL._SL500_.jpg" alt="Product Image"></a><p>Miele AirClean 3D Efficiency Dust Bag, Type GN, XL Value Pack, 8 Bags and 4 Filters</p><p>$36.99</p><a href="https://www.amazon.com/dp/B07P3WB37F?tag=eloabder-20&linkCode=osi&th=1&psc=1">View Product</a></div><div class="product"><a href="https://www.amazon.com/dp/B09DSY4Z2T?tag=eloabder-20&linkCode=osi&th=1&psc=1"><img src="https://m.media-amazon.com/images/I/51+ref3EeAL._SL500_.jpg" alt="Product Image"></a><p>Filter Replacement for Tineco A10 A11 Hero A10/A11 Master PURE ONE S11 Series, S12, X Cordless Vacuum Cleaner (3 PACK) â€¦</p><p>$12.99 ($4.33 / Count)</p><a href="https://www.amazon.com/dp/B09DSY4Z2T?tag=eloabder-20&linkCode=osi&th=1&psc=1">View Product</a></div>


<div class="product"><a href="https://www.amazon.com/dp/B0BXRR5QFV?tag=eloabder-20&linkCode=osi&th=1&psc=1"><img src="https://m.media-amazon.com/images/I/41sjdBkCp8L._SL500_.jpg" alt="Product Image"></a><p>AC Infinity CLOUDFORGE T7, Plant Humidifier 15L with VPD Humidity Controls, 10-Level Precision Vaporizer, Extendable Hose, Targeting Pipe, and No-Leak Seal for Grow Tents</p><p>$159.00</p><a href="https://www.amazon.com/dp/B0BXRR5QFV?tag=eloabder-20&linkCode=osi&th=1&psc=1">View Product</a></div><div class="product"><a href="https://www.amazon.com/dp/B01N6MV8SA?tag=eloabder-20&linkCode=osi&th=1&psc=1"><img src="https://m.media-amazon.com/images/I/41hX08+W1xL._SL500_.jpg" alt="Product Image"></a><p>Protec Humidifier Tank Cleaner, 1 Count - Colors May Vary</p><p>$5.98</p><a href="https://www.amazon.com/dp/B01N6MV8SA?tag=eloabder-20&linkCode=osi&th=1&psc=1">View Product</a></div><div class="product"><a href="https://www.amazon.com/dp/B07GXBTH82?tag=eloabder-20&linkCode=osi&th=1&psc=1"><img src="https://m.media-amazon.com/images/I/41ibxK12JPL._SL500_.jpg" alt="Product Image"></a><p>Essick Air 1970-2 Humidifier, 2-Quart Bacteriostatic Treatment, 2 Pack, Clear, 2</p><p>$22.99</p><a href="https://www.amazon.com/dp/B07GXBTH82?tag=eloabder-20&linkCode=osi&th=1&psc=1">View Product</a></div><div class="product"><a href="https://www.amazon.com/dp/B08TTT3K9B?tag=eloabder-20&linkCode=osi&th=1&psc=1"><img src="https://m.media-amazon.com/images/I/41U6j9SexmL._SL500_.jpg" alt="Product Image"></a><p>Leemone Humidifier Cleaner 12 Pack, Demineralization Cleaning Ball, Works in All humidifiers and Fish Tanks, Purifies Water, Prevents Hard Water Build-Up, Eliminates White Dust and Odor</p><p>$14.44</p><a href="https://www.amazon.com/dp/B08TTT3K9B?tag=eloabder-20&linkCode=osi&th=1&psc=1">View Product</a></div>
<div class="product"><a href="https://www.amazon.com/dp/B07YD4XCT3?tag=eloabder-20&linkCode=osi&th=1&psc=1"><img src="https://m.media-amazon.com/images/I/41hR81iKyJL._SL500_.jpg" alt="Product Image"></a><p>Vacplus Moisture Absorber Packets, Fragrance Free(10 Pack), Humidity Packs, Hanging Closet Dehumidifier Bags, Desiccant 9.8OZ</p><p>$21.99</p><a href="https://www.amazon.com/dp/B07YD4XCT3?tag=eloabder-20&linkCode=osi&th=1&psc=1">View Product</a></div><div class="product"><a href="https://www.amazon.com/dp/B09LQF5V5K?tag=eloabder-20&linkCode=osi&th=1&psc=1"><img src="https://m.media-amazon.com/images/I/51Cx5ECAotL._SL500_.jpg" alt="Product Image"></a><p>CLEVAST Moisture Absorbers Packets 10 Pack, Dehumidifier Bags for Closet, Unscented Hanging Humidity Absorber in Wardrobes, Bedrooms, Bathrooms(230g/pack)</p><p>$16.98</p><a href="https://www.amazon.com/dp/B09LQF5V5K?tag=eloabder-20&linkCode=osi&th=1&psc=1">View Product</a></div><div class="product"><a href="https://www.amazon.com/dp/B0B8L9QRW8?tag=eloabder-20&linkCode=osi&th=1&psc=1"><img src="https://m.media-amazon.com/images/I/518LgtpPi8L._SL500_.jpg" alt="Product Image"></a><p>Arm & Hammer Essentials Disposable Moisture Absorber and Odor Eliminator Tub, Fragrance Free, 1 lb, 3-Pack, Attracts and Traps Excess Moisture, Ideal Closet Dehumidifier, White</p><p>$24.94 ($0.52 / Ounce)</p><a href="https://www.amazon.com/dp/B0B8L9QRW8?tag=eloabder-20&linkCode=osi&th=1&psc=1">View Product</a></div><div class="product"><a href="https://www.amazon.com/dp/B09W9TPJGZ?tag=eloabder-20&linkCode=osi&th=1&psc=1"><img src="https://m.media-amazon.com/images/I/51pVTVMwHbL._SL500_.jpg" alt="Product Image"></a><p>THECOSKY Dehumidifier and Air Purifier Combo,HEPA H13 Filter and Negative Air Ion Function,54oz(1.6L) Water Tank with Drain Hose,24hrs Auto-Off Timer,Idea for Bedroom,Bathroom,Closet,RV</p><p>$109.99</p><a href="https://www.amazon.com/dp/B09W9TPJGZ?tag=eloabder-20&linkCode=osi&th=1&psc=1">View Product</a></div><div class="product"><a href="https://www.amazon.com/dp/B0CXDG65LZ?tag=eloabder-20&linkCode=osi&th=1&psc=1"><img src="https://m.media-amazon.com/images/I/41HNflmbKHL._SL500_.jpg" alt="Product Image"></a><p>14 x 17.5 x1.75 MERV 13 Replacement Dehumidifier Filter Compatible with Santa Fe Advance90, Advance100, Advance120, Honeywell DR90 & DR120 dehumidifier models, 2 Pack</p><p>$42.99</p><a href="https://www.amazon.com/dp/B0CXDG65LZ?tag=eloabder-20&linkCode=osi&th=1&psc=1">View Product</a></div>
<div class="product"><a href="https://www.amazon.com/dp/B088B921NQ?tag=eloabder-20&linkCode=osi&th=1&psc=1"><img src="https://m.media-amazon.com/images/I/612e4cT3RYL._SL500_.jpg" alt="Product Image"></a><p>ULTTY H13 HEPA Replacement Filter with Medical Coating, True HEPA Filter For R021/ R020 Purifying Fan, Medium</p><p>$29.99</p><a href="https://www.amazon.com/dp/B088B921NQ?tag=eloabder-20&linkCode=osi&th=1&psc=1">View Product</a></div><div class="product"><a href="https://www.amazon.com/dp/B0D2MZ4Y7Z?tag=eloabder-20&linkCode=osi&th=1&psc=1"><img src="https://m.media-amazon.com/images/I/51KgTHizWyL._SL500_.jpg" alt="Product Image"></a><p>Butto 5-Pack Ceiling Fan Filters for Blades - Strong Adhesive Ceiling Fan Filters for Common Household Contaminants - Unscented Coconut Carbon Fan Air Purifier Pads to Make Air Fresh and Natural</p><p>$9.98</p><a href="https://www.amazon.com/dp/B0D2MZ4Y7Z?tag=eloabder-20&linkCode=osi&th=1&psc=1">View Product</a></div><div class="product"><a href="https://www.amazon.com/dp/B0C42HCM21?tag=eloabder-20&linkCode=osi&th=1&psc=1"><img src="https://m.media-amazon.com/images/I/31jk3lpoygL._SL500_.jpg" alt="Product Image"></a><p>Barnakl Ceiling Fan Filters | Activated Coconut Shell Carbon Filter | Easy-Stick Universal Ceiling Fan Air Filters | Unscented Ceiling Fan Blade Filters for Common Household Contaminants, (3-Count)</p><p>$19.99 ($6.66 / Count)</p><a href="https://www.amazon.com/dp/B0C42HCM21?tag=eloabder-20&linkCode=osi&th=1&psc=1">View Product</a></div>
<div class="product"><a href="https://www.amazon.com/dp/B08LZWP29P?tag=eloabder-20&linkCode=osi&th=1&psc=1"><img src="https://m.media-amazon.com/images/I/41NLuzzFW9L._SL500_.jpg" alt="Product Image"></a><p>Chromex Tankless Water Heater Descaling Solution | Highly Effective Descaler Restores Heating Efficiency, Quart, 32 fl oz (1)</p><p>$26.99</p><a href="https://www.amazon.com/dp/B08LZWP29P?tag=eloabder-20&linkCode=osi&th=1&psc=1">View Product</a></div>

<div class="product"><a href="https://www.amazon.com/dp/B005UO4OWQ?tag=eloabder-20&linkCode=osi&th=1&psc=1"><img src="https://m.media-amazon.com/images/I/41oQPKFofoL._SL500_.jpg" alt="Product Image"></a><p>Bissell 203-7458 Brushroll, Bg10/86T3, Black</p><p>$21.26 ($21.26 / Count)</p><a href="https://www.amazon.com/dp/B005UO4OWQ?tag=eloabder-20&linkCode=osi&th=1&psc=1">View Product</a></div>





















<div class="product"><a href="https://www.amazon.com/dp/B0014J7FUY?tag=eloabder-20&linkCode=osi&th=1&psc=1"><img src="https://m.media-amazon.com/images/I/31QrM+IPxOL._SL500_.jpg" alt="Product Image"></a><p>Urnex Grindz Professional Coffee Grinder Cleaning Tablets - 430 Grams - All Natural Food Safe Gluten Free - Cleans Burr and Casing - Help Extend Life of Your Grinder</p><p>$25.99 ($1.71 / Ounce)</p><a href="https://www.amazon.com/dp/B0014J7FUY?tag=eloabder-20&linkCode=osi&th=1&psc=1">View Product</a></div>



<div class="product"><a href="https://www.amazon.com/dp/B0CHW317SG?tag=eloabder-20&linkCode=osi&th=1&psc=1"><img src="https://m.media-amazon.com/images/I/41Qd5Iu3qBL._SL500_.jpg" alt="Product Image"></a><p>EUHOMY 55 Can Beverage Refrigerator cooler-Mini Fridge Glass Door for Beer Drinks Wines, Freestanding Beverage Fridge with Adjustable Shelves Blue LED for Home/Office/Dorm/Bar (1.3cu.ft)</p><p>$128.99</p><a href="https://www.amazon.com/dp/B0CHW317SG?tag=eloabder-20&linkCode=osi&th=1&psc=1">View Product</a></div>

<div class="product"><a href="https://www.amazon.com/dp/B099CN2MRK?tag=eloabder-20&linkCode=osi&th=1&psc=1"><img src="https://m.media-amazon.com/images/I/31CvUCIUX5L._SL500_.jpg" alt="Product Image"></a><p>Genuine PuroAir 240 Replacement Filter - Replacement HEPA Filter for PuroAir 240 Purifier - Captures up to 99% of Pollen, Smoke, Pollen, Dust and Common Household Pollutants</p><p>$48.00</p><a href="https://www.amazon.com/dp/B099CN2MRK?tag=eloabder-20&linkCode=osi&th=1&psc=1">View Product</a></div><div class="product"><a href="https://www.amazon.com/dp/B0055521W0?tag=eloabder-20&linkCode=osi&th=1&psc=1"><img src="https://m.media-amazon.com/images/I/41Hs7ixdyXL._SL500_.jpg" alt="Product Image"></a><p>GermGuardian Filter B HEPA Pure Genuine Air Purifier Replacement Filter, Removes 99.97% of Pollutants for AC4825, AC4300, AC4900, AC4825DLX, AC4850, CDAP4500, AP2200, Black/Yellow, FLT4825</p><p>$17.90 ($17.90 / Count)</p><a href="https://www.amazon.com/dp/B0055521W0?tag=eloabder-20&linkCode=osi&th=1&psc=1">View Product</a></div><div class="product"><a href="https://www.amazon.com/dp/B0BNMYKZPV?tag=eloabder-20&linkCode=osi&th=1&psc=1"><img src="https://m.media-amazon.com/images/I/41-K3mB6KkL._SL500_.jpg" alt="Product Image"></a><p>2 Pack True HEPA KILO Filter Compatible with Afloia KILO, KILOPLUS, KILOPRO, MIRO,MIRO PRO and MORENTO MR-Kilo, Kalo Air Purifier, 360Â° 3-Stage Filtration</p><p>$34.99 ($17.50 / Count)</p><a href="https://www.amazon.com/dp/B0BNMYKZPV?tag=eloabder-20&linkCode=osi&th=1&psc=1">View Product</a></div><div class="product"><a href="https://www.amazon.com/dp/B0D3M4Y9W7?tag=eloabder-20&linkCode=osi&th=1&psc=1"><img src="https://m.media-amazon.com/images/I/41tzW+mkZuL._SL500_.jpg" alt="Product Image"></a><p>Breshair 14 True HEPA Filter Replacement Compatible with PuroAir 240 Air Purifier, 3-in-1 Filtration System with Activated Carbon Filter, 2-Pack</p><p>$31.56 ($15.78 / Count)</p><a href="https://www.amazon.com/dp/B0D3M4Y9W7?tag=eloabder-20&linkCode=osi&th=1&psc=1">View Product</a></div><div class="product"><a href="https://www.amazon.com/dp/B0CB18MVX6?tag=eloabder-20&linkCode=osi&th=1&psc=1"><img src="https://m.media-amazon.com/images/I/519ZmmLOrzL._SL500_.jpg" alt="Product Image"></a><p>2 Pack 3-in-1 H13 True HEPA Replacement Filter Compatible with Pure Enrichment PureZone Air Purifier Part# PEAIRPLG</p><p>$23.99 ($12.00 / Count)</p><a href="https://www.amazon.com/dp/B0CB18MVX6?tag=eloabder-20&linkCode=osi&th=1&psc=1">View Product</a></div><div class="product"><a href="https://www.amazon.com/dp/B08JTZMRML?tag=eloabder-20&linkCode=osi&th=1&psc=1"><img src="https://m.media-amazon.com/images/I/51yx60sCjHL._SL500_.jpg" alt="Product Image"></a><p>6 Pack HPA300 HEPA Filter Replacement for Honeywell HPA300 Series Air Purifiers HPA300, HPA300VP, HPA304, HPA3300, Replace HRF-R3 (6 Ture HEPA R Replacement Filter + 8 Activated Carbon Pre-Filter)</p><p>$47.99 ($3.43 / Count)</p><a href="https://www.amazon.com/dp/B08JTZMRML?tag=eloabder-20&linkCode=osi&th=1&psc=1">View Product</a></div><div class="product"><a href="https://www.amazon.com/dp/B0CF1GLSYS?tag=eloabder-20&linkCode=osi&th=1&psc=1"><img src="https://m.media-amazon.com/images/I/41709EXRzXL._SL500_.jpg" alt="Product Image"></a><p>CHIVALZ 4 Pack HY4866 True HEPA Replacement Filters Compatible with MORENTO HY4866 Air Purifier, WESTHEY HY4866 Air Purifier and YIOU M1 Air Cleaner Purifier, Original Version</p><p>$39.99 ($10.00 / Count)</p><a href="https://www.amazon.com/dp/B0CF1GLSYS?tag=eloabder-20&linkCode=osi&th=1&psc=1">View Product</a></div>







<div class="product"><a href="https://www.amazon.com/dp/B0CYKMFKR9?tag=eloabder-20&linkCode=osi&th=1&psc=1"><img src="https://m.media-amazon.com/images/I/316zU-ozoxL._SL500_.jpg" alt="Product Image"></a><p>Air Purifier Replacement Filter for Space Heater Bladeless Fan</p><p>$29.99</p><a href="https://www.amazon.com/dp/B0CYKMFKR9?tag=eloabder-20&linkCode=osi&th=1&psc=1">View Product</a></div>
<div class="product"><a href="https://www.amazon.com/dp/B07MRH6VY7?tag=eloabder-20&linkCode=osi&th=1&psc=1"><img src="https://m.media-amazon.com/images/I/51g-nuN4A5L._SL500_.jpg" alt="Product Image"></a><p>Colorfullife Replacement Air Purifier Filter for Dyson Tower Purifier Pure Cool Link TP01, TP02, TP03, BP01, Compare to Part 968126-03ï¼Œ2 Pack</p><p>$26.99</p><a href="https://www.amazon.com/dp/B07MRH6VY7?tag=eloabder-20&linkCode=osi&th=1&psc=1">View Product</a></div><div class="product"><a href="https://www.amazon.com/dp/B07TX5SW7J?tag=eloabder-20&linkCode=osi&th=1&psc=1"><img src="https://m.media-amazon.com/images/I/512Kn+cPglL._SL500_.jpg" alt="Product Image"></a><p>TP01 HEPA Filter Replacement Compatible with Dyson Tower Purifier Pure Cool Link TP01, TP02, TP03, AM11, BP01 Models, Compare to Part # 968126-03 (Pack of 2)</p><p>$27.95 ($13.98 / Count)</p><a href="https://www.amazon.com/dp/B07TX5SW7J?tag=eloabder-20&linkCode=osi&th=1&psc=1">View Product</a></div><div class="product"><a href="https://www.amazon.com/dp/B0CC24GZGB?tag=eloabder-20&linkCode=osi&th=1&psc=1"><img src="https://m.media-amazon.com/images/I/41woNpZ9VgL._SL500_.jpg" alt="Product Image"></a><p>TP01 TP02 Filter Compatible with Dyson Pure Cool Link Purifying Tower Fan TP00 TP03 AM11 and Cool Me BP01 Personal Series, 360Â° Air Purifier Filter Replacement 968126-03, 1-Pack</p><p>$25.99</p><a href="https://www.amazon.com/dp/B0CC24GZGB?tag=eloabder-20&linkCode=osi&th=1&psc=1">View Product</a></div><div class="product"><a href="https://www.amazon.com/dp/B0CX23N2JJ?tag=eloabder-20&linkCode=osi&th=1&psc=1"><img src="https://m.media-amazon.com/images/I/3145hmd5j7L._SL500_.jpg" alt="Product Image"></a><p>Dreo Air Purifiers Replacement Filter, HEPA Filter for Dreo Purifier Tower Fan MC710S, with 2 Stage Filtration, Black, Standard(DR-HPA019)</p><p>$39.99</p><a href="https://www.amazon.com/dp/B0CX23N2JJ?tag=eloabder-20&linkCode=osi&th=1&psc=1">View Product</a></div>










<div class="product"><a href="https://www.amazon.com/dp/B001U0OJ7O?tag=eloabder-20&linkCode=osi&th=1&psc=1"><img src="https://m.media-amazon.com/images/I/41XEg3QV-wL._SL500_.jpg" alt="Product Image"></a><p>Whirlpool W10165294RB 15-Inch Plastic Trash Compactor ct, 60 Bags, Count</p><p>$48.34</p><a href="https://www.amazon.com/dp/B001U0OJ7O?tag=eloabder-20&linkCode=osi&th=1&psc=1">View Product</a></div><div class="product"><a href="https://www.amazon.com/dp/B0CC3V4ZZ4?tag=eloabder-20&linkCode=osi&th=1&psc=1"><img src="https://m.media-amazon.com/images/I/31bbvodHnjL._SL500_.jpg" alt="Product Image"></a><p>Waste Smasher- Hand-Held Manual Trash Compactor Dishwasher Safe Black</p><p>$24.95</p><a href="https://www.amazon.com/dp/B0CC3V4ZZ4?tag=eloabder-20&linkCode=osi&th=1&psc=1">View Product</a></div><div class="product"><a href="https://www.amazon.com/dp/B00IYO5914?tag=eloabder-20&linkCode=osi&th=1&psc=1"><img src="https://m.media-amazon.com/images/I/51SLpTXIYNL._SL500_.jpg" alt="Product Image"></a><p>Kitchen Master Super Strong Compactor Bags Pre Cuffed (12 Pack)</p><p>$34.95</p><a href="https://www.amazon.com/dp/B00IYO5914?tag=eloabder-20&linkCode=osi&th=1&psc=1">View Product</a></div><div class="product"><a href="https://www.amazon.com/dp/B075DJ4ZVQ?tag=eloabder-20&linkCode=osi&th=1&psc=1"><img src="https://m.media-amazon.com/images/I/51Vaek4I89L._SL500_.jpg" alt="Product Image"></a><p>Dano Pre-Cuffed Compactor Bags</p><p>$32.95 ($2.75 / Count)</p><a href="https://www.amazon.com/dp/B075DJ4ZVQ?tag=eloabder-20&linkCode=osi&th=1&psc=1">View Product</a></div><div class="product"><a href="https://www.amazon.com/dp/B0C2DCVCBJ?tag=eloabder-20&linkCode=osi&th=1&psc=1"><img src="https://m.media-amazon.com/images/I/51072CtaKuL._SL500_.jpg" alt="Product Image"></a><p>60-pack W10165294RB Trash Compactor Bags - leak-proof trash compactor bags for kitchen 60-ct 15 inches - Fits 15-inch Rectangular Drawer Compactors</p><p>$45.99 ($0.77 / Count)</p><a href="https://www.amazon.com/dp/B0C2DCVCBJ?tag=eloabder-20&linkCode=osi&th=1&psc=1">View Product</a></div><div class="product"><a href="https://www.amazon.com/dp/B001U0OJ7E?tag=eloabder-20&linkCode=osi&th=1&psc=1"><img src="https://m.media-amazon.com/images/I/41c0z26RyvL._SL500_.jpg" alt="Product Image"></a><p>Whirlpool W10165293RB Genuine OEM 60 Pack-Plastic Compactor Bags-18" Models â€“ 1394369, 4178058, 4318932, 4318933, 4318935, 4318937, 4318939, AH1964576, EA1964576, PS1964576</p><p>$48.64 ($0.81 / Count)</p><a href="https://www.amazon.com/dp/B001U0OJ7E?tag=eloabder-20&linkCode=osi&th=1&psc=1">View Product</a></div><div class="product"><a href="https://www.amazon.com/dp/B00W27J16S?tag=eloabder-20&linkCode=osi&th=1&psc=1"><img src="https://m.media-amazon.com/images/I/41RaOjAGlrL._SL500_.jpg" alt="Product Image"></a><p>Compactor Bags Pre Cuffed (50 Pack)</p><p>$84.95 ($1.70 / count)</p><a href="https://www.amazon.com/dp/B00W27J16S?tag=eloabder-20&linkCode=osi&th=1&psc=1">View Product</a></div><div class="product"><a href="https://www.amazon.com/dp/B00MOCYY2W?tag=eloabder-20&linkCode=osi&th=1&psc=1"><img src="https://m.media-amazon.com/images/I/41SH8mDsAnL._SL500_.jpg" alt="Product Image"></a><p>GE WX60X1 Genuine OEM Universal Trash Compactor Bags for GE Trash Compactors</p><p>$19.00</p><a href="https://www.amazon.com/dp/B00MOCYY2W?tag=eloabder-20&linkCode=osi&th=1&psc=1">View Product</a></div><div class="product"><a href="https://www.amazon.com/dp/B0D7SFSTNG?tag=eloabder-20&linkCode=osi&th=1&psc=1"><img src="https://m.media-amazon.com/images/I/41szt9tZJPL._SL500_.jpg" alt="Product Image"></a><p>4PCS Trash Compactor Charcoal Air Filter Fit for Whirlpool/KitchenAid/Maytag/Jenn-Air/Amana/Inglis/Magic Chef Trash Compactor, Replaces 4151750 554358 WP4151750 AP6009134 PS11742279</p><p>$23.59 ($5.90 / Count)</p><a href="https://www.amazon.com/dp/B0D7SFSTNG?tag=eloabder-20&linkCode=osi&th=1&psc=1">View Product</a></div>
<div class="product"><a href="https://www.amazon.com/dp/B0CGLX5ZB9?tag=eloabder-20&linkCode=osi&th=1&psc=1"><img src="https://m.media-amazon.com/images/I/51qeRZQS98L._SL500_.jpg" alt="Product Image"></a><p>Spare Replacement Parts Compatible with MAMNV BR150 BR151, ZCWA BR150 BR151, MANVINS G20 Robot Vacuum and Mop Combo Accessories Include: 3 Hepa Filters 3 Mop Pads 6 Side Spin Brushes</p><p>$9.98</p><a href="https://www.amazon.com/dp/B0CGLX5ZB9?tag=eloabder-20&linkCode=osi&th=1&psc=1">View Product</a></div><div class="product"><a href="https://www.amazon.com/dp/B0B28DGZBG?tag=eloabder-20&linkCode=osi&th=1&psc=1"><img src="https://m.media-amazon.com/images/I/51ooMN4RqML._SL500_.jpg" alt="Product Image"></a><p>Replacement Parts for Shark AI AV2511AE AV2501S AV2610WA AV2501AE RV2502AE RV2610WA RV2520 AV2510 2-In-1 AI Ultra Robot Vacuum Cleaner Accessories Kits. Main Brush, HEPA Filter, Foam Filter,Side Brush</p><p>$19.99 ($1.05 / Count)</p><a href="https://www.amazon.com/dp/B0B28DGZBG?tag=eloabder-20&linkCode=osi&th=1&psc=1">View Product</a></div><div class="product"><a href="https://www.amazon.com/dp/B0782T7L6P?tag=eloabder-20&linkCode=osi&th=1&psc=1"><img src="https://m.media-amazon.com/images/I/41hTVkuzMJL._SL500_.jpg" alt="Product Image"></a><p>10pcs HEPA Filters Replacement for ILIFE V3s V3s pro V5 V5s V5s Pro V5s Pro 2 V5s Plus Noisz S5 Robotic Vacuum Cleaner ILIFE V3s pro Filters ILIFE Robot Vacuum Filter</p><p>$9.80 ($0.98 / Count)</p><a href="https://www.amazon.com/dp/B0782T7L6P?tag=eloabder-20&linkCode=osi&th=1&psc=1">View Product</a></div><div class="product"><a href="https://www.amazon.com/dp/B0CXLVHTTC?tag=eloabder-20&linkCode=osi&th=1&psc=1"><img src="https://m.media-amazon.com/images/I/51BT3phYzKL._SL500_.jpg" alt="Product Image"></a><p>HUIZHEN Spare Accessories for MAMNV BR150/BR151, for ZCWA BR150/BR151, for MANVINS G20,for GTTVO BR150/BR151,for ONSON BR150/BR151 Robot Vacuum Replacement Parts,6 Side Brush,4 HEPA Filters,4 Mop Pads</p><p>$9.99</p><a href="https://www.amazon.com/dp/B0CXLVHTTC?tag=eloabder-20&linkCode=osi&th=1&psc=1">View Product</a></div><div class="product"><a href="https://www.amazon.com/dp/B08RYDDQL8?tag=eloabder-20&linkCode=osi&th=1&psc=1"><img src="https://m.media-amazon.com/images/I/314Xd7+oBXL._SL500_.jpg" alt="Product Image"></a><p>AirClean 4 Pack 3.7" High Replacement Base Pre-Motor Foam Filters Compatible with Shark IQ Robot Vacuum R101AE RV1001AE UR1005AE Self-Empty Base</p><p>$12.99 ($3.25 / Count)</p><a href="https://www.amazon.com/dp/B08RYDDQL8?tag=eloabder-20&linkCode=osi&th=1&psc=1">View Product</a></div><div class="product"><a href="https://www.amazon.com/dp/B0CJLHJ557?tag=eloabder-20&linkCode=osi&th=1&psc=1"><img src="https://m.media-amazon.com/images/I/41iQm8hUjiL._SL500_.jpg" alt="Product Image"></a><p>Replacement Parts Compatible with WYZE Robot Vacuum Cleaner WVCR200S Accessories, 2 Main Brushes, 6 Hepa Filters, 8 Side Brushes Attachment Spare Pack</p><p>$14.99 ($0.94 / Count)</p><a href="https://www.amazon.com/dp/B0CJLHJ557?tag=eloabder-20&linkCode=osi&th=1&psc=1">View Product</a></div>
<div class="product"><a href="https://www.amazon.com/dp/B0C4595Q8P?tag=eloabder-20&linkCode=osi&th=1&psc=1"><img src="https://m.media-amazon.com/images/I/51k23SAtRxL._SL500_.jpg" alt="Product Image"></a><p>4 Pack FSV001 HEPA Filter Compatiable with Fabuletta FSV101, FSV001, Girnoor G160&G165, Afoddon A300, Lubluelu 202, Oraimo Cordless Vacuum Cleaner, Besswin W26 Cordless Stick Vacuum Cleaners</p><p>$15.99 ($4.00 / Count)</p><a href="https://www.amazon.com/dp/B0C4595Q8P?tag=eloabder-20&linkCode=osi&th=1&psc=1">View Product</a></div>
<div class="product"><a href="https://www.amazon.com/dp/B0BNKJX96X?tag=eloabder-20&linkCode=osi&th=1&psc=1"><img src="https://m.media-amazon.com/images/I/41OPeLFppoL._SL500_.jpg" alt="Product Image"></a><p>6 PACK 2033 Replacement Filter Compatible with Bissell Featherweight Stick Lightweight Bagless Vacuum Cleaner 20331, 20333, 20334, 20336, 20339, 2033M,6 Mesh Filter 6 Foam Filters, Replace # 1611508</p><p>$14.99 ($2.50 / Count)</p><a href="https://www.amazon.com/dp/B0BNKJX96X?tag=eloabder-20&linkCode=osi&th=1&psc=1">View Product</a></div><div class="product"><a href="https://www.amazon.com/dp/B0CMBWLTSM?tag=eloabder-20&linkCode=osi&th=1&psc=1"><img src="https://m.media-amazon.com/images/I/41PHqKaLTDL._SL500_.jpg" alt="Product Image"></a><p>18V ONE + Cordless Pet Stick Vacuum Filter for Ryobi, PCL720, PBLSV716, PBLSV717 Stick Vacuum, Reusable Washable Filters, Compare to Part A32SV720N, 6 Pack</p><p>$15.99 ($2.66 / Count)</p><a href="https://www.amazon.com/dp/B0CMBWLTSM?tag=eloabder-20&linkCode=osi&th=1&psc=1">View Product</a></div><div class="product"><a href="https://www.amazon.com/dp/B0CXDYWWT9?tag=eloabder-20&linkCode=osi&th=1&psc=1"><img src="https://m.media-amazon.com/images/I/41F1csTT8jL._SL500_.jpg" alt="Product Image"></a><p>2 Replacement Filters for Craftsman V20 Cordless Stick Vacuum CMCVS001D1, for Black Decker BSVF1 BSV2020 BSV2020G BSV2020P Cordless Stick Vacuum Cleaner with 1 Cleaning Brush</p><p>$14.99</p><a href="https://www.amazon.com/dp/B0CXDYWWT9?tag=eloabder-20&linkCode=osi&th=1&psc=1">View Product</a></div><div class="product"><a href="https://www.amazon.com/dp/B0CCJ5N5DH?tag=eloabder-20&linkCode=osi&th=1&psc=1"><img src="https://m.media-amazon.com/images/I/41xmhDPqk8L._SL500_.jpg" alt="Product Image"></a><p>Aolleteau 1 Pack Brush Roller Compatible with Black + Decker BSV2020, BSV2020P, BSV2020G Powerseries Extreme Cordless Stick Vacuum and Compatible with Craftsman V20 Cordless Stick Vacuum CMCVS001D1</p><p>$17.99</p><a href="https://www.amazon.com/dp/B0CCJ5N5DH?tag=eloabder-20&linkCode=osi&th=1&psc=1">View Product</a></div><div class="product"><a href="https://www.amazon.com/dp/B0CQY61LFD?tag=eloabder-20&linkCode=osi&th=1&psc=1"><img src="https://m.media-amazon.com/images/I/31swBBC444L._SL500_.jpg" alt="Product Image"></a><p>Tablenco for Shark HZ602 Filter Replacement Ultralight Pet Pro Corded Stick Vacuum and HZ2002 Vertex DuoClean PowerFins fit HZ2000 HZ251 HZ250 HH200 HH202,4 Foam Felt 4 Motor Kit (No cleaning brush)</p><p>$9.98</p><a href="https://www.amazon.com/dp/B0CQY61LFD?tag=eloabder-20&linkCode=osi&th=1&psc=1">View Product</a></div><div class="product"><a href="https://www.amazon.com/dp/B09Q55KW8W?tag=eloabder-20&linkCode=osi&th=1&psc=1"><img src="https://m.media-amazon.com/images/I/51MKsJy6nSL._SL500_.jpg" alt="Product Image"></a><p>Anicell 2033 Featherweight Filter for Bissell Featherweight Stick Lightweight Bagless Vacuum 20331 20333 20334 20336 20339 2033M, 4 Mesh Filters 6 Foam Filters Replacement, Replace part# 1611508</p><p>$11.99</p><a href="https://www.amazon.com/dp/B09Q55KW8W?tag=eloabder-20&linkCode=osi&th=1&psc=1">View Product</a></div><div class="product"><a href="https://www.amazon.com/dp/B0CDVG7LHD?tag=eloabder-20&linkCode=osi&th=1&psc=1"><img src="https://m.media-amazon.com/images/I/41hjN1Te6sL._SL500_.jpg" alt="Product Image"></a><p>Moreffi 3 Pack Filter Replacement For HART Cordless Stick Vacuum HPSV01 and HPSV50, Compare to Part Number HASV01</p><p>$19.99 ($6.66 / Count)</p><a href="https://www.amazon.com/dp/B0CDVG7LHD?tag=eloabder-20&linkCode=osi&th=1&psc=1">View Product</a></div>
<div class="product"><a href="https://www.amazon.com/dp/B07DQ9TZC8?tag=eloabder-20&linkCode=osi&th=1&psc=1"><img src="https://m.media-amazon.com/images/I/41PHyZ20FuL._SL500_.jpg" alt="Product Image"></a><p>Kenmore 53294 Style O HEPA Cloth Vacuum Bags for Kenmore Upright Vacuum Cleaners 6 Pack,White</p><p>$20.99 ($3.50 / Count)</p><a href="https://www.amazon.com/dp/B07DQ9TZC8?tag=eloabder-20&linkCode=osi&th=1&psc=1">View Product</a></div><div class="product"><a href="https://www.amazon.com/dp/B08MXVTTT2?tag=eloabder-20&linkCode=osi&th=1&psc=1"><img src="https://m.media-amazon.com/images/I/41T6wRpIMzL._SL500_.jpg" alt="Product Image"></a><p>Kenmore IB600 HEPA Replacement Intuition Upright Vacuum Cleaner Bags for BU4022, BU4020, BU4018, BU4050, BU3040,White</p><p>$18.75</p><a href="https://www.amazon.com/dp/B08MXVTTT2?tag=eloabder-20&linkCode=osi&th=1&psc=1">View Product</a></div><div class="product"><a href="https://www.amazon.com/dp/B01010JVYO?tag=eloabder-20&linkCode=osi&th=1&psc=1"><img src="https://m.media-amazon.com/images/I/51Anluh47GL._SL500_.jpg" alt="Product Image"></a><p>EnviroCare Replacement Micro Filtration Vacuum Cleaner Dust Bags Designed to fit Hoover Windtunnel Upright Type Y 9 pack</p><p>$9.89 ($1.10 / Count)</p><a href="https://www.amazon.com/dp/B01010JVYO?tag=eloabder-20&linkCode=osi&th=1&psc=1">View Product</a></div><div class="product"><a href="https://www.amazon.com/dp/B0D5CP3WBY?tag=eloabder-20&linkCode=osi&th=1&psc=1"><img src="https://m.media-amazon.com/images/I/31MaGmsVOwL._SL500_.jpg" alt="Product Image"></a><p>Bagless Upright Kenmore Vacuum HEPA Filters, Compatible with Foam Filters, Felt Filters and Upright vacuum cleaner for Models K4010,DU2015,DU2012(includes 1 Hepa Filters,2 Foam and 2 Felt Filters)</p><p>$12.99</p><a href="https://www.amazon.com/dp/B0D5CP3WBY?tag=eloabder-20&linkCode=osi&th=1&psc=1">View Product</a></div><div class="product"><a href="https://www.amazon.com/dp/B0CBFV28WX?tag=eloabder-20&linkCode=osi&th=1&psc=1"><img src="https://m.media-amazon.com/images/I/51LIYI0wXSL._SL500_.jpg" alt="Product Image"></a><p>16 Packs Vacuum Bags for Oreck Type CC, Compatible with All Oreck XL Upright Vacuum Cleaner - Replaces Part # CCPK8DW</p><p>$21.99 ($1.37 / Count)</p><a href="https://www.amazon.com/dp/B0CBFV28WX?tag=eloabder-20&linkCode=osi&th=1&psc=1">View Product</a></div><div class="product"><a href="https://www.amazon.com/dp/B00F9GQMHA?tag=eloabder-20&linkCode=osi&th=1&psc=1"><img src="https://m.media-amazon.com/images/I/51lhelurelL._SL500_.jpg" alt="Product Image"></a><p>EnviroCare Replacement Premium Vacuum Cleaner Dust Bags made to fit Eureka F&G Uprights 9 bags</p><p>$11.09</p><a href="https://www.amazon.com/dp/B00F9GQMHA?tag=eloabder-20&linkCode=osi&th=1&psc=1">View Product</a></div><div class="product"><a href="https://www.amazon.com/dp/B002CI8G1I?tag=eloabder-20&linkCode=osi&th=1&psc=1"><img src="https://m.media-amazon.com/images/I/51PYQrQpbSL._SL500_.jpg" alt="Product Image"></a><p>EnviroCare Replacement Micro Filtration Vacuum Cleaner Dust Bags made to fit Kenmore Upright Type U/L/O 50688 and 50690, Panasonic Type U-2, Miele Type Z. 9 pack</p><p>$9.99</p><a href="https://www.amazon.com/dp/B002CI8G1I?tag=eloabder-20&linkCode=osi&th=1&psc=1">View Product</a></div>
<div class="product"><a href="https://www.amazon.com/dp/B07GNQJ67P?tag=eloabder-20&linkCode=osi&th=1&psc=1"><img src="https://m.media-amazon.com/images/I/41XHnKbgjAL._SL500_.jpg" alt="Product Image"></a><p>Kenmore 53292 Type Q HEPA Replacement Dust Bags for Canister Vacuum 81214, 81414, 81714, 21814, BC2005, BC3005, 81615, BC7005, 6 Count (Pack of 1)</p><p>$13.24 ($2.21 / Count)</p><a href="https://www.amazon.com/dp/B07GNQJ67P?tag=eloabder-20&linkCode=osi&th=1&psc=1">View Product</a></div><div class="product"><a href="https://www.amazon.com/dp/B01L0C0FVK?tag=eloabder-20&linkCode=osi&th=1&psc=1"><img src="https://m.media-amazon.com/images/I/51ZIjbo9NVL._SL500_.jpg" alt="Product Image"></a><p>Envirocare Replacement Vacuum Bags Compatible with Kenmore Canister Type C/Q. 5055, 50557 and 50558 Panasonic Type C-5 Vacuums,15 pack</p><p>$16.16</p><a href="https://www.amazon.com/dp/B01L0C0FVK?tag=eloabder-20&linkCode=osi&th=1&psc=1">View Product</a></div><div class="product"><a href="https://www.amazon.com/dp/B0BTRTP2PM?tag=eloabder-20&linkCode=osi&th=1&psc=1"><img src="https://m.media-amazon.com/images/I/41K295aRv9L._SL500_.jpg" alt="Product Image"></a><p>Vacuum Cleaner Bags Fit for Kenmore Canister Type C/Q 50555 50557 50558 and Type C-5, 10PCs</p><p>$15.99</p><a href="https://www.amazon.com/dp/B0BTRTP2PM?tag=eloabder-20&linkCode=osi&th=1&psc=1">View Product</a></div><div class="product"><a href="https://www.amazon.com/dp/B0CRQYGLZX?tag=eloabder-20&linkCode=osi&th=1&psc=1"><img src="https://m.media-amazon.com/images/I/413iXp+j3ML._SL500_.jpg" alt="Product Image"></a><p>15 Pack Canister Vacuum Cleaner Bags Compatible with Kenmore Canister Type C/Q 5055, 50555, 50557, 50558 and Type C-5, C-18, 53292, 200 Series, 400 Series, 600 Series, 700 Series, 800 Series Vacuum</p><p>$11.69</p><a href="https://www.amazon.com/dp/B0CRQYGLZX?tag=eloabder-20&linkCode=osi&th=1&psc=1">View Product</a></div><div class="product"><a href="https://www.amazon.com/dp/B00QGD3SBI?tag=eloabder-20&linkCode=osi&th=1&psc=1"><img src="https://m.media-amazon.com/images/I/51xw0asyqTL._SL500_.jpg" alt="Product Image"></a><p>EnviroCare Replacement Vacuum Bags made to fit Kenmore Canister Type C or Q 50555, 50558, 50557 and Panasonic Type C-5 Vacuums, 9 pack</p><p>$9.79</p><a href="https://www.amazon.com/dp/B00QGD3SBI?tag=eloabder-20&linkCode=osi&th=1&psc=1">View Product</a></div><div class="product"><a href="https://www.amazon.com/dp/B0CQP9NP5N?tag=eloabder-20&linkCode=osi&th=1&psc=1"><img src="https://m.media-amazon.com/images/I/41WnNkTz8zL._SL500_.jpg" alt="Product Image"></a><p>8 Pack Replacement Vacuum Bags Compatible with Kenmore Canister Type C/Q. 5055, 50104, 50557 and 50558 Panasonic Type C-5 Vacuums</p><p>$9.99 ($1.25 / Count)</p><a href="https://www.amazon.com/dp/B0CQP9NP5N?tag=eloabder-20&linkCode=osi&th=1&psc=1">View Product</a></div>
<div class="product"><a href="https://www.amazon.com/dp/B09M3Y2BHR?tag=eloabder-20&linkCode=osi&th=1&psc=1"><img src="https://m.media-amazon.com/images/I/31tevngai1L._SL500_.jpg" alt="Product Image"></a><p>Ymimi Vacuum Filter Compatible with Eureka WhirlWind Bagless Canister Vacuum Cleaner,Fits NEN110A,NEN110B,NEN110Dï¼ˆ2-Packï¼‰</p><p>$11.99 ($6.00 / Count)</p><a href="https://www.amazon.com/dp/B09M3Y2BHR?tag=eloabder-20&linkCode=osi&th=1&psc=1">View Product</a></div><div class="product"><a href="https://www.amazon.com/dp/B07J1WWBHN?tag=eloabder-20&linkCode=osi&th=1&psc=1"><img src="https://m.media-amazon.com/images/I/51gmkDrnR2L._SL500_.jpg" alt="Product Image"></a><p>Bissell Powerforce Helix Bagless Washable Premotor Filter #1608225, Black</p><p>$7.78</p><a href="https://www.amazon.com/dp/B07J1WWBHN?tag=eloabder-20&linkCode=osi&th=1&psc=1">View Product</a></div><div class="product"><a href="https://www.amazon.com/dp/B0BK64TMMK?tag=eloabder-20&linkCode=osi&th=1&psc=1"><img src="https://m.media-amazon.com/images/I/41OBMvET7eL._SL500_.jpg" alt="Product Image"></a><p>Vacuum Belt Replacement for Bissell Cleanview Swivel Pet Upright Bagless/Powerlifter Vacuum Cleaner, fits model: 2252, 2254, 22543, 2258,2259, 2260,2316, 2739, 1793, Parts # 3031120, 32074</p><p>$6.99</p><a href="https://www.amazon.com/dp/B0BK64TMMK?tag=eloabder-20&linkCode=osi&th=1&psc=1">View Product</a></div><div class="product"><a href="https://www.amazon.com/dp/B0BKKL3WRB?tag=eloabder-20&linkCode=osi&th=1&psc=1"><img src="https://m.media-amazon.com/images/I/410jMe-FjIL._SL500_.jpg" alt="Product Image"></a><p>Aolleteau F1 HEPA Filter Compatible with Dirt Devil Bagless Upright Cleaner Models Extra Lite, Breeze, Featherlite Bagless, Jaguar Bagless,Platinum Force Vision, Scorpion and Vision Bagless (2 Pack)</p><p>$13.99 ($7.00 / Count)</p><a href="https://www.amazon.com/dp/B0BKKL3WRB?tag=eloabder-20&linkCode=osi&th=1&psc=1">View Product</a></div><div class="product"><a href="https://www.amazon.com/dp/B09SG1P4WN?tag=eloabder-20&linkCode=osi&th=1&psc=1"><img src="https://m.media-amazon.com/images/I/51+Mr+Wq5ML._SL500_.jpg" alt="Product Image"></a><p>NEN110A Vacuum Filter, Inlet Frame and Sponge Filter Compatible with Eureka Whirlwind Bagless Canister Vacuum Cleaner, Fits NEN110A, NEN110B, NEN110D(4-Pack)</p><p>$15.99 ($4.00 / Count)</p><a href="https://www.amazon.com/dp/B09SG1P4WN?tag=eloabder-20&linkCode=osi&th=1&psc=1">View Product</a></div>
<div class="product"><a href="https://www.amazon.com/dp/B07GT9VB9X?tag=eloabder-20&linkCode=osi&th=1&psc=1"><img src="https://m.media-amazon.com/images/I/41IokheYtNL._SL500_.jpg" alt="Product Image"></a><p>6 Pack 1940 Bissell Steam Mop Pads for Bissell PowerFresh Steam Mop 1806 1544 1440 2075A 2685A 1940W 19404 Series, Model 19402 19408 1940a 1940f 1940q 1940t B0006 B0017, Part #5938#203-2633</p><p>$16.99 ($2.83 / Count)</p><a href="https://www.amazon.com/dp/B07GT9VB9X?tag=eloabder-20&linkCode=osi&th=1&psc=1">View Product</a></div><div class="product"><a href="https://www.amazon.com/dp/B07H3MYZLD?tag=eloabder-20&linkCode=osi&th=1&psc=1"><img src="https://m.media-amazon.com/images/I/511p6MPxQ0L._SL500_.jpg" alt="Product Image"></a><p>Flammi Steam Pocket Mop Replacement Pads for Shark S3500 Series S3501 S3601 S3550 S3901 SE450 S3801CO S3601D S2901 S2902 Steam Pocket Mop, 4 Pack</p><p>$16.97 ($4.24 / Count)</p><a href="https://www.amazon.com/dp/B07H3MYZLD?tag=eloabder-20&linkCode=osi&th=1&psc=1">View Product</a></div><div class="product"><a href="https://www.amazon.com/dp/B0C8SH97HN?tag=eloabder-20&linkCode=osi&th=1&psc=1"><img src="https://m.media-amazon.com/images/I/31Mex4y7odL._SL500_.jpg" alt="Product Image"></a><p>HOMEXCEL Steam Mop Replacement Pads Compatible with Bissell Powerfresh Steam Mop 1940 1806 1440 1544 Series, Model 19402 19404 19408 2685A 2075A 1940A 1940Q 1940T 1940W, Steam Mop Pads Refills,4 Pack</p><p>$9.99 ($2.50 / Count)</p><a href="https://www.amazon.com/dp/B0C8SH97HN?tag=eloabder-20&linkCode=osi&th=1&psc=1">View Product</a></div><div class="product"><a href="https://www.amazon.com/dp/B0BFWTXS33?tag=eloabder-20&linkCode=osi&th=1&psc=1"><img src="https://m.media-amazon.com/images/I/51pa2h7o0EL._SL500_.jpg" alt="Product Image"></a><p>12 Pack 1940 Steam Mop Replacement Pads for Bissell Powerfresh Steam Mop 1940 1440 1806 1544 2075 2685A 2814 Series, Model 19402 19404 19408 19409 1940A 1940F 1940Q 1940T 1940W B0006 B0017 2075A 15441</p><p>$24.99</p><a href="https://www.amazon.com/dp/B0BFWTXS33?tag=eloabder-20&linkCode=osi&th=1&psc=1">View Product</a></div><div class="product"><a href="https://www.amazon.com/dp/B0CLP5QGTY?tag=eloabder-20&linkCode=osi&th=1&psc=1"><img src="https://m.media-amazon.com/images/I/414HqpKde9L._SL500_.jpg" alt="Product Image"></a><p>10 Pack 1940 1806 2685A Steam Mop Pads For Bissell Powerfresh Steam Mop Deluxe Pet Lift-Off Plus Slim Scrubbing Steam Mop Replacement Pad 1940A 2814 1544A 2075A Power Fresh Steamer Pad Refill Washable</p><p>$22.99 ($2.30 / Count)</p><a href="https://www.amazon.com/dp/B0CLP5QGTY?tag=eloabder-20&linkCode=osi&th=1&psc=1">View Product</a></div><div class="product"><a href="https://www.amazon.com/dp/B078BBKBPV?tag=eloabder-20&linkCode=osi&th=1&psc=1"><img src="https://m.media-amazon.com/images/I/51WcJqtOUIL._SL500_.jpg" alt="Product Image"></a><p>Tidy Monster Steam Mop Replacement Pads Compatible with Bissell Powerfresh Steam Mop 1940 1806 1544 1440 2075A 2685A Series, Part # 5938 & 203-2633, 1606668 & 1606669 (4 Pack Scrub Plush)</p><p>$9.99</p><a href="https://www.amazon.com/dp/B078BBKBPV?tag=eloabder-20&linkCode=osi&th=1&psc=1">View Product</a></div><div class="product"><a href="https://www.amazon.com/dp/B00A6G37SU?tag=eloabder-20&linkCode=osi&th=1&psc=1"><img src="https://m.media-amazon.com/images/I/51xo0LB-SpL._SL500_.jpg" alt="Product Image"></a><p>BISSELL PowerFresh Steam Mop Pads (Pack of 2) with Fragrance discs (4 ct), 5938</p><p>$21.26 ($10.63 / Count)</p><a href="https://www.amazon.com/dp/B00A6G37SU?tag=eloabder-20&linkCode=osi&th=1&psc=1">View Product</a></div>
<div class="product"><a href="https://www.amazon.com/dp/B0D2QFVY7H?tag=eloabder-20&linkCode=osi&th=1&psc=1"><img src="https://m.media-amazon.com/images/I/417B7H+vvML._SL500_.jpg" alt="Product Image"></a><p>Kenmore KS1010 Deep Clean & Revitalize Pet Carpet Cleaner Formula, 64 oz, White, 64 Fl Oz</p><p>$22.73 ($0.36 / Fl Oz)</p><a href="https://www.amazon.com/dp/B0D2QFVY7H?tag=eloabder-20&linkCode=osi&th=1&psc=1">View Product</a></div><div class="product"><a href="https://www.amazon.com/dp/B0BNK8ZJJ1?tag=eloabder-20&linkCode=osi&th=1&psc=1"><img src="https://m.media-amazon.com/images/I/51z0Pc4xcNL._SL500_.jpg" alt="Product Image"></a><p>Bissell Spotlifter Pet Carpet and Upholstery Cleaner with Brush Head - 4 Pack, 93523</p><p>$23.88 ($0.50 / Fl Oz)</p><a href="https://www.amazon.com/dp/B0BNK8ZJJ1?tag=eloabder-20&linkCode=osi&th=1&psc=1">View Product</a></div><div class="product"><a href="https://www.amazon.com/dp/B0CX245D26?tag=eloabder-20&linkCode=osi&th=1&psc=1"><img src="https://m.media-amazon.com/images/I/411CSXvvO1L._SL500_.jpg" alt="Product Image"></a><p>BISSELLÂ® Spot & Stain with Febreze + Gain Original Scent Formula for Little Green Devices, Portable Carpet Cleaners (3968)</p><p>$12.99 ($0.41 / Fl Oz)</p><a href="https://www.amazon.com/dp/B0CX245D26?tag=eloabder-20&linkCode=osi&th=1&psc=1">View Product</a></div><div class="product"><a href="https://www.amazon.com/dp/B083VZW4R5?tag=eloabder-20&linkCode=osi&th=1&psc=1"><img src="https://m.media-amazon.com/images/I/413BULPLmBL._SL500_.jpg" alt="Product Image"></a><p>BISSELL Multi-Surface Pet Formula with Febreze Freshness for Crosswave (80 oz), 2295L</p><p>$22.99 ($0.29 / Fl Oz)</p><a href="https://www.amazon.com/dp/B083VZW4R5?tag=eloabder-20&linkCode=osi&th=1&psc=1">View Product</a></div><div class="product"><a href="https://www.amazon.com/dp/B0D2RGW219?tag=eloabder-20&linkCode=osi&th=1&psc=1"><img src="https://m.media-amazon.com/images/I/41gD+82tnAL._SL500_.jpg" alt="Product Image"></a><p>Vacmaster Clean & Restore Carpet Cleaner Formula â€“ CCS03</p><p>$19.99 ($0.31 / Fl Oz)</p><a href="https://www.amazon.com/dp/B0D2RGW219?tag=eloabder-20&linkCode=osi&th=1&psc=1">View Product</a></div>






<div class="product"><a href="https://www.amazon.com/dp/B0BY64HQTP?tag=eloabder-20&linkCode=osi&th=1&psc=1"><img src="https://m.media-amazon.com/images/I/41hUxHuASYL._SL500_.jpg" alt="Product Image"></a><p>Air Conditioning Motor WZDK13-38G-1(RD-310-13-8) DC Brushless Fan Motor, 13W Inverter air Conditioner Motor DC Motor for Central air Conditioner</p><p>$39.95</p><a href="https://www.amazon.com/dp/B0BY64HQTP?tag=eloabder-20&linkCode=osi&th=1&psc=1">View Product</a></div><div class="product"><a href="https://www.amazon.com/dp/B0CM5YB884?tag=eloabder-20&linkCode=osi&th=1&psc=1"><img src="https://m.media-amazon.com/images/I/310lQ2tAvLL._SL500_.jpg" alt="Product Image"></a><p>Sparkfix OEM WZDK20-38G (ZKFP-20-8-6) Air Conditioner Replacement Motors DC280V 20W Air Conditioning Fan Motor Inverter Air Conditioner Brushless DC Motor 1300RPM CCW</p><p>$42.79</p><a href="https://www.amazon.com/dp/B0CM5YB884?tag=eloabder-20&linkCode=osi&th=1&psc=1">View Product</a></div>













<div class="product"><a href="https://www.amazon.com/dp/B009PCI2JU?tag=eloabder-20&linkCode=osi&th=1&psc=1"><img src="https://m.media-amazon.com/images/I/310ZJurANUL._SL500_.jpg" alt="Product Image"></a><p>GE RPWFE Refrigerator Water Filter | Certified to Reduce Lead, Sulfur, and 50+ Other Impurities | Replace Every 6 Months for Best Results | Pack of 1</p><p>$49.98</p><a href="https://www.amazon.com/dp/B009PCI2JU?tag=eloabder-20&linkCode=osi&th=1&psc=1">View Product</a></div><div class="product"><a href="https://www.amazon.com/dp/B0882ZJ48W?tag=eloabder-20&linkCode=osi&th=1&psc=1"><img src="https://m.media-amazon.com/images/I/41110o9sUoL._SL500_.jpg" alt="Product Image"></a><p>GE XWFE Refrigerator Water Filter | Certified to Reduce Lead, Sulfur, and 50+ Other Impurities | Replace Every 6 Months for Best Results | Pack of 1, White</p><p>$49.00</p><a href="https://www.amazon.com/dp/B0882ZJ48W?tag=eloabder-20&linkCode=osi&th=1&psc=1">View Product</a></div><div class="product"><a href="https://www.amazon.com/dp/B074HLRXMP?tag=eloabder-20&linkCode=osi&th=1&psc=1"><img src="https://m.media-amazon.com/images/I/21oDpGCQXiL._SL500_.jpg" alt="Product Image"></a><p>LG LT1000P - 6 Month / 200 Gallon Capacity Replacement Refrigerator Water Filter (NSF42, NSF53, and NSF401) ADQ74793501, ADQ75795105, or AGF80300704 , White</p><p>$47.00</p><a href="https://www.amazon.com/dp/B074HLRXMP?tag=eloabder-20&linkCode=osi&th=1&psc=1">View Product</a></div><div class="product"><a href="https://www.amazon.com/dp/B01BKWSHHE?tag=eloabder-20&linkCode=osi&th=1&psc=1"><img src="https://m.media-amazon.com/images/I/31E2+zlkvjL._SL500_.jpg" alt="Product Image"></a><p>Frigidaire EPTWFU01 Water Filtration Filter, 1 Count, White</p><p>$42.99</p><a href="https://www.amazon.com/dp/B01BKWSHHE?tag=eloabder-20&linkCode=osi&th=1&psc=1">View Product</a></div><div class="product"><a href="https://www.amazon.com/dp/B08V6JB9R7?tag=eloabder-20&linkCode=osi&th=1&psc=1"><img src="https://m.media-amazon.com/images/I/31PRPEffCZL._SL500_.jpg" alt="Product Image"></a><p>Frigidaire FPPWFU01 PurePour PWF-1 Water Filter 1 Count (Pack of 1)</p><p>$45.81</p><a href="https://www.amazon.com/dp/B08V6JB9R7?tag=eloabder-20&linkCode=osi&th=1&psc=1">View Product</a></div><div class="product"><a href="https://www.amazon.com/dp/B000AST3AK?tag=eloabder-20&linkCode=osi&th=1&psc=1"><img src="https://m.media-amazon.com/images/I/41DUoSxpwTS._SL500_.jpg" alt="Product Image"></a><p>GE MWF Refrigerator Water Filter | Certified to Reduce Lead, Sulfur, and 50+ Other Impurities | Replace Every 6 Months for Best Results | Pack of 1</p><p>$39.98</p><a href="https://www.amazon.com/dp/B000AST3AK?tag=eloabder-20&linkCode=osi&th=1&psc=1">View Product</a></div><div class="product"><a href="https://www.amazon.com/dp/B0CFZR7K8D?tag=eloabder-20&linkCode=osi&th=1&psc=1"><img src="https://m.media-amazon.com/images/I/31WM5sdhKLL._SL500_.jpg" alt="Product Image"></a><p>HMASAV W10295370A water filter replacement, Compatible with EDR1RXD1,EDR1RXD1B,W10295370,Filter 1,WHR1RXD1,KAD1RXD1,P4RFWB,P8RFWB2L,46-9930,46-9081 2PACK</p><p>$29.99 ($15.00 / Count)</p><a href="https://www.amazon.com/dp/B0CFZR7K8D?tag=eloabder-20&linkCode=osi&th=1&psc=1">View Product</a></div><div class="product"><a href="https://www.amazon.com/dp/B07JM9TTTT?tag=eloabder-20&linkCode=osi&th=1&psc=1"><img src="https://m.media-amazon.com/images/I/41CfAtJ8TPL._SL500_.jpg" alt="Product Image"></a><p>GLACIER FRESH LT1000PC Replacement Water Filter, Compatible with LT1000PC/PCS, LT1000PC, LT-1000PC, MDJ64844601, ADQ747935 ADQ74793504 Filter and LT120F ADQ73334008 Fresh Air (3+3)</p><p>$39.99 ($13.33 / Count)</p><a href="https://www.amazon.com/dp/B07JM9TTTT?tag=eloabder-20&linkCode=osi&th=1&psc=1">View Product</a></div><div class="product"><a href="https://www.amazon.com/dp/B003N1ZSYG?tag=eloabder-20&linkCode=osi&th=1&psc=1"><img src="https://m.media-amazon.com/images/I/31Mbrkrxu1L._SL500_.jpg" alt="Product Image"></a><p>SAMSUNG Genuine Filter for Refrigerator Water and Ice, Carbon Block Filtration for Clean, Clear Drinking Water, 6-Month Life, HAF-CIN/EXP, 1 Pack</p><p>$39.99</p><a href="https://www.amazon.com/dp/B003N1ZSYG?tag=eloabder-20&linkCode=osi&th=1&psc=1">View Product</a></div>









<div class="product"><a href="https://www.amazon.com/dp/B0B2NZ47HN?tag=eloabder-20&linkCode=osi&th=1&psc=1"><img src="https://m.media-amazon.com/images/I/41nC6c2XxJL._SL500_.jpg" alt="Product Image"></a><p>OTE Portable Sparkling Water Maker Soda Maker Machine for home with 20PCS Cylinders 450ml Personal seltzer Carbonators Electroless Double Layer PET Bottle BPA Free Double Pressure Relief Valves -Pink</p><p>$49.99</p><a href="https://www.amazon.com/dp/B0B2NZ47HN?tag=eloabder-20&linkCode=osi&th=1&psc=1">View Product</a></div><div class="product"><a href="https://www.amazon.com/dp/B09DY54L7M?tag=eloabder-20&linkCode=osi&th=1&psc=1"><img src="https://m.media-amazon.com/images/I/31LSpnm3G8L._SL500_.jpg" alt="Product Image"></a><p>MOSOLAN Bottle Cleaning Brush, 17 Inches Extra Long Handle Water Bottle Brush, Flexible Bendable Cleaner for Washing Narrow Neck Bottles, Wine Decanter, Kombucha, Pipes, Beer Brewing Supplies, 2 Pack</p><p>$11.95 ($5.98 / Count)</p><a href="https://www.amazon.com/dp/B09DY54L7M?tag=eloabder-20&linkCode=osi&th=1&psc=1">View Product</a></div><div class="product"><a href="https://www.amazon.com/dp/B0736CBNDN?tag=eloabder-20&linkCode=osi&th=1&psc=1"><img src="https://m.media-amazon.com/images/I/41tWXmwP5KL._SL500_.jpg" alt="Product Image"></a><p>#2 Filter Pads (10 Pack Bulk) Compatible with Mini Jet Machine | #2 1.8-2.5 micron | 2 Micron Filtering pads. Filter Wine Beer, Kombucha, Mead Mash. Polishing filtration| Not a Buon Vino product.</p><p>$18.99</p><a href="https://www.amazon.com/dp/B0736CBNDN?tag=eloabder-20&linkCode=osi&th=1&psc=1">View Product</a></div>









<div class="product"><a href="https://www.amazon.com/dp/B07YGN577Y?tag=eloabder-20&linkCode=osi&th=1&psc=1"><img src="https://m.media-amazon.com/images/I/31kfZiyDMUL._SL500_.jpg" alt="Product Image"></a><p>9870163 Trash Power Nut WP9870163 L8</p><p>$50.36</p><a href="https://www.amazon.com/dp/B07YGN577Y?tag=eloabder-20&linkCode=osi&th=1&psc=1">View Product</a></div>

<div class="product"><a href="https://www.amazon.com/dp/B0CWQLM4C7?tag=eloabder-20&linkCode=osi&th=1&psc=1"><img src="https://m.media-amazon.com/images/I/41gTEIOjtlL._SL500_.jpg" alt="Product Image"></a><p>7" Seven Seconds Lazy Kitchen Food Making Tools - Multifunctional Fruit Vegetable Chopper Quick Garlic Peeling Machine Convenient Food Chopper for Slicing,Juice,Grinding</p><p>$32.99</p><a href="https://www.amazon.com/dp/B0CWQLM4C7?tag=eloabder-20&linkCode=osi&th=1&psc=1">View Product</a></div>







<div class="product"><a href="https://www.amazon.com/dp/B0CNKFM9WR?tag=eloabder-20&linkCode=osi&th=1&psc=1"><img src="https://m.media-amazon.com/images/I/31sGGIDic9L._SL500_.jpg" alt="Product Image"></a><p>hobbyme Pack of 4 Plastic Coffee Scoops with Brush & Espresso Grinder Brush for Ground Coffee Cleaning Tea Power Coffee Grinder Spoon</p><p>$6.49</p><a href="https://www.amazon.com/dp/B0CNKFM9WR?tag=eloabder-20&linkCode=osi&th=1&psc=1">View Product</a></div>





<div class="product"><a href="https://www.amazon.com/dp/B07798328B?tag=eloabder-20&linkCode=osi&th=1&psc=1"><img src="https://m.media-amazon.com/images/I/31Vpin+sgUS._SL500_.jpg" alt="Product Image"></a><p>Prime-Line MP10513 Standard Plastic Ice Cube Trays (5 Pack)</p><p>$12.69</p><a href="https://www.amazon.com/dp/B07798328B?tag=eloabder-20&linkCode=osi&th=1&psc=1">View Product</a></div><div class="product"><a href="https://www.amazon.com/dp/B077965JDB?tag=eloabder-20&linkCode=osi&th=1&psc=1"><img src="https://m.media-amazon.com/images/I/31H1hNlH6RL._SL500_.jpg" alt="Product Image"></a><p>Prime-Line MP10863 Standard Plastic Ice Cube Trays (2 Pack)</p><p>$9.69</p><a href="https://www.amazon.com/dp/B077965JDB?tag=eloabder-20&linkCode=osi&th=1&psc=1">View Product</a></div>

<div class="product"><a href="https://www.amazon.com/dp/B08MPLY84K?tag=eloabder-20&linkCode=osi&th=1&psc=1"><img src="https://m.media-amazon.com/images/I/31kWTfzQJBL._SL500_.jpg" alt="Product Image"></a><p>Syntus Vacuum Sealer Bags, 6 Pack 3 Rolls 11" x 20' and 3 Rolls 8" x 20' Commercial Grade BPA Free Bag Rolls, Food Vac Bags for Storage, Meal Prep or Sous Vide</p><p>$19.99</p><a href="https://www.amazon.com/dp/B08MPLY84K?tag=eloabder-20&linkCode=osi&th=1&psc=1">View Product</a></div><div class="product"><a href="https://www.amazon.com/dp/B0C5BWRMQL?tag=eloabder-20&linkCode=osi&th=1&psc=1"><img src="https://m.media-amazon.com/images/I/41yPpkb6oeL._SL500_.jpg" alt="Product Image"></a><p>Bonsenkitchen Vacuum Sealer Rolls Bags, 6 Pack 3 Rolls 11" x 20' + 3 Rolls 8" x 20' Commercial Grade BPA Free Bag Rolls, Durable Customized Size Food Vac Bags for Storage and Sous Vide Cooking VB3211</p><p>$19.99 ($3.33 / Count)</p><a href="https://www.amazon.com/dp/B0C5BWRMQL?tag=eloabder-20&linkCode=osi&th=1&psc=1">View Product</a></div><div class="product"><a href="https://www.amazon.com/dp/B0C5C1JTC4?tag=eloabder-20&linkCode=osi&th=1&psc=1"><img src="https://m.media-amazon.com/images/I/31JpyYsm7YL._SL500_.jpg" alt="Product Image"></a><p>Bonsenkitchen Vacuum Food Sealer Bags 200 Quart 8" x 12", BPA Free, Commercial Grade Textured Food Vacuum Sealer Bag, Thick Embossed Bags for Food Storage and Sous Vide Cooking VB3208</p><p>$18.39 ($0.09 / Count)</p><a href="https://www.amazon.com/dp/B0C5C1JTC4?tag=eloabder-20&linkCode=osi&th=1&psc=1">View Product</a></div><div class="product"><a href="https://www.amazon.com/dp/B07TMZDGQ1?tag=eloabder-20&linkCode=osi&th=1&psc=1"><img src="https://m.media-amazon.com/images/I/31cRCu-JIsL._SL500_.jpg" alt="Product Image"></a><p>Wevac Vacuum Sealer Bags 11x50 Rolls 2 pack for Food Saver, Seal a Meal, Weston. Commercial Grade, BPA Free, Heavy Duty, Great for vac storage, Meal Prep or Sous Vide</p><p>$20.99 ($0.21 / Count)</p><a href="https://www.amazon.com/dp/B07TMZDGQ1?tag=eloabder-20&linkCode=osi&th=1&psc=1">View Product</a></div><div class="product"><a href="https://www.amazon.com/dp/B07TV4KRCL?tag=eloabder-20&linkCode=osi&th=1&psc=1"><img src="https://m.media-amazon.com/images/I/31uv3qtc9bL._SL500_.jpg" alt="Product Image"></a><p>Wevac Vacuum Sealer Bags 100 Gallon 11x16 Inch for Food Saver, Seal a Meal, Weston. Commercial Grade, BPA Free, Heavy Duty, Great for vac storage, Meal Prep and Sous Vide</p><p>$21.24</p><a href="https://www.amazon.com/dp/B07TV4KRCL?tag=eloabder-20&linkCode=osi&th=1&psc=1">View Product</a></div>


<div class="product"><a href="https://www.amazon.com/dp/B093G5XCVF?tag=eloabder-20&linkCode=osi&th=1&psc=1"><img src="https://m.media-amazon.com/images/I/313Cq6ASf0S._SL500_.jpg" alt="Product Image"></a><p>2 Multipurpose Pastry Brush Basting & Coffee Grinders Cleaning Brush Wooden Handle Natural Boar Bristles Baking Cooking Sauce egg wash Bakery Supply Espresso Bean Barista</p><p>$7.21</p><a href="https://www.amazon.com/dp/B093G5XCVF?tag=eloabder-20&linkCode=osi&th=1&psc=1">View Product</a></div><div class="product"><a href="https://www.amazon.com/dp/B07JGRYG31?tag=eloabder-20&linkCode=osi&th=1&psc=1"><img src="https://m.media-amazon.com/images/I/31nd-jhgzdL._SL500_.jpg" alt="Product Image"></a><p>Coffee Grinder Cleaning Brush + Coffee Brush Wood Handle & Natural Bristles Pastry Brush</p><p>$5.99</p><a href="https://www.amazon.com/dp/B07JGRYG31?tag=eloabder-20&linkCode=osi&th=1&psc=1">View Product</a></div><div class="product"><a href="https://www.amazon.com/dp/B0C53G4T7X?tag=eloabder-20&linkCode=osi&th=1&psc=1"><img src="https://m.media-amazon.com/images/I/21Hrgmpj8YL._SL500_.jpg" alt="Product Image"></a><p>Leadigol Cleaning Tool Coffee Machine Home Pastry Brush Multifunctional Wooden Handle Baking Soft Bristles Coffee Grinder Brush</p><p>$7.99</p><a href="https://www.amazon.com/dp/B0C53G4T7X?tag=eloabder-20&linkCode=osi&th=1&psc=1">View Product</a></div><div class="product"><a href="https://www.amazon.com/dp/B07W5WM2LF?tag=eloabder-20&linkCode=osi&th=1&psc=1"><img src="https://m.media-amazon.com/images/I/41-7fWE9tSL._SL500_.jpg" alt="Product Image"></a><p>Redecker Waffle Machine Brush with Oiled Beechwood Handle, Stiff Heat-resistant Tampico Fiber Bristles, 6-1/2 inches, Made in Germany</p><p>$21.99</p><a href="https://www.amazon.com/dp/B07W5WM2LF?tag=eloabder-20&linkCode=osi&th=1&psc=1">View Product</a></div>















<div class="product"><a href="https://www.amazon.com/dp/B00UTFZAII?tag=eloabder-20&linkCode=osi&th=1&psc=1"><img src="https://m.media-amazon.com/images/I/31z7hZ6KbXL._SL500_.jpg" alt="Product Image"></a><p>Miele 10123210 AirClean 3D Efficiency Dust Bag, Type GN, 4 Bags & 2 Filters, White</p><p>$21.86 ($21.86 / Count)</p><a href="https://www.amazon.com/dp/B00UTFZAII?tag=eloabder-20&linkCode=osi&th=1&psc=1">View Product</a></div><div class="product"><a href="https://www.amazon.com/dp/B07WHG6J5S?tag=eloabder-20&linkCode=osi&th=1&psc=1"><img src="https://m.media-amazon.com/images/I/41hnaEOxB9L._SL500_.jpg" alt="Product Image"></a><p>KEEPOW Vacuum Filters for Eureka, Power Speed Vacuum Filters Replacement for Eureka NEU182A, NEU182B, NEU280, NEU180, NEU181, NEU188, NEU202 Bagless Upright Vacuum Cleaner, Part E0202 (4 Pack)</p><p>$9.99 ($2.50 / Count)</p><a href="https://www.amazon.com/dp/B07WHG6J5S?tag=eloabder-20&linkCode=osi&th=1&psc=1">View Product</a></div><div class="product"><a href="https://www.amazon.com/dp/B00UTFZB82?tag=eloabder-20&linkCode=osi&th=1&psc=1"><img src="https://m.media-amazon.com/images/I/41WdlL5T0dL._SL500_.jpg" alt="Product Image"></a><p>Miele AirClean 3D Efficiency Dust Bag, Type FJM, 4 Bags & 2 Filters, White</p><p>$18.99</p><a href="https://www.amazon.com/dp/B00UTFZB82?tag=eloabder-20&linkCode=osi&th=1&psc=1">View Product</a></div><div class="product"><a href="https://www.amazon.com/dp/B09NKP346M?tag=eloabder-20&linkCode=osi&th=1&psc=1"><img src="https://m.media-amazon.com/images/I/41o25nqkODL._SL500_.jpg" alt="Product Image"></a><p>Anewise 6 Pack Filter Replacement for Bissell Powerforce Compact Lightweight Upright 2112 1520 for Bissel Turbo Bagless 2690 Cleanview 3437 3508 Vacuum Cleaner, Compare to Parts #1604896/160-4896</p><p>$12.99</p><a href="https://www.amazon.com/dp/B09NKP346M?tag=eloabder-20&linkCode=osi&th=1&psc=1">View Product</a></div><div class="product"><a href="https://www.amazon.com/dp/B01MQ5NITB?tag=eloabder-20&linkCode=osi&th=1&psc=1"><img src="https://m.media-amazon.com/images/I/41J6lG4H1bL._SL500_.jpg" alt="Product Image"></a><p>Bissell Style 7 3 Pack Vacuum Cleaner Bags, White, 3 Count</p><p>$8.69 ($2.90 / Count)</p><a href="https://www.amazon.com/dp/B01MQ5NITB?tag=eloabder-20&linkCode=osi&th=1&psc=1">View Product</a></div><div class="product"><a href="https://www.amazon.com/dp/B0CDH1JY5D?tag=eloabder-20&linkCode=osi&th=1&psc=1"><img src="https://m.media-amazon.com/images/I/516DPXu4siL._SL500_.jpg" alt="Product Image"></a><p>4 Pack Replacement Filters Compatiable with Wyze Cordless Vacuum Cleaner, Removable and Washable HEPA Filter Accessories Part Set with 1 Cleaning Brush for Wyze Handheld Cordless Vacuum Cleaner</p><p>$15.99 ($4.00 / Count)</p><a href="https://www.amazon.com/dp/B0CDH1JY5D?tag=eloabder-20&linkCode=osi&th=1&psc=1">View Product</a></div><div class="product"><a href="https://www.amazon.com/dp/B07P3WB37F?tag=eloabder-20&linkCode=osi&th=1&psc=1"><img src="https://m.media-amazon.com/images/I/51WaYrkiVXL._SL500_.jpg" alt="Product Image"></a><p>Miele AirClean 3D Efficiency Dust Bag, Type GN, XL Value Pack, 8 Bags and 4 Filters</p><p>$36.99</p><a href="https://www.amazon.com/dp/B07P3WB37F?tag=eloabder-20&linkCode=osi&th=1&psc=1">View Product</a></div><div class="product"><a href="https://www.amazon.com/dp/B09DSY4Z2T?tag=eloabder-20&linkCode=osi&th=1&psc=1"><img src="https://m.media-amazon.com/images/I/51+ref3EeAL._SL500_.jpg" alt="Product Image"></a><p>Filter Replacement for Tineco A10 A11 Hero A10/A11 Master PURE ONE S11 Series, S12, X Cordless Vacuum Cleaner (3 PACK) â€¦</p><p>$12.99 ($4.33 / Count)</p><a href="https://www.amazon.com/dp/B09DSY4Z2T?tag=eloabder-20&linkCode=osi&th=1&psc=1">View Product</a></div>


<div class="product"><a href="https://www.amazon.com/dp/B0BXRR5QFV?tag=eloabder-20&linkCode=osi&th=1&psc=1"><img src="https://m.media-amazon.com/images/I/41sjdBkCp8L._SL500_.jpg" alt="Product Image"></a><p>AC Infinity CLOUDFORGE T7, Plant Humidifier 15L with VPD Humidity Controls, 10-Level Precision Vaporizer, Extendable Hose, Targeting Pipe, and No-Leak Seal for Grow Tents</p><p>$159.00</p><a href="https://www.amazon.com/dp/B0BXRR5QFV?tag=eloabder-20&linkCode=osi&th=1&psc=1">View Product</a></div><div class="product"><a href="https://www.amazon.com/dp/B01N6MV8SA?tag=eloabder-20&linkCode=osi&th=1&psc=1"><img src="https://m.media-amazon.com/images/I/41hX08+W1xL._SL500_.jpg" alt="Product Image"></a><p>Protec Humidifier Tank Cleaner, 1 Count - Colors May Vary</p><p>$5.98</p><a href="https://www.amazon.com/dp/B01N6MV8SA?tag=eloabder-20&linkCode=osi&th=1&psc=1">View Product</a></div><div class="product"><a href="https://www.amazon.com/dp/B07GXBTH82?tag=eloabder-20&linkCode=osi&th=1&psc=1"><img src="https://m.media-amazon.com/images/I/41ibxK12JPL._SL500_.jpg" alt="Product Image"></a><p>Essick Air 1970-2 Humidifier, 2-Quart Bacteriostatic Treatment, 2 Pack, Clear, 2</p><p>$22.99</p><a href="https://www.amazon.com/dp/B07GXBTH82?tag=eloabder-20&linkCode=osi&th=1&psc=1">View Product</a></div><div class="product"><a href="https://www.amazon.com/dp/B08TTT3K9B?tag=eloabder-20&linkCode=osi&th=1&psc=1"><img src="https://m.media-amazon.com/images/I/41U6j9SexmL._SL500_.jpg" alt="Product Image"></a><p>Leemone Humidifier Cleaner 12 Pack, Demineralization Cleaning Ball, Works in All humidifiers and Fish Tanks, Purifies Water, Prevents Hard Water Build-Up, Eliminates White Dust and Odor</p><p>$14.44</p><a href="https://www.amazon.com/dp/B08TTT3K9B?tag=eloabder-20&linkCode=osi&th=1&psc=1">View Product</a></div>
<div class="product"><a href="https://www.amazon.com/dp/B07YD4XCT3?tag=eloabder-20&linkCode=osi&th=1&psc=1"><img src="https://m.media-amazon.com/images/I/41hR81iKyJL._SL500_.jpg" alt="Product Image"></a><p>Vacplus Moisture Absorber Packets, Fragrance Free(10 Pack), Humidity Packs, Hanging Closet Dehumidifier Bags, Desiccant 9.8OZ</p><p>$21.99</p><a href="https://www.amazon.com/dp/B07YD4XCT3?tag=eloabder-20&linkCode=osi&th=1&psc=1">View Product</a></div><div class="product"><a href="https://www.amazon.com/dp/B09LQF5V5K?tag=eloabder-20&linkCode=osi&th=1&psc=1"><img src="https://m.media-amazon.com/images/I/51Cx5ECAotL._SL500_.jpg" alt="Product Image"></a><p>CLEVAST Moisture Absorbers Packets 10 Pack, Dehumidifier Bags for Closet, Unscented Hanging Humidity Absorber in Wardrobes, Bedrooms, Bathrooms(230g/pack)</p><p>$16.98</p><a href="https://www.amazon.com/dp/B09LQF5V5K?tag=eloabder-20&linkCode=osi&th=1&psc=1">View Product</a></div><div class="product"><a href="https://www.amazon.com/dp/B0B8L9QRW8?tag=eloabder-20&linkCode=osi&th=1&psc=1"><img src="https://m.media-amazon.com/images/I/518LgtpPi8L._SL500_.jpg" alt="Product Image"></a><p>Arm & Hammer Essentials Disposable Moisture Absorber and Odor Eliminator Tub, Fragrance Free, 1 lb, 3-Pack, Attracts and Traps Excess Moisture, Ideal Closet Dehumidifier, White</p><p>$24.94 ($0.52 / Ounce)</p><a href="https://www.amazon.com/dp/B0B8L9QRW8?tag=eloabder-20&linkCode=osi&th=1&psc=1">View Product</a></div><div class="product"><a href="https://www.amazon.com/dp/B09W9TPJGZ?tag=eloabder-20&linkCode=osi&th=1&psc=1"><img src="https://m.media-amazon.com/images/I/51pVTVMwHbL._SL500_.jpg" alt="Product Image"></a><p>THECOSKY Dehumidifier and Air Purifier Combo,HEPA H13 Filter and Negative Air Ion Function,54oz(1.6L) Water Tank with Drain Hose,24hrs Auto-Off Timer,Idea for Bedroom,Bathroom,Closet,RV</p><p>$109.99</p><a href="https://www.amazon.com/dp/B09W9TPJGZ?tag=eloabder-20&linkCode=osi&th=1&psc=1">View Product</a></div><div class="product"><a href="https://www.amazon.com/dp/B0CXDG65LZ?tag=eloabder-20&linkCode=osi&th=1&psc=1"><img src="https://m.media-amazon.com/images/I/41HNflmbKHL._SL500_.jpg" alt="Product Image"></a><p>14 x 17.5 x1.75 MERV 13 Replacement Dehumidifier Filter Compatible with Santa Fe Advance90, Advance100, Advance120, Honeywell DR90 & DR120 dehumidifier models, 2 Pack</p><p>$42.99</p><a href="https://www.amazon.com/dp/B0CXDG65LZ?tag=eloabder-20&linkCode=osi&th=1&psc=1">View Product</a></div>
<div class="product"><a href="https://www.amazon.com/dp/B088B921NQ?tag=eloabder-20&linkCode=osi&th=1&psc=1"><img src="https://m.media-amazon.com/images/I/612e4cT3RYL._SL500_.jpg" alt="Product Image"></a><p>ULTTY H13 HEPA Replacement Filter with Medical Coating, True HEPA Filter For R021/ R020 Purifying Fan, Medium</p><p>$29.99</p><a href="https://www.amazon.com/dp/B088B921NQ?tag=eloabder-20&linkCode=osi&th=1&psc=1">View Product</a></div><div class="product"><a href="https://www.amazon.com/dp/B0D2MZ4Y7Z?tag=eloabder-20&linkCode=osi&th=1&psc=1"><img src="https://m.media-amazon.com/images/I/51KgTHizWyL._SL500_.jpg" alt="Product Image"></a><p>Butto 5-Pack Ceiling Fan Filters for Blades - Strong Adhesive Ceiling Fan Filters for Common Household Contaminants - Unscented Coconut Carbon Fan Air Purifier Pads to Make Air Fresh and Natural</p><p>$9.98</p><a href="https://www.amazon.com/dp/B0D2MZ4Y7Z?tag=eloabder-20&linkCode=osi&th=1&psc=1">View Product</a></div><div class="product"><a href="https://www.amazon.com/dp/B0C42HCM21?tag=eloabder-20&linkCode=osi&th=1&psc=1"><img src="https://m.media-amazon.com/images/I/31jk3lpoygL._SL500_.jpg" alt="Product Image"></a><p>Barnakl Ceiling Fan Filters | Activated Coconut Shell Carbon Filter | Easy-Stick Universal Ceiling Fan Air Filters | Unscented Ceiling Fan Blade Filters for Common Household Contaminants, (3-Count)</p><p>$19.99 ($6.66 / Count)</p><a href="https://www.amazon.com/dp/B0C42HCM21?tag=eloabder-20&linkCode=osi&th=1&psc=1">View Product</a></div>
<div class="product"><a href="https://www.amazon.com/dp/B08LZWP29P?tag=eloabder-20&linkCode=osi&th=1&psc=1"><img src="https://m.media-amazon.com/images/I/41NLuzzFW9L._SL500_.jpg" alt="Product Image"></a><p>Chromex Tankless Water Heater Descaling Solution | Highly Effective Descaler Restores Heating Efficiency, Quart, 32 fl oz (1)</p><p>$26.99</p><a href="https://www.amazon.com/dp/B08LZWP29P?tag=eloabder-20&linkCode=osi&th=1&psc=1">View Product</a></div>

<div class="product"><a href="https://www.amazon.com/dp/B005UO4OWQ?tag=eloabder-20&linkCode=osi&th=1&psc=1"><img src="https://m.media-amazon.com/images/I/41oQPKFofoL._SL500_.jpg" alt="Product Image"></a><p>Bissell 203-7458 Brushroll, Bg10/86T3, Black</p><p>$21.26 ($21.26 / Count)</p><a href="https://www.amazon.com/dp/B005UO4OWQ?tag=eloabder-20&linkCode=osi&th=1&psc=1">View Product</a></div>





















<div class="product"><a href="https://www.amazon.com/dp/B0014J7FUY?tag=eloabder-20&linkCode=osi&th=1&psc=1"><img src="https://m.media-amazon.com/images/I/31QrM+IPxOL._SL500_.jpg" alt="Product Image"></a><p>Urnex Grindz Professional Coffee Grinder Cleaning Tablets - 430 Grams - All Natural Food Safe Gluten Free - Cleans Burr and Casing - Help Extend Life of Your Grinder</p><p>$25.99 ($1.71 / Ounce)</p><a href="https://www.amazon.com/dp/B0014J7FUY?tag=eloabder-20&linkCode=osi&th=1&psc=1">View Product</a></div>



<div class="product"><a href="https://www.amazon.com/dp/B0CHW317SG?tag=eloabder-20&linkCode=osi&th=1&psc=1"><img src="https://m.media-amazon.com/images/I/41Qd5Iu3qBL._SL500_.jpg" alt="Product Image"></a><p>EUHOMY 55 Can Beverage Refrigerator cooler-Mini Fridge Glass Door for Beer Drinks Wines, Freestanding Beverage Fridge with Adjustable Shelves Blue LED for Home/Office/Dorm/Bar (1.3cu.ft)</p><p>$128.99</p><a href="https://www.amazon.com/dp/B0CHW317SG?tag=eloabder-20&linkCode=osi&th=1&psc=1">View Product</a></div>

<div class="product"><a href="https://www.amazon.com/dp/B099CN2MRK?tag=eloabder-20&linkCode=osi&th=1&psc=1"><img src="https://m.media-amazon.com/images/I/31CvUCIUX5L._SL500_.jpg" alt="Product Image"></a><p>Genuine PuroAir 240 Replacement Filter - Replacement HEPA Filter for PuroAir 240 Purifier - Captures up to 99% of Pollen, Smoke, Pollen, Dust and Common Household Pollutants</p><p>$48.00</p><a href="https://www.amazon.com/dp/B099CN2MRK?tag=eloabder-20&linkCode=osi&th=1&psc=1">View Product</a></div><div class="product"><a href="https://www.amazon.com/dp/B0055521W0?tag=eloabder-20&linkCode=osi&th=1&psc=1"><img src="https://m.media-amazon.com/images/I/41Hs7ixdyXL._SL500_.jpg" alt="Product Image"></a><p>GermGuardian Filter B HEPA Pure Genuine Air Purifier Replacement Filter, Removes 99.97% of Pollutants for AC4825, AC4300, AC4900, AC4825DLX, AC4850, CDAP4500, AP2200, Black/Yellow, FLT4825</p><p>$17.90 ($17.90 / Count)</p><a href="https://www.amazon.com/dp/B0055521W0?tag=eloabder-20&linkCode=osi&th=1&psc=1">View Product</a></div><div class="product"><a href="https://www.amazon.com/dp/B0BNMYKZPV?tag=eloabder-20&linkCode=osi&th=1&psc=1"><img src="https://m.media-amazon.com/images/I/41-K3mB6KkL._SL500_.jpg" alt="Product Image"></a><p>2 Pack True HEPA KILO Filter Compatible with Afloia KILO, KILOPLUS, KILOPRO, MIRO,MIRO PRO and MORENTO MR-Kilo, Kalo Air Purifier, 360Â° 3-Stage Filtration</p><p>$34.99 ($17.50 / Count)</p><a href="https://www.amazon.com/dp/B0BNMYKZPV?tag=eloabder-20&linkCode=osi&th=1&psc=1">View Product</a></div><div class="product"><a href="https://www.amazon.com/dp/B0D3M4Y9W7?tag=eloabder-20&linkCode=osi&th=1&psc=1"><img src="https://m.media-amazon.com/images/I/41tzW+mkZuL._SL500_.jpg" alt="Product Image"></a><p>Breshair 14 True HEPA Filter Replacement Compatible with PuroAir 240 Air Purifier, 3-in-1 Filtration System with Activated Carbon Filter, 2-Pack</p><p>$31.56 ($15.78 / Count)</p><a href="https://www.amazon.com/dp/B0D3M4Y9W7?tag=eloabder-20&linkCode=osi&th=1&psc=1">View Product</a></div><div class="product"><a href="https://www.amazon.com/dp/B0CB18MVX6?tag=eloabder-20&linkCode=osi&th=1&psc=1"><img src="https://m.media-amazon.com/images/I/519ZmmLOrzL._SL500_.jpg" alt="Product Image"></a><p>2 Pack 3-in-1 H13 True HEPA Replacement Filter Compatible with Pure Enrichment PureZone Air Purifier Part# PEAIRPLG</p><p>$23.99 ($12.00 / Count)</p><a href="https://www.amazon.com/dp/B0CB18MVX6?tag=eloabder-20&linkCode=osi&th=1&psc=1">View Product</a></div><div class="product"><a href="https://www.amazon.com/dp/B08JTZMRML?tag=eloabder-20&linkCode=osi&th=1&psc=1"><img src="https://m.media-amazon.com/images/I/51yx60sCjHL._SL500_.jpg" alt="Product Image"></a><p>6 Pack HPA300 HEPA Filter Replacement for Honeywell HPA300 Series Air Purifiers HPA300, HPA300VP, HPA304, HPA3300, Replace HRF-R3 (6 Ture HEPA R Replacement Filter + 8 Activated Carbon Pre-Filter)</p><p>$47.99 ($3.43 / Count)</p><a href="https://www.amazon.com/dp/B08JTZMRML?tag=eloabder-20&linkCode=osi&th=1&psc=1">View Product</a></div><div class="product"><a href="https://www.amazon.com/dp/B0CF1GLSYS?tag=eloabder-20&linkCode=osi&th=1&psc=1"><img src="https://m.media-amazon.com/images/I/41709EXRzXL._SL500_.jpg" alt="Product Image"></a><p>CHIVALZ 4 Pack HY4866 True HEPA Replacement Filters Compatible with MORENTO HY4866 Air Purifier, WESTHEY HY4866 Air Purifier and YIOU M1 Air Cleaner Purifier, Original Version</p><p>$39.99 ($10.00 / Count)</p><a href="https://www.amazon.com/dp/B0CF1GLSYS?tag=eloabder-20&linkCode=osi&th=1&psc=1">View Product</a></div>







<div class="product"><a href="https://www.amazon.com/dp/B0CYKMFKR9?tag=eloabder-20&linkCode=osi&th=1&psc=1"><img src="https://m.media-amazon.com/images/I/316zU-ozoxL._SL500_.jpg" alt="Product Image"></a><p>Air Purifier Replacement Filter for Space Heater Bladeless Fan</p><p>$29.99</p><a href="https://www.amazon.com/dp/B0CYKMFKR9?tag=eloabder-20&linkCode=osi&th=1&psc=1">View Product</a></div>
<div class="product"><a href="https://www.amazon.com/dp/B07MRH6VY7?tag=eloabder-20&linkCode=osi&th=1&psc=1"><img src="https://m.media-amazon.com/images/I/51g-nuN4A5L._SL500_.jpg" alt="Product Image"></a><p>Colorfullife Replacement Air Purifier Filter for Dyson Tower Purifier Pure Cool Link TP01, TP02, TP03, BP01, Compare to Part 968126-03ï¼Œ2 Pack</p><p>$26.99</p><a href="https://www.amazon.com/dp/B07MRH6VY7?tag=eloabder-20&linkCode=osi&th=1&psc=1">View Product</a></div><div class="product"><a href="https://www.amazon.com/dp/B07TX5SW7J?tag=eloabder-20&linkCode=osi&th=1&psc=1"><img src="https://m.media-amazon.com/images/I/512Kn+cPglL._SL500_.jpg" alt="Product Image"></a><p>TP01 HEPA Filter Replacement Compatible with Dyson Tower Purifier Pure Cool Link TP01, TP02, TP03, AM11, BP01 Models, Compare to Part # 968126-03 (Pack of 2)</p><p>$27.95 ($13.98 / Count)</p><a href="https://www.amazon.com/dp/B07TX5SW7J?tag=eloabder-20&linkCode=osi&th=1&psc=1">View Product</a></div><div class="product"><a href="https://www.amazon.com/dp/B0CC24GZGB?tag=eloabder-20&linkCode=osi&th=1&psc=1"><img src="https://m.media-amazon.com/images/I/41woNpZ9VgL._SL500_.jpg" alt="Product Image"></a><p>TP01 TP02 Filter Compatible with Dyson Pure Cool Link Purifying Tower Fan TP00 TP03 AM11 and Cool Me BP01 Personal Series, 360Â° Air Purifier Filter Replacement 968126-03, 1-Pack</p><p>$25.99</p><a href="https://www.amazon.com/dp/B0CC24GZGB?tag=eloabder-20&linkCode=osi&th=1&psc=1">View Product</a></div><div class="product"><a href="https://www.amazon.com/dp/B0CX23N2JJ?tag=eloabder-20&linkCode=osi&th=1&psc=1"><img src="https://m.media-amazon.com/images/I/3145hmd5j7L._SL500_.jpg" alt="Product Image"></a><p>Dreo Air Purifiers Replacement Filter, HEPA Filter for Dreo Purifier Tower Fan MC710S, with 2 Stage Filtration, Black, Standard(DR-HPA019)</p><p>$39.99</p><a href="https://www.amazon.com/dp/B0CX23N2JJ?tag=eloabder-20&linkCode=osi&th=1&psc=1">View Product</a></div>










<div class="product"><a href="https://www.amazon.com/dp/B001U0OJ7O?tag=eloabder-20&linkCode=osi&th=1&psc=1"><img src="https://m.media-amazon.com/images/I/41XEg3QV-wL._SL500_.jpg" alt="Product Image"></a><p>Whirlpool W10165294RB 15-Inch Plastic Trash Compactor ct, 60 Bags, Count</p><p>$48.34</p><a href="https://www.amazon.com/dp/B001U0OJ7O?tag=eloabder-20&linkCode=osi&th=1&psc=1">View Product</a></div><div class="product"><a href="https://www.amazon.com/dp/B0CC3V4ZZ4?tag=eloabder-20&linkCode=osi&th=1&psc=1"><img src="https://m.media-amazon.com/images/I/31bbvodHnjL._SL500_.jpg" alt="Product Image"></a><p>Waste Smasher- Hand-Held Manual Trash Compactor Dishwasher Safe Black</p><p>$24.95</p><a href="https://www.amazon.com/dp/B0CC3V4ZZ4?tag=eloabder-20&linkCode=osi&th=1&psc=1">View Product</a></div><div class="product"><a href="https://www.amazon.com/dp/B00IYO5914?tag=eloabder-20&linkCode=osi&th=1&psc=1"><img src="https://m.media-amazon.com/images/I/51SLpTXIYNL._SL500_.jpg" alt="Product Image"></a><p>Kitchen Master Super Strong Compactor Bags Pre Cuffed (12 Pack)</p><p>$34.95</p><a href="https://www.amazon.com/dp/B00IYO5914?tag=eloabder-20&linkCode=osi&th=1&psc=1">View Product</a></div><div class="product"><a href="https://www.amazon.com/dp/B075DJ4ZVQ?tag=eloabder-20&linkCode=osi&th=1&psc=1"><img src="https://m.media-amazon.com/images/I/51Vaek4I89L._SL500_.jpg" alt="Product Image"></a><p>Dano Pre-Cuffed Compactor Bags</p><p>$32.95 ($2.75 / Count)</p><a href="https://www.amazon.com/dp/B075DJ4ZVQ?tag=eloabder-20&linkCode=osi&th=1&psc=1">View Product</a></div><div class="product"><a href="https://www.amazon.com/dp/B0C2DCVCBJ?tag=eloabder-20&linkCode=osi&th=1&psc=1"><img src="https://m.media-amazon.com/images/I/51072CtaKuL._SL500_.jpg" alt="Product Image"></a><p>60-pack W10165294RB Trash Compactor Bags - leak-proof trash compactor bags for kitchen 60-ct 15 inches - Fits 15-inch Rectangular Drawer Compactors</p><p>$45.99 ($0.77 / Count)</p><a href="https://www.amazon.com/dp/B0C2DCVCBJ?tag=eloabder-20&linkCode=osi&th=1&psc=1">View Product</a></div><div class="product"><a href="https://www.amazon.com/dp/B001U0OJ7E?tag=eloabder-20&linkCode=osi&th=1&psc=1"><img src="https://m.media-amazon.com/images/I/41c0z26RyvL._SL500_.jpg" alt="Product Image"></a><p>Whirlpool W10165293RB Genuine OEM 60 Pack-Plastic Compactor Bags-18" Models â€“ 1394369, 4178058, 4318932, 4318933, 4318935, 4318937, 4318939, AH1964576, EA1964576, PS1964576</p><p>$48.64 ($0.81 / Count)</p><a href="https://www.amazon.com/dp/B001U0OJ7E?tag=eloabder-20&linkCode=osi&th=1&psc=1">View Product</a></div><div class="product"><a href="https://www.amazon.com/dp/B00W27J16S?tag=eloabder-20&linkCode=osi&th=1&psc=1"><img src="https://m.media-amazon.com/images/I/41RaOjAGlrL._SL500_.jpg" alt="Product Image"></a><p>Compactor Bags Pre Cuffed (50 Pack)</p><p>$84.95 ($1.70 / count)</p><a href="https://www.amazon.com/dp/B00W27J16S?tag=eloabder-20&linkCode=osi&th=1&psc=1">View Product</a></div><div class="product"><a href="https://www.amazon.com/dp/B00MOCYY2W?tag=eloabder-20&linkCode=osi&th=1&psc=1"><img src="https://m.media-amazon.com/images/I/41SH8mDsAnL._SL500_.jpg" alt="Product Image"></a><p>GE WX60X1 Genuine OEM Universal Trash Compactor Bags for GE Trash Compactors</p><p>$19.00</p><a href="https://www.amazon.com/dp/B00MOCYY2W?tag=eloabder-20&linkCode=osi&th=1&psc=1">View Product</a></div><div class="product"><a href="https://www.amazon.com/dp/B0D7SFSTNG?tag=eloabder-20&linkCode=osi&th=1&psc=1"><img src="https://m.media-amazon.com/images/I/41szt9tZJPL._SL500_.jpg" alt="Product Image"></a><p>4PCS Trash Compactor Charcoal Air Filter Fit for Whirlpool/KitchenAid/Maytag/Jenn-Air/Amana/Inglis/Magic Chef Trash Compactor, Replaces 4151750 554358 WP4151750 AP6009134 PS11742279</p><p>$23.59 ($5.90 / Count)</p><a href="https://www.amazon.com/dp/B0D7SFSTNG?tag=eloabder-20&linkCode=osi&th=1&psc=1">View Product</a></div>
<div class="product"><a href="https://www.amazon.com/dp/B0CGLX5ZB9?tag=eloabder-20&linkCode=osi&th=1&psc=1"><img src="https://m.media-amazon.com/images/I/51qeRZQS98L._SL500_.jpg" alt="Product Image"></a><p>Spare Replacement Parts Compatible with MAMNV BR150 BR151, ZCWA BR150 BR151, MANVINS G20 Robot Vacuum and Mop Combo Accessories Include: 3 Hepa Filters 3 Mop Pads 6 Side Spin Brushes</p><p>$9.98</p><a href="https://www.amazon.com/dp/B0CGLX5ZB9?tag=eloabder-20&linkCode=osi&th=1&psc=1">View Product</a></div><div class="product"><a href="https://www.amazon.com/dp/B0B28DGZBG?tag=eloabder-20&linkCode=osi&th=1&psc=1"><img src="https://m.media-amazon.com/images/I/51ooMN4RqML._SL500_.jpg" alt="Product Image"></a><p>Replacement Parts for Shark AI AV2511AE AV2501S AV2610WA AV2501AE RV2502AE RV2610WA RV2520 AV2510 2-In-1 AI Ultra Robot Vacuum Cleaner Accessories Kits. Main Brush, HEPA Filter, Foam Filter,Side Brush</p><p>$19.99 ($1.05 / Count)</p><a href="https://www.amazon.com/dp/B0B28DGZBG?tag=eloabder-20&linkCode=osi&th=1&psc=1">View Product</a></div><div class="product"><a href="https://www.amazon.com/dp/B0782T7L6P?tag=eloabder-20&linkCode=osi&th=1&psc=1"><img src="https://m.media-amazon.com/images/I/41hTVkuzMJL._SL500_.jpg" alt="Product Image"></a><p>10pcs HEPA Filters Replacement for ILIFE V3s V3s pro V5 V5s V5s Pro V5s Pro 2 V5s Plus Noisz S5 Robotic Vacuum Cleaner ILIFE V3s pro Filters ILIFE Robot Vacuum Filter</p><p>$9.80 ($0.98 / Count)</p><a href="https://www.amazon.com/dp/B0782T7L6P?tag=eloabder-20&linkCode=osi&th=1&psc=1">View Product</a></div><div class="product"><a href="https://www.amazon.com/dp/B0CXLVHTTC?tag=eloabder-20&linkCode=osi&th=1&psc=1"><img src="https://m.media-amazon.com/images/I/51BT3phYzKL._SL500_.jpg" alt="Product Image"></a><p>HUIZHEN Spare Accessories for MAMNV BR150/BR151, for ZCWA BR150/BR151, for MANVINS G20,for GTTVO BR150/BR151,for ONSON BR150/BR151 Robot Vacuum Replacement Parts,6 Side Brush,4 HEPA Filters,4 Mop Pads</p><p>$9.99</p><a href="https://www.amazon.com/dp/B0CXLVHTTC?tag=eloabder-20&linkCode=osi&th=1&psc=1">View Product</a></div><div class="product"><a href="https://www.amazon.com/dp/B08RYDDQL8?tag=eloabder-20&linkCode=osi&th=1&psc=1"><img src="https://m.media-amazon.com/images/I/314Xd7+oBXL._SL500_.jpg" alt="Product Image"></a><p>AirClean 4 Pack 3.7" High Replacement Base Pre-Motor Foam Filters Compatible with Shark IQ Robot Vacuum R101AE RV1001AE UR1005AE Self-Empty Base</p><p>$12.99 ($3.25 / Count)</p><a href="https://www.amazon.com/dp/B08RYDDQL8?tag=eloabder-20&linkCode=osi&th=1&psc=1">View Product</a></div><div class="product"><a href="https://www.amazon.com/dp/B0CJLHJ557?tag=eloabder-20&linkCode=osi&th=1&psc=1"><img src="https://m.media-amazon.com/images/I/41iQm8hUjiL._SL500_.jpg" alt="Product Image"></a><p>Replacement Parts Compatible with WYZE Robot Vacuum Cleaner WVCR200S Accessories, 2 Main Brushes, 6 Hepa Filters, 8 Side Brushes Attachment Spare Pack</p><p>$14.99 ($0.94 / Count)</p><a href="https://www.amazon.com/dp/B0CJLHJ557?tag=eloabder-20&linkCode=osi&th=1&psc=1">View Product</a></div>
<div class="product"><a href="https://www.amazon.com/dp/B0C4595Q8P?tag=eloabder-20&linkCode=osi&th=1&psc=1"><img src="https://m.media-amazon.com/images/I/51k23SAtRxL._SL500_.jpg" alt="Product Image"></a><p>4 Pack FSV001 HEPA Filter Compatiable with Fabuletta FSV101, FSV001, Girnoor G160&G165, Afoddon A300, Lubluelu 202, Oraimo Cordless Vacuum Cleaner, Besswin W26 Cordless Stick Vacuum Cleaners</p><p>$15.99 ($4.00 / Count)</p><a href="https://www.amazon.com/dp/B0C4595Q8P?tag=eloabder-20&linkCode=osi&th=1&psc=1">View Product</a></div>
<div class="product"><a href="https://www.amazon.com/dp/B0BNKJX96X?tag=eloabder-20&linkCode=osi&th=1&psc=1"><img src="https://m.media-amazon.com/images/I/41OPeLFppoL._SL500_.jpg" alt="Product Image"></a><p>6 PACK 2033 Replacement Filter Compatible with Bissell Featherweight Stick Lightweight Bagless Vacuum Cleaner 20331, 20333, 20334, 20336, 20339, 2033M,6 Mesh Filter 6 Foam Filters, Replace # 1611508</p><p>$14.99 ($2.50 / Count)</p><a href="https://www.amazon.com/dp/B0BNKJX96X?tag=eloabder-20&linkCode=osi&th=1&psc=1">View Product</a></div><div class="product"><a href="https://www.amazon.com/dp/B0CMBWLTSM?tag=eloabder-20&linkCode=osi&th=1&psc=1"><img src="https://m.media-amazon.com/images/I/41PHqKaLTDL._SL500_.jpg" alt="Product Image"></a><p>18V ONE + Cordless Pet Stick Vacuum Filter for Ryobi, PCL720, PBLSV716, PBLSV717 Stick Vacuum, Reusable Washable Filters, Compare to Part A32SV720N, 6 Pack</p><p>$15.99 ($2.66 / Count)</p><a href="https://www.amazon.com/dp/B0CMBWLTSM?tag=eloabder-20&linkCode=osi&th=1&psc=1">View Product</a></div><div class="product"><a href="https://www.amazon.com/dp/B0CXDYWWT9?tag=eloabder-20&linkCode=osi&th=1&psc=1"><img src="https://m.media-amazon.com/images/I/41F1csTT8jL._SL500_.jpg" alt="Product Image"></a><p>2 Replacement Filters for Craftsman V20 Cordless Stick Vacuum CMCVS001D1, for Black Decker BSVF1 BSV2020 BSV2020G BSV2020P Cordless Stick Vacuum Cleaner with 1 Cleaning Brush</p><p>$14.99</p><a href="https://www.amazon.com/dp/B0CXDYWWT9?tag=eloabder-20&linkCode=osi&th=1&psc=1">View Product</a></div><div class="product"><a href="https://www.amazon.com/dp/B0CCJ5N5DH?tag=eloabder-20&linkCode=osi&th=1&psc=1"><img src="https://m.media-amazon.com/images/I/41xmhDPqk8L._SL500_.jpg" alt="Product Image"></a><p>Aolleteau 1 Pack Brush Roller Compatible with Black + Decker BSV2020, BSV2020P, BSV2020G Powerseries Extreme Cordless Stick Vacuum and Compatible with Craftsman V20 Cordless Stick Vacuum CMCVS001D1</p><p>$17.99</p><a href="https://www.amazon.com/dp/B0CCJ5N5DH?tag=eloabder-20&linkCode=osi&th=1&psc=1">View Product</a></div><div class="product"><a href="https://www.amazon.com/dp/B0CQY61LFD?tag=eloabder-20&linkCode=osi&th=1&psc=1"><img src="https://m.media-amazon.com/images/I/31swBBC444L._SL500_.jpg" alt="Product Image"></a><p>Tablenco for Shark HZ602 Filter Replacement Ultralight Pet Pro Corded Stick Vacuum and HZ2002 Vertex DuoClean PowerFins fit HZ2000 HZ251 HZ250 HH200 HH202,4 Foam Felt 4 Motor Kit (No cleaning brush)</p><p>$9.98</p><a href="https://www.amazon.com/dp/B0CQY61LFD?tag=eloabder-20&linkCode=osi&th=1&psc=1">View Product</a></div><div class="product"><a href="https://www.amazon.com/dp/B09Q55KW8W?tag=eloabder-20&linkCode=osi&th=1&psc=1"><img src="https://m.media-amazon.com/images/I/51MKsJy6nSL._SL500_.jpg" alt="Product Image"></a><p>Anicell 2033 Featherweight Filter for Bissell Featherweight Stick Lightweight Bagless Vacuum 20331 20333 20334 20336 20339 2033M, 4 Mesh Filters 6 Foam Filters Replacement, Replace part# 1611508</p><p>$11.99</p><a href="https://www.amazon.com/dp/B09Q55KW8W?tag=eloabder-20&linkCode=osi&th=1&psc=1">View Product</a></div><div class="product"><a href="https://www.amazon.com/dp/B0CDVG7LHD?tag=eloabder-20&linkCode=osi&th=1&psc=1"><img src="https://m.media-amazon.com/images/I/41hjN1Te6sL._SL500_.jpg" alt="Product Image"></a><p>Moreffi 3 Pack Filter Replacement For HART Cordless Stick Vacuum HPSV01 and HPSV50, Compare to Part Number HASV01</p><p>$19.99 ($6.66 / Count)</p><a href="https://www.amazon.com/dp/B0CDVG7LHD?tag=eloabder-20&linkCode=osi&th=1&psc=1">View Product</a></div>
<div class="product"><a href="https://www.amazon.com/dp/B07DQ9TZC8?tag=eloabder-20&linkCode=osi&th=1&psc=1"><img src="https://m.media-amazon.com/images/I/41PHyZ20FuL._SL500_.jpg" alt="Product Image"></a><p>Kenmore 53294 Style O HEPA Cloth Vacuum Bags for Kenmore Upright Vacuum Cleaners 6 Pack,White</p><p>$20.99 ($3.50 / Count)</p><a href="https://www.amazon.com/dp/B07DQ9TZC8?tag=eloabder-20&linkCode=osi&th=1&psc=1">View Product</a></div><div class="product"><a href="https://www.amazon.com/dp/B08MXVTTT2?tag=eloabder-20&linkCode=osi&th=1&psc=1"><img src="https://m.media-amazon.com/images/I/41T6wRpIMzL._SL500_.jpg" alt="Product Image"></a><p>Kenmore IB600 HEPA Replacement Intuition Upright Vacuum Cleaner Bags for BU4022, BU4020, BU4018, BU4050, BU3040,White</p><p>$18.75</p><a href="https://www.amazon.com/dp/B08MXVTTT2?tag=eloabder-20&linkCode=osi&th=1&psc=1">View Product</a></div><div class="product"><a href="https://www.amazon.com/dp/B01010JVYO?tag=eloabder-20&linkCode=osi&th=1&psc=1"><img src="https://m.media-amazon.com/images/I/51Anluh47GL._SL500_.jpg" alt="Product Image"></a><p>EnviroCare Replacement Micro Filtration Vacuum Cleaner Dust Bags Designed to fit Hoover Windtunnel Upright Type Y 9 pack</p><p>$9.89 ($1.10 / Count)</p><a href="https://www.amazon.com/dp/B01010JVYO?tag=eloabder-20&linkCode=osi&th=1&psc=1">View Product</a></div><div class="product"><a href="https://www.amazon.com/dp/B0D5CP3WBY?tag=eloabder-20&linkCode=osi&th=1&psc=1"><img src="https://m.media-amazon.com/images/I/31MaGmsVOwL._SL500_.jpg" alt="Product Image"></a><p>Bagless Upright Kenmore Vacuum HEPA Filters, Compatible with Foam Filters, Felt Filters and Upright vacuum cleaner for Models K4010,DU2015,DU2012(includes 1 Hepa Filters,2 Foam and 2 Felt Filters)</p><p>$12.99</p><a href="https://www.amazon.com/dp/B0D5CP3WBY?tag=eloabder-20&linkCode=osi&th=1&psc=1">View Product</a></div><div class="product"><a href="https://www.amazon.com/dp/B0CBFV28WX?tag=eloabder-20&linkCode=osi&th=1&psc=1"><img src="https://m.media-amazon.com/images/I/51LIYI0wXSL._SL500_.jpg" alt="Product Image"></a><p>16 Packs Vacuum Bags for Oreck Type CC, Compatible with All Oreck XL Upright Vacuum Cleaner - Replaces Part # CCPK8DW</p><p>$21.99 ($1.37 / Count)</p><a href="https://www.amazon.com/dp/B0CBFV28WX?tag=eloabder-20&linkCode=osi&th=1&psc=1">View Product</a></div><div class="product"><a href="https://www.amazon.com/dp/B00F9GQMHA?tag=eloabder-20&linkCode=osi&th=1&psc=1"><img src="https://m.media-amazon.com/images/I/51lhelurelL._SL500_.jpg" alt="Product Image"></a><p>EnviroCare Replacement Premium Vacuum Cleaner Dust Bags made to fit Eureka F&G Uprights 9 bags</p><p>$11.09</p><a href="https://www.amazon.com/dp/B00F9GQMHA?tag=eloabder-20&linkCode=osi&th=1&psc=1">View Product</a></div><div class="product"><a href="https://www.amazon.com/dp/B002CI8G1I?tag=eloabder-20&linkCode=osi&th=1&psc=1"><img src="https://m.media-amazon.com/images/I/51PYQrQpbSL._SL500_.jpg" alt="Product Image"></a><p>EnviroCare Replacement Micro Filtration Vacuum Cleaner Dust Bags made to fit Kenmore Upright Type U/L/O 50688 and 50690, Panasonic Type U-2, Miele Type Z. 9 pack</p><p>$9.99</p><a href="https://www.amazon.com/dp/B002CI8G1I?tag=eloabder-20&linkCode=osi&th=1&psc=1">View Product</a></div>
<div class="product"><a href="https://www.amazon.com/dp/B07GNQJ67P?tag=eloabder-20&linkCode=osi&th=1&psc=1"><img src="https://m.media-amazon.com/images/I/41XHnKbgjAL._SL500_.jpg" alt="Product Image"></a><p>Kenmore 53292 Type Q HEPA Replacement Dust Bags for Canister Vacuum 81214, 81414, 81714, 21814, BC2005, BC3005, 81615, BC7005, 6 Count (Pack of 1)</p><p>$13.24 ($2.21 / Count)</p><a href="https://www.amazon.com/dp/B07GNQJ67P?tag=eloabder-20&linkCode=osi&th=1&psc=1">View Product</a></div><div class="product"><a href="https://www.amazon.com/dp/B01L0C0FVK?tag=eloabder-20&linkCode=osi&th=1&psc=1"><img src="https://m.media-amazon.com/images/I/51ZIjbo9NVL._SL500_.jpg" alt="Product Image"></a><p>Envirocare Replacement Vacuum Bags Compatible with Kenmore Canister Type C/Q. 5055, 50557 and 50558 Panasonic Type C-5 Vacuums,15 pack</p><p>$16.16</p><a href="https://www.amazon.com/dp/B01L0C0FVK?tag=eloabder-20&linkCode=osi&th=1&psc=1">View Product</a></div><div class="product"><a href="https://www.amazon.com/dp/B0BTRTP2PM?tag=eloabder-20&linkCode=osi&th=1&psc=1"><img src="https://m.media-amazon.com/images/I/41K295aRv9L._SL500_.jpg" alt="Product Image"></a><p>Vacuum Cleaner Bags Fit for Kenmore Canister Type C/Q 50555 50557 50558 and Type C-5, 10PCs</p><p>$15.99</p><a href="https://www.amazon.com/dp/B0BTRTP2PM?tag=eloabder-20&linkCode=osi&th=1&psc=1">View Product</a></div><div class="product"><a href="https://www.amazon.com/dp/B0CRQYGLZX?tag=eloabder-20&linkCode=osi&th=1&psc=1"><img src="https://m.media-amazon.com/images/I/413iXp+j3ML._SL500_.jpg" alt="Product Image"></a><p>15 Pack Canister Vacuum Cleaner Bags Compatible with Kenmore Canister Type C/Q 5055, 50555, 50557, 50558 and Type C-5, C-18, 53292, 200 Series, 400 Series, 600 Series, 700 Series, 800 Series Vacuum</p><p>$11.69</p><a href="https://www.amazon.com/dp/B0CRQYGLZX?tag=eloabder-20&linkCode=osi&th=1&psc=1">View Product</a></div><div class="product"><a href="https://www.amazon.com/dp/B00QGD3SBI?tag=eloabder-20&linkCode=osi&th=1&psc=1"><img src="https://m.media-amazon.com/images/I/51xw0asyqTL._SL500_.jpg" alt="Product Image"></a><p>EnviroCare Replacement Vacuum Bags made to fit Kenmore Canister Type C or Q 50555, 50558, 50557 and Panasonic Type C-5 Vacuums, 9 pack</p><p>$9.79</p><a href="https://www.amazon.com/dp/B00QGD3SBI?tag=eloabder-20&linkCode=osi&th=1&psc=1">View Product</a></div><div class="product"><a href="https://www.amazon.com/dp/B0CQP9NP5N?tag=eloabder-20&linkCode=osi&th=1&psc=1"><img src="https://m.media-amazon.com/images/I/41WnNkTz8zL._SL500_.jpg" alt="Product Image"></a><p>8 Pack Replacement Vacuum Bags Compatible with Kenmore Canister Type C/Q. 5055, 50104, 50557 and 50558 Panasonic Type C-5 Vacuums</p><p>$9.99 ($1.25 / Count)</p><a href="https://www.amazon.com/dp/B0CQP9NP5N?tag=eloabder-20&linkCode=osi&th=1&psc=1">View Product</a></div>
<div class="product"><a href="https://www.amazon.com/dp/B09M3Y2BHR?tag=eloabder-20&linkCode=osi&th=1&psc=1"><img src="https://m.media-amazon.com/images/I/31tevngai1L._SL500_.jpg" alt="Product Image"></a><p>Ymimi Vacuum Filter Compatible with Eureka WhirlWind Bagless Canister Vacuum Cleaner,Fits NEN110A,NEN110B,NEN110Dï¼ˆ2-Packï¼‰</p><p>$11.99 ($6.00 / Count)</p><a href="https://www.amazon.com/dp/B09M3Y2BHR?tag=eloabder-20&linkCode=osi&th=1&psc=1">View Product</a></div><div class="product"><a href="https://www.amazon.com/dp/B07J1WWBHN?tag=eloabder-20&linkCode=osi&th=1&psc=1"><img src="https://m.media-amazon.com/images/I/51gmkDrnR2L._SL500_.jpg" alt="Product Image"></a><p>Bissell Powerforce Helix Bagless Washable Premotor Filter #1608225, Black</p><p>$7.78</p><a href="https://www.amazon.com/dp/B07J1WWBHN?tag=eloabder-20&linkCode=osi&th=1&psc=1">View Product</a></div><div class="product"><a href="https://www.amazon.com/dp/B0BK64TMMK?tag=eloabder-20&linkCode=osi&th=1&psc=1"><img src="https://m.media-amazon.com/images/I/41OBMvET7eL._SL500_.jpg" alt="Product Image"></a><p>Vacuum Belt Replacement for Bissell Cleanview Swivel Pet Upright Bagless/Powerlifter Vacuum Cleaner, fits model: 2252, 2254, 22543, 2258,2259, 2260,2316, 2739, 1793, Parts # 3031120, 32074</p><p>$6.99</p><a href="https://www.amazon.com/dp/B0BK64TMMK?tag=eloabder-20&linkCode=osi&th=1&psc=1">View Product</a></div><div class="product"><a href="https://www.amazon.com/dp/B0BKKL3WRB?tag=eloabder-20&linkCode=osi&th=1&psc=1"><img src="https://m.media-amazon.com/images/I/410jMe-FjIL._SL500_.jpg" alt="Product Image"></a><p>Aolleteau F1 HEPA Filter Compatible with Dirt Devil Bagless Upright Cleaner Models Extra Lite, Breeze, Featherlite Bagless, Jaguar Bagless,Platinum Force Vision, Scorpion and Vision Bagless (2 Pack)</p><p>$13.99 ($7.00 / Count)</p><a href="https://www.amazon.com/dp/B0BKKL3WRB?tag=eloabder-20&linkCode=osi&th=1&psc=1">View Product</a></div><div class="product"><a href="https://www.amazon.com/dp/B09SG1P4WN?tag=eloabder-20&linkCode=osi&th=1&psc=1"><img src="https://m.media-amazon.com/images/I/51+Mr+Wq5ML._SL500_.jpg" alt="Product Image"></a><p>NEN110A Vacuum Filter, Inlet Frame and Sponge Filter Compatible with Eureka Whirlwind Bagless Canister Vacuum Cleaner, Fits NEN110A, NEN110B, NEN110D(4-Pack)</p><p>$15.99 ($4.00 / Count)</p><a href="https://www.amazon.com/dp/B09SG1P4WN?tag=eloabder-20&linkCode=osi&th=1&psc=1">View Product</a></div>
<div class="product"><a href="https://www.amazon.com/dp/B07GT9VB9X?tag=eloabder-20&linkCode=osi&th=1&psc=1"><img src="https://m.media-amazon.com/images/I/41IokheYtNL._SL500_.jpg" alt="Product Image"></a><p>6 Pack 1940 Bissell Steam Mop Pads for Bissell PowerFresh Steam Mop 1806 1544 1440 2075A 2685A 1940W 19404 Series, Model 19402 19408 1940a 1940f 1940q 1940t B0006 B0017, Part #5938#203-2633</p><p>$16.99 ($2.83 / Count)</p><a href="https://www.amazon.com/dp/B07GT9VB9X?tag=eloabder-20&linkCode=osi&th=1&psc=1">View Product</a></div><div class="product"><a href="https://www.amazon.com/dp/B07H3MYZLD?tag=eloabder-20&linkCode=osi&th=1&psc=1"><img src="https://m.media-amazon.com/images/I/511p6MPxQ0L._SL500_.jpg" alt="Product Image"></a><p>Flammi Steam Pocket Mop Replacement Pads for Shark S3500 Series S3501 S3601 S3550 S3901 SE450 S3801CO S3601D S2901 S2902 Steam Pocket Mop, 4 Pack</p><p>$16.97 ($4.24 / Count)</p><a href="https://www.amazon.com/dp/B07H3MYZLD?tag=eloabder-20&linkCode=osi&th=1&psc=1">View Product</a></div><div class="product"><a href="https://www.amazon.com/dp/B0C8SH97HN?tag=eloabder-20&linkCode=osi&th=1&psc=1"><img src="https://m.media-amazon.com/images/I/31Mex4y7odL._SL500_.jpg" alt="Product Image"></a><p>HOMEXCEL Steam Mop Replacement Pads Compatible with Bissell Powerfresh Steam Mop 1940 1806 1440 1544 Series, Model 19402 19404 19408 2685A 2075A 1940A 1940Q 1940T 1940W, Steam Mop Pads Refills,4 Pack</p><p>$9.99 ($2.50 / Count)</p><a href="https://www.amazon.com/dp/B0C8SH97HN?tag=eloabder-20&linkCode=osi&th=1&psc=1">View Product</a></div><div class="product"><a href="https://www.amazon.com/dp/B0BFWTXS33?tag=eloabder-20&linkCode=osi&th=1&psc=1"><img src="https://m.media-amazon.com/images/I/51pa2h7o0EL._SL500_.jpg" alt="Product Image"></a><p>12 Pack 1940 Steam Mop Replacement Pads for Bissell Powerfresh Steam Mop 1940 1440 1806 1544 2075 2685A 2814 Series, Model 19402 19404 19408 19409 1940A 1940F 1940Q 1940T 1940W B0006 B0017 2075A 15441</p><p>$24.99</p><a href="https://www.amazon.com/dp/B0BFWTXS33?tag=eloabder-20&linkCode=osi&th=1&psc=1">View Product</a></div><div class="product"><a href="https://www.amazon.com/dp/B0CLP5QGTY?tag=eloabder-20&linkCode=osi&th=1&psc=1"><img src="https://m.media-amazon.com/images/I/414HqpKde9L._SL500_.jpg" alt="Product Image"></a><p>10 Pack 1940 1806 2685A Steam Mop Pads For Bissell Powerfresh Steam Mop Deluxe Pet Lift-Off Plus Slim Scrubbing Steam Mop Replacement Pad 1940A 2814 1544A 2075A Power Fresh Steamer Pad Refill Washable</p><p>$22.99 ($2.30 / Count)</p><a href="https://www.amazon.com/dp/B0CLP5QGTY?tag=eloabder-20&linkCode=osi&th=1&psc=1">View Product</a></div><div class="product"><a href="https://www.amazon.com/dp/B078BBKBPV?tag=eloabder-20&linkCode=osi&th=1&psc=1"><img src="https://m.media-amazon.com/images/I/51WcJqtOUIL._SL500_.jpg" alt="Product Image"></a><p>Tidy Monster Steam Mop Replacement Pads Compatible with Bissell Powerfresh Steam Mop 1940 1806 1544 1440 2075A 2685A Series, Part # 5938 & 203-2633, 1606668 & 1606669 (4 Pack Scrub Plush)</p><p>$9.99</p><a href="https://www.amazon.com/dp/B078BBKBPV?tag=eloabder-20&linkCode=osi&th=1&psc=1">View Product</a></div><div class="product"><a href="https://www.amazon.com/dp/B00A6G37SU?tag=eloabder-20&linkCode=osi&th=1&psc=1"><img src="https://m.media-amazon.com/images/I/51xo0LB-SpL._SL500_.jpg" alt="Product Image"></a><p>BISSELL PowerFresh Steam Mop Pads (Pack of 2) with Fragrance discs (4 ct), 5938</p><p>$21.26 ($10.63 / Count)</p><a href="https://www.amazon.com/dp/B00A6G37SU?tag=eloabder-20&linkCode=osi&th=1&psc=1">View Product</a></div>
<div class="product"><a href="https://www.amazon.com/dp/B0D2QFVY7H?tag=eloabder-20&linkCode=osi&th=1&psc=1"><img src="https://m.media-amazon.com/images/I/417B7H+vvML._SL500_.jpg" alt="Product Image"></a><p>Kenmore KS1010 Deep Clean & Revitalize Pet Carpet Cleaner Formula, 64 oz, White, 64 Fl Oz</p><p>$22.73 ($0.36 / Fl Oz)</p><a href="https://www.amazon.com/dp/B0D2QFVY7H?tag=eloabder-20&linkCode=osi&th=1&psc=1">View Product</a></div><div class="product"><a href="https://www.amazon.com/dp/B0BNK8ZJJ1?tag=eloabder-20&linkCode=osi&th=1&psc=1"><img src="https://m.media-amazon.com/images/I/51z0Pc4xcNL._SL500_.jpg" alt="Product Image"></a><p>Bissell Spotlifter Pet Carpet and Upholstery Cleaner with Brush Head - 4 Pack, 93523</p><p>$23.88 ($0.50 / Fl Oz)</p><a href="https://www.amazon.com/dp/B0BNK8ZJJ1?tag=eloabder-20&linkCode=osi&th=1&psc=1">View Product</a></div><div class="product"><a href="https://www.amazon.com/dp/B0CX245D26?tag=eloabder-20&linkCode=osi&th=1&psc=1"><img src="https://m.media-amazon.com/images/I/411CSXvvO1L._SL500_.jpg" alt="Product Image"></a><p>BISSELLÂ® Spot & Stain with Febreze + Gain Original Scent Formula for Little Green Devices, Portable Carpet Cleaners (3968)</p><p>$12.99 ($0.41 / Fl Oz)</p><a href="https://www.amazon.com/dp/B0CX245D26?tag=eloabder-20&linkCode=osi&th=1&psc=1">View Product</a></div><div class="product"><a href="https://www.amazon.com/dp/B083VZW4R5?tag=eloabder-20&linkCode=osi&th=1&psc=1"><img src="https://m.media-amazon.com/images/I/413BULPLmBL._SL500_.jpg" alt="Product Image"></a><p>BISSELL Multi-Surface Pet Formula with Febreze Freshness for Crosswave (80 oz), 2295L</p><p>$22.99 ($0.29 / Fl Oz)</p><a href="https://www.amazon.com/dp/B083VZW4R5?tag=eloabder-20&linkCode=osi&th=1&psc=1">View Product</a></div><div class="product"><a href="https://www.amazon.com/dp/B0D2RGW219?tag=eloabder-20&linkCode=osi&th=1&psc=1"><img src="https://m.media-amazon.com/images/I/41gD+82tnAL._SL500_.jpg" alt="Product Image"></a><p>Vacmaster Clean & Restore Carpet Cleaner Formula â€“ CCS03</p><p>$19.99 ($0.31 / Fl Oz)</p><a href="https://www.amazon.com/dp/B0D2RGW219?tag=eloabder-20&linkCode=osi&th=1&psc=1">View Product</a></div>






<div class="product"><a href="https://www.amazon.com/dp/B0BY64HQTP?tag=eloabder-20&linkCode=osi&th=1&psc=1"><img src="https://m.media-amazon.com/images/I/41hUxHuASYL._SL500_.jpg" alt="Product Image"></a><p>Air Conditioning Motor WZDK13-38G-1(RD-310-13-8) DC Brushless Fan Motor, 13W Inverter air Conditioner Motor DC Motor for Central air Conditioner</p><p>$39.95</p><a href="https://www.amazon.com/dp/B0BY64HQTP?tag=eloabder-20&linkCode=osi&th=1&psc=1">View Product</a></div><div class="product"><a href="https://www.amazon.com/dp/B0CM5YB884?tag=eloabder-20&linkCode=osi&th=1&psc=1"><img src="https://m.media-amazon.com/images/I/310lQ2tAvLL._SL500_.jpg" alt="Product Image"></a><p>Sparkfix OEM WZDK20-38G (ZKFP-20-8-6) Air Conditioner Replacement Motors DC280V 20W Air Conditioning Fan Motor Inverter Air Conditioner Brushless DC Motor 1300RPM CCW</p><p>$42.79</p><a href="https://www.amazon.com/dp/B0CM5YB884?tag=eloabder-20&linkCode=osi&th=1&psc=1">View Product</a></div>













<div class="product"><a href="https://www.amazon.com/dp/B009PCI2JU?tag=eloabder-20&linkCode=osi&th=1&psc=1"><img src="https://m.media-amazon.com/images/I/310ZJurANUL._SL500_.jpg" alt="Product Image"></a><p>GE RPWFE Refrigerator Water Filter | Certified to Reduce Lead, Sulfur, and 50+ Other Impurities | Replace Every 6 Months for Best Results | Pack of 1</p><p>$49.98</p><a href="https://www.amazon.com/dp/B009PCI2JU?tag=eloabder-20&linkCode=osi&th=1&psc=1">View Product</a></div><div class="product"><a href="https://www.amazon.com/dp/B0882ZJ48W?tag=eloabder-20&linkCode=osi&th=1&psc=1"><img src="https://m.media-amazon.com/images/I/41110o9sUoL._SL500_.jpg" alt="Product Image"></a><p>GE XWFE Refrigerator Water Filter | Certified to Reduce Lead, Sulfur, and 50+ Other Impurities | Replace Every 6 Months for Best Results | Pack of 1, White</p><p>$49.00</p><a href="https://www.amazon.com/dp/B0882ZJ48W?tag=eloabder-20&linkCode=osi&th=1&psc=1">View Product</a></div><div class="product"><a href="https://www.amazon.com/dp/B074HLRXMP?tag=eloabder-20&linkCode=osi&th=1&psc=1"><img src="https://m.media-amazon.com/images/I/21oDpGCQXiL._SL500_.jpg" alt="Product Image"></a><p>LG LT1000P - 6 Month / 200 Gallon Capacity Replacement Refrigerator Water Filter (NSF42, NSF53, and NSF401) ADQ74793501, ADQ75795105, or AGF80300704 , White</p><p>$47.00</p><a href="https://www.amazon.com/dp/B074HLRXMP?tag=eloabder-20&linkCode=osi&th=1&psc=1">View Product</a></div><div class="product"><a href="https://www.amazon.com/dp/B01BKWSHHE?tag=eloabder-20&linkCode=osi&th=1&psc=1"><img src="https://m.media-amazon.com/images/I/31E2+zlkvjL._SL500_.jpg" alt="Product Image"></a><p>Frigidaire EPTWFU01 Water Filtration Filter, 1 Count, White</p><p>$42.99</p><a href="https://www.amazon.com/dp/B01BKWSHHE?tag=eloabder-20&linkCode=osi&th=1&psc=1">View Product</a></div><div class="product"><a href="https://www.amazon.com/dp/B08V6JB9R7?tag=eloabder-20&linkCode=osi&th=1&psc=1"><img src="https://m.media-amazon.com/images/I/31PRPEffCZL._SL500_.jpg" alt="Product Image"></a><p>Frigidaire FPPWFU01 PurePour PWF-1 Water Filter 1 Count (Pack of 1)</p><p>$45.81</p><a href="https://www.amazon.com/dp/B08V6JB9R7?tag=eloabder-20&linkCode=osi&th=1&psc=1">View Product</a></div><div class="product"><a href="https://www.amazon.com/dp/B000AST3AK?tag=eloabder-20&linkCode=osi&th=1&psc=1"><img src="https://m.media-amazon.com/images/I/41DUoSxpwTS._SL500_.jpg" alt="Product Image"></a><p>GE MWF Refrigerator Water Filter | Certified to Reduce Lead, Sulfur, and 50+ Other Impurities | Replace Every 6 Months for Best Results | Pack of 1</p><p>$39.98</p><a href="https://www.amazon.com/dp/B000AST3AK?tag=eloabder-20&linkCode=osi&th=1&psc=1">View Product</a></div><div class="product"><a href="https://www.amazon.com/dp/B0CFZR7K8D?tag=eloabder-20&linkCode=osi&th=1&psc=1"><img src="https://m.media-amazon.com/images/I/31WM5sdhKLL._SL500_.jpg" alt="Product Image"></a><p>HMASAV W10295370A water filter replacement, Compatible with EDR1RXD1,EDR1RXD1B,W10295370,Filter 1,WHR1RXD1,KAD1RXD1,P4RFWB,P8RFWB2L,46-9930,46-9081 2PACK</p><p>$29.99 ($15.00 / Count)</p><a href="https://www.amazon.com/dp/B0CFZR7K8D?tag=eloabder-20&linkCode=osi&th=1&psc=1">View Product</a></div><div class="product"><a href="https://www.amazon.com/dp/B07JM9TTTT?tag=eloabder-20&linkCode=osi&th=1&psc=1"><img src="https://m.media-amazon.com/images/I/41CfAtJ8TPL._SL500_.jpg" alt="Product Image"></a><p>GLACIER FRESH LT1000PC Replacement Water Filter, Compatible with LT1000PC/PCS, LT1000PC, LT-1000PC, MDJ64844601, ADQ747935 ADQ74793504 Filter and LT120F ADQ73334008 Fresh Air (3+3)</p><p>$39.99 ($13.33 / Count)</p><a href="https://www.amazon.com/dp/B07JM9TTTT?tag=eloabder-20&linkCode=osi&th=1&psc=1">View Product</a></div><div class="product"><a href="https://www.amazon.com/dp/B003N1ZSYG?tag=eloabder-20&linkCode=osi&th=1&psc=1"><img src="https://m.media-amazon.com/images/I/31Mbrkrxu1L._SL500_.jpg" alt="Product Image"></a><p>SAMSUNG Genuine Filter for Refrigerator Water and Ice, Carbon Block Filtration for Clean, Clear Drinking Water, 6-Month Life, HAF-CIN/EXP, 1 Pack</p><p>$39.99</p><a href="https://www.amazon.com/dp/B003N1ZSYG?tag=eloabder-20&linkCode=osi&th=1&psc=1">View Product</a></div>









<div class="product"><a href="https://www.amazon.com/dp/B0B2NZ47HN?tag=eloabder-20&linkCode=osi&th=1&psc=1"><img src="https://m.media-amazon.com/images/I/41nC6c2XxJL._SL500_.jpg" alt="Product Image"></a><p>OTE Portable Sparkling Water Maker Soda Maker Machine for home with 20PCS Cylinders 450ml Personal seltzer Carbonators Electroless Double Layer PET Bottle BPA Free Double Pressure Relief Valves -Pink</p><p>$49.99</p><a href="https://www.amazon.com/dp/B0B2NZ47HN?tag=eloabder-20&linkCode=osi&th=1&psc=1">View Product</a></div><div class="product"><a href="https://www.amazon.com/dp/B09DY54L7M?tag=eloabder-20&linkCode=osi&th=1&psc=1"><img src="https://m.media-amazon.com/images/I/31LSpnm3G8L._SL500_.jpg" alt="Product Image"></a><p>MOSOLAN Bottle Cleaning Brush, 17 Inches Extra Long Handle Water Bottle Brush, Flexible Bendable Cleaner for Washing Narrow Neck Bottles, Wine Decanter, Kombucha, Pipes, Beer Brewing Supplies, 2 Pack</p><p>$11.95 ($5.98 / Count)</p><a href="https://www.amazon.com/dp/B09DY54L7M?tag=eloabder-20&linkCode=osi&th=1&psc=1">View Product</a></div><div class="product"><a href="https://www.amazon.com/dp/B0736CBNDN?tag=eloabder-20&linkCode=osi&th=1&psc=1"><img src="https://m.media-amazon.com/images/I/41tWXmwP5KL._SL500_.jpg" alt="Product Image"></a><p>#2 Filter Pads (10 Pack Bulk) Compatible with Mini Jet Machine | #2 1.8-2.5 micron | 2 Micron Filtering pads. Filter Wine Beer, Kombucha, Mead Mash. Polishing filtration| Not a Buon Vino product.</p><p>$18.99</p><a href="https://www.amazon.com/dp/B0736CBNDN?tag=eloabder-20&linkCode=osi&th=1&psc=1">View Product</a></div>









<div class="product"><a href="https://www.amazon.com/dp/B07YGN577Y?tag=eloabder-20&linkCode=osi&th=1&psc=1"><img src="https://m.media-amazon.com/images/I/31kfZiyDMUL._SL500_.jpg" alt="Product Image"></a><p>9870163 Trash Power Nut WP9870163 L8</p><p>$50.36</p><a href="https://www.amazon.com/dp/B07YGN577Y?tag=eloabder-20&linkCode=osi&th=1&psc=1">View Product</a></div>

<div class="product"><a href="https://www.amazon.com/dp/B0CWQLM4C7?tag=eloabder-20&linkCode=osi&th=1&psc=1"><img src="https://m.media-amazon.com/images/I/41gTEIOjtlL._SL500_.jpg" alt="Product Image"></a><p>7" Seven Seconds Lazy Kitchen Food Making Tools - Multifunctional Fruit Vegetable Chopper Quick Garlic Peeling Machine Convenient Food Chopper for Slicing,Juice,Grinding</p><p>$32.99</p><a href="https://www.amazon.com/dp/B0CWQLM4C7?tag=eloabder-20&linkCode=osi&th=1&psc=1">View Product</a></div>







<div class="product"><a href="https://www.amazon.com/dp/B0CNKFM9WR?tag=eloabder-20&linkCode=osi&th=1&psc=1"><img src="https://m.media-amazon.com/images/I/31sGGIDic9L._SL500_.jpg" alt="Product Image"></a><p>hobbyme Pack of 4 Plastic Coffee Scoops with Brush & Espresso Grinder Brush for Ground Coffee Cleaning Tea Power Coffee Grinder Spoon</p><p>$6.49</p><a href="https://www.amazon.com/dp/B0CNKFM9WR?tag=eloabder-20&linkCode=osi&th=1&psc=1">View Product</a></div>





<div class="product"><a href="https://www.amazon.com/dp/B07798328B?tag=eloabder-20&linkCode=osi&th=1&psc=1"><img src="https://m.media-amazon.com/images/I/31Vpin+sgUS._SL500_.jpg" alt="Product Image"></a><p>Prime-Line MP10513 Standard Plastic Ice Cube Trays (5 Pack)</p><p>$12.69</p><a href="https://www.amazon.com/dp/B07798328B?tag=eloabder-20&linkCode=osi&th=1&psc=1">View Product</a></div><div class="product"><a href="https://www.amazon.com/dp/B077965JDB?tag=eloabder-20&linkCode=osi&th=1&psc=1"><img src="https://m.media-amazon.com/images/I/31H1hNlH6RL._SL500_.jpg" alt="Product Image"></a><p>Prime-Line MP10863 Standard Plastic Ice Cube Trays (2 Pack)</p><p>$9.69</p><a href="https://www.amazon.com/dp/B077965JDB?tag=eloabder-20&linkCode=osi&th=1&psc=1">View Product</a></div>

<div class="product"><a href="https://www.amazon.com/dp/B08MPLY84K?tag=eloabder-20&linkCode=osi&th=1&psc=1"><img src="https://m.media-amazon.com/images/I/31kWTfzQJBL._SL500_.jpg" alt="Product Image"></a><p>Syntus Vacuum Sealer Bags, 6 Pack 3 Rolls 11" x 20' and 3 Rolls 8" x 20' Commercial Grade BPA Free Bag Rolls, Food Vac Bags for Storage, Meal Prep or Sous Vide</p><p>$19.99</p><a href="https://www.amazon.com/dp/B08MPLY84K?tag=eloabder-20&linkCode=osi&th=1&psc=1">View Product</a></div><div class="product"><a href="https://www.amazon.com/dp/B0C5BWRMQL?tag=eloabder-20&linkCode=osi&th=1&psc=1"><img src="https://m.media-amazon.com/images/I/41yPpkb6oeL._SL500_.jpg" alt="Product Image"></a><p>Bonsenkitchen Vacuum Sealer Rolls Bags, 6 Pack 3 Rolls 11" x 20' + 3 Rolls 8" x 20' Commercial Grade BPA Free Bag Rolls, Durable Customized Size Food Vac Bags for Storage and Sous Vide Cooking VB3211</p><p>$19.99 ($3.33 / Count)</p><a href="https://www.amazon.com/dp/B0C5BWRMQL?tag=eloabder-20&linkCode=osi&th=1&psc=1">View Product</a></div><div class="product"><a href="https://www.amazon.com/dp/B0C5C1JTC4?tag=eloabder-20&linkCode=osi&th=1&psc=1"><img src="https://m.media-amazon.com/images/I/31JpyYsm7YL._SL500_.jpg" alt="Product Image"></a><p>Bonsenkitchen Vacuum Food Sealer Bags 200 Quart 8" x 12", BPA Free, Commercial Grade Textured Food Vacuum Sealer Bag, Thick Embossed Bags for Food Storage and Sous Vide Cooking VB3208</p><p>$18.39 ($0.09 / Count)</p><a href="https://www.amazon.com/dp/B0C5C1JTC4?tag=eloabder-20&linkCode=osi&th=1&psc=1">View Product</a></div><div class="product"><a href="https://www.amazon.com/dp/B07TMZDGQ1?tag=eloabder-20&linkCode=osi&th=1&psc=1"><img src="https://m.media-amazon.com/images/I/31cRCu-JIsL._SL500_.jpg" alt="Product Image"></a><p>Wevac Vacuum Sealer Bags 11x50 Rolls 2 pack for Food Saver, Seal a Meal, Weston. Commercial Grade, BPA Free, Heavy Duty, Great for vac storage, Meal Prep or Sous Vide</p><p>$20.99 ($0.21 / Count)</p><a href="https://www.amazon.com/dp/B07TMZDGQ1?tag=eloabder-20&linkCode=osi&th=1&psc=1">View Product</a></div><div class="product"><a href="https://www.amazon.com/dp/B07TV4KRCL?tag=eloabder-20&linkCode=osi&th=1&psc=1"><img src="https://m.media-amazon.com/images/I/31uv3qtc9bL._SL500_.jpg" alt="Product Image"></a><p>Wevac Vacuum Sealer Bags 100 Gallon 11x16 Inch for Food Saver, Seal a Meal, Weston. Commercial Grade, BPA Free, Heavy Duty, Great for vac storage, Meal Prep and Sous Vide</p><p>$21.24</p><a href="https://www.amazon.com/dp/B07TV4KRCL?tag=eloabder-20&linkCode=osi&th=1&psc=1">View Product</a></div>


<div class="product"><a href="https://www.amazon.com/dp/B093G5XCVF?tag=eloabder-20&linkCode=osi&th=1&psc=1"><img src="https://m.media-amazon.com/images/I/313Cq6ASf0S._SL500_.jpg" alt="Product Image"></a><p>2 Multipurpose Pastry Brush Basting & Coffee Grinders Cleaning Brush Wooden Handle Natural Boar Bristles Baking Cooking Sauce egg wash Bakery Supply Espresso Bean Barista</p><p>$7.21</p><a href="https://www.amazon.com/dp/B093G5XCVF?tag=eloabder-20&linkCode=osi&th=1&psc=1">View Product</a></div><div class="product"><a href="https://www.amazon.com/dp/B07JGRYG31?tag=eloabder-20&linkCode=osi&th=1&psc=1"><img src="https://m.media-amazon.com/images/I/31nd-jhgzdL._SL500_.jpg" alt="Product Image"></a><p>Coffee Grinder Cleaning Brush + Coffee Brush Wood Handle & Natural Bristles Pastry Brush</p><p>$5.99</p><a href="https://www.amazon.com/dp/B07JGRYG31?tag=eloabder-20&linkCode=osi&th=1&psc=1">View Product</a></div><div class="product"><a href="https://www.amazon.com/dp/B0C53G4T7X?tag=eloabder-20&linkCode=osi&th=1&psc=1"><img src="https://m.media-amazon.com/images/I/21Hrgmpj8YL._SL500_.jpg" alt="Product Image"></a><p>Leadigol Cleaning Tool Coffee Machine Home Pastry Brush Multifunctional Wooden Handle Baking Soft Bristles Coffee Grinder Brush</p><p>$7.99</p><a href="https://www.amazon.com/dp/B0C53G4T7X?tag=eloabder-20&linkCode=osi&th=1&psc=1">View Product</a></div><div class="product"><a href="https://www.amazon.com/dp/B07W5WM2LF?tag=eloabder-20&linkCode=osi&th=1&psc=1"><img src="https://m.media-amazon.com/images/I/41-7fWE9tSL._SL500_.jpg" alt="Product Image"></a><p>Redecker Waffle Machine Brush with Oiled Beechwood Handle, Stiff Heat-resistant Tampico Fiber Bristles, 6-1/2 inches, Made in Germany</p><p>$21.99</p><a href="https://www.amazon.com/dp/B07W5WM2LF?tag=eloabder-20&linkCode=osi&th=1&psc=1">View Product</a></div>
















<div class="product"><a href="https://www.amazon.com/dp/B00UTFZAII?tag=eloabder-20&linkCode=osi&th=1&psc=1"><img src="https://m.media-amazon.com/images/I/31z7hZ6KbXL._SL500_.jpg" alt="Product Image"></a><p>Miele 10123210 AirClean 3D Efficiency Dust Bag, Type GN, 4 Bags & 2 Filters, White</p><p>$21.86 ($21.86 / Count)</p><a href="https://www.amazon.com/dp/B00UTFZAII?tag=eloabder-20&linkCode=osi&th=1&psc=1">View Product</a></div><div class="product"><a href="https://www.amazon.com/dp/B07WHG6J5S?tag=eloabder-20&linkCode=osi&th=1&psc=1"><img src="https://m.media-amazon.com/images/I/41hnaEOxB9L._SL500_.jpg" alt="Product Image"></a><p>KEEPOW Vacuum Filters for Eureka, Power Speed Vacuum Filters Replacement for Eureka NEU182A, NEU182B, NEU280, NEU180, NEU181, NEU188, NEU202 Bagless Upright Vacuum Cleaner, Part E0202 (4 Pack)</p><p>$9.99 ($2.50 / Count)</p><a href="https://www.amazon.com/dp/B07WHG6J5S?tag=eloabder-20&linkCode=osi&th=1&psc=1">View Product</a></div><div class="product"><a href="https://www.amazon.com/dp/B00UTFZB82?tag=eloabder-20&linkCode=osi&th=1&psc=1"><img src="https://m.media-amazon.com/images/I/41WdlL5T0dL._SL500_.jpg" alt="Product Image"></a><p>Miele AirClean 3D Efficiency Dust Bag, Type FJM, 4 Bags & 2 Filters, White</p><p>$18.99</p><a href="https://www.amazon.com/dp/B00UTFZB82?tag=eloabder-20&linkCode=osi&th=1&psc=1">View Product</a></div><div class="product"><a href="https://www.amazon.com/dp/B09NKP346M?tag=eloabder-20&linkCode=osi&th=1&psc=1"><img src="https://m.media-amazon.com/images/I/41o25nqkODL._SL500_.jpg" alt="Product Image"></a><p>Anewise 6 Pack Filter Replacement for Bissell Powerforce Compact Lightweight Upright 2112 1520 for Bissel Turbo Bagless 2690 Cleanview 3437 3508 Vacuum Cleaner, Compare to Parts #1604896/160-4896</p><p>$12.99</p><a href="https://www.amazon.com/dp/B09NKP346M?tag=eloabder-20&linkCode=osi&th=1&psc=1">View Product</a></div><div class="product"><a href="https://www.amazon.com/dp/B01MQ5NITB?tag=eloabder-20&linkCode=osi&th=1&psc=1"><img src="https://m.media-amazon.com/images/I/41J6lG4H1bL._SL500_.jpg" alt="Product Image"></a><p>Bissell Style 7 3 Pack Vacuum Cleaner Bags, White, 3 Count</p><p>$8.69 ($2.90 / Count)</p><a href="https://www.amazon.com/dp/B01MQ5NITB?tag=eloabder-20&linkCode=osi&th=1&psc=1">View Product</a></div><div class="product"><a href="https://www.amazon.com/dp/B0CDH1JY5D?tag=eloabder-20&linkCode=osi&th=1&psc=1"><img src="https://m.media-amazon.com/images/I/516DPXu4siL._SL500_.jpg" alt="Product Image"></a><p>4 Pack Replacement Filters Compatiable with Wyze Cordless Vacuum Cleaner, Removable and Washable HEPA Filter Accessories Part Set with 1 Cleaning Brush for Wyze Handheld Cordless Vacuum Cleaner</p><p>$15.99 ($4.00 / Count)</p><a href="https://www.amazon.com/dp/B0CDH1JY5D?tag=eloabder-20&linkCode=osi&th=1&psc=1">View Product</a></div><div class="product"><a href="https://www.amazon.com/dp/B07P3WB37F?tag=eloabder-20&linkCode=osi&th=1&psc=1"><img src="https://m.media-amazon.com/images/I/51WaYrkiVXL._SL500_.jpg" alt="Product Image"></a><p>Miele AirClean 3D Efficiency Dust Bag, Type GN, XL Value Pack, 8 Bags and 4 Filters</p><p>$36.99</p><a href="https://www.amazon.com/dp/B07P3WB37F?tag=eloabder-20&linkCode=osi&th=1&psc=1">View Product</a></div><div class="product"><a href="https://www.amazon.com/dp/B09DSY4Z2T?tag=eloabder-20&linkCode=osi&th=1&psc=1"><img src="https://m.media-amazon.com/images/I/51+ref3EeAL._SL500_.jpg" alt="Product Image"></a><p>Filter Replacement for Tineco A10 A11 Hero A10/A11 Master PURE ONE S11 Series, S12, X Cordless Vacuum Cleaner (3 PACK) â€¦</p><p>$12.99 ($4.33 / Count)</p><a href="https://www.amazon.com/dp/B09DSY4Z2T?tag=eloabder-20&linkCode=osi&th=1&psc=1">View Product</a></div>


<div class="product"><a href="https://www.amazon.com/dp/B0BXRR5QFV?tag=eloabder-20&linkCode=osi&th=1&psc=1"><img src="https://m.media-amazon.com/images/I/41sjdBkCp8L._SL500_.jpg" alt="Product Image"></a><p>AC Infinity CLOUDFORGE T7, Plant Humidifier 15L with VPD Humidity Controls, 10-Level Precision Vaporizer, Extendable Hose, Targeting Pipe, and No-Leak Seal for Grow Tents</p><p>$159.00</p><a href="https://www.amazon.com/dp/B0BXRR5QFV?tag=eloabder-20&linkCode=osi&th=1&psc=1">View Product</a></div><div class="product"><a href="https://www.amazon.com/dp/B01N6MV8SA?tag=eloabder-20&linkCode=osi&th=1&psc=1"><img src="https://m.media-amazon.com/images/I/41hX08+W1xL._SL500_.jpg" alt="Product Image"></a><p>Protec Humidifier Tank Cleaner, 1 Count - Colors May Vary</p><p>$5.98</p><a href="https://www.amazon.com/dp/B01N6MV8SA?tag=eloabder-20&linkCode=osi&th=1&psc=1">View Product</a></div><div class="product"><a href="https://www.amazon.com/dp/B07GXBTH82?tag=eloabder-20&linkCode=osi&th=1&psc=1"><img src="https://m.media-amazon.com/images/I/41ibxK12JPL._SL500_.jpg" alt="Product Image"></a><p>Essick Air 1970-2 Humidifier, 2-Quart Bacteriostatic Treatment, 2 Pack, Clear, 2</p><p>$22.99</p><a href="https://www.amazon.com/dp/B07GXBTH82?tag=eloabder-20&linkCode=osi&th=1&psc=1">View Product</a></div><div class="product"><a href="https://www.amazon.com/dp/B08TTT3K9B?tag=eloabder-20&linkCode=osi&th=1&psc=1"><img src="https://m.media-amazon.com/images/I/41U6j9SexmL._SL500_.jpg" alt="Product Image"></a><p>Leemone Humidifier Cleaner 12 Pack, Demineralization Cleaning Ball, Works in All humidifiers and Fish Tanks, Purifies Water, Prevents Hard Water Build-Up, Eliminates White Dust and Odor</p><p>$14.44</p><a href="https://www.amazon.com/dp/B08TTT3K9B?tag=eloabder-20&linkCode=osi&th=1&psc=1">View Product</a></div>
<div class="product"><a href="https://www.amazon.com/dp/B07YD4XCT3?tag=eloabder-20&linkCode=osi&th=1&psc=1"><img src="https://m.media-amazon.com/images/I/41hR81iKyJL._SL500_.jpg" alt="Product Image"></a><p>Vacplus Moisture Absorber Packets, Fragrance Free(10 Pack), Humidity Packs, Hanging Closet Dehumidifier Bags, Desiccant 9.8OZ</p><p>$21.99</p><a href="https://www.amazon.com/dp/B07YD4XCT3?tag=eloabder-20&linkCode=osi&th=1&psc=1">View Product</a></div><div class="product"><a href="https://www.amazon.com/dp/B09LQF5V5K?tag=eloabder-20&linkCode=osi&th=1&psc=1"><img src="https://m.media-amazon.com/images/I/51Cx5ECAotL._SL500_.jpg" alt="Product Image"></a><p>CLEVAST Moisture Absorbers Packets 10 Pack, Dehumidifier Bags for Closet, Unscented Hanging Humidity Absorber in Wardrobes, Bedrooms, Bathrooms(230g/pack)</p><p>$16.98</p><a href="https://www.amazon.com/dp/B09LQF5V5K?tag=eloabder-20&linkCode=osi&th=1&psc=1">View Product</a></div><div class="product"><a href="https://www.amazon.com/dp/B0B8L9QRW8?tag=eloabder-20&linkCode=osi&th=1&psc=1"><img src="https://m.media-amazon.com/images/I/518LgtpPi8L._SL500_.jpg" alt="Product Image"></a><p>Arm & Hammer Essentials Disposable Moisture Absorber and Odor Eliminator Tub, Fragrance Free, 1 lb, 3-Pack, Attracts and Traps Excess Moisture, Ideal Closet Dehumidifier, White</p><p>$24.94 ($0.52 / Ounce)</p><a href="https://www.amazon.com/dp/B0B8L9QRW8?tag=eloabder-20&linkCode=osi&th=1&psc=1">View Product</a></div><div class="product"><a href="https://www.amazon.com/dp/B09W9TPJGZ?tag=eloabder-20&linkCode=osi&th=1&psc=1"><img src="https://m.media-amazon.com/images/I/51pVTVMwHbL._SL500_.jpg" alt="Product Image"></a><p>THECOSKY Dehumidifier and Air Purifier Combo,HEPA H13 Filter and Negative Air Ion Function,54oz(1.6L) Water Tank with Drain Hose,24hrs Auto-Off Timer,Idea for Bedroom,Bathroom,Closet,RV</p><p>$109.99</p><a href="https://www.amazon.com/dp/B09W9TPJGZ?tag=eloabder-20&linkCode=osi&th=1&psc=1">View Product</a></div><div class="product"><a href="https://www.amazon.com/dp/B0CXDG65LZ?tag=eloabder-20&linkCode=osi&th=1&psc=1"><img src="https://m.media-amazon.com/images/I/41HNflmbKHL._SL500_.jpg" alt="Product Image"></a><p>14 x 17.5 x1.75 MERV 13 Replacement Dehumidifier Filter Compatible with Santa Fe Advance90, Advance100, Advance120, Honeywell DR90 & DR120 dehumidifier models, 2 Pack</p><p>$42.99</p><a href="https://www.amazon.com/dp/B0CXDG65LZ?tag=eloabder-20&linkCode=osi&th=1&psc=1">View Product</a></div>
<div class="product"><a href="https://www.amazon.com/dp/B088B921NQ?tag=eloabder-20&linkCode=osi&th=1&psc=1"><img src="https://m.media-amazon.com/images/I/612e4cT3RYL._SL500_.jpg" alt="Product Image"></a><p>ULTTY H13 HEPA Replacement Filter with Medical Coating, True HEPA Filter For R021/ R020 Purifying Fan, Medium</p><p>$29.99</p><a href="https://www.amazon.com/dp/B088B921NQ?tag=eloabder-20&linkCode=osi&th=1&psc=1">View Product</a></div><div class="product"><a href="https://www.amazon.com/dp/B0D2MZ4Y7Z?tag=eloabder-20&linkCode=osi&th=1&psc=1"><img src="https://m.media-amazon.com/images/I/51KgTHizWyL._SL500_.jpg" alt="Product Image"></a><p>Butto 5-Pack Ceiling Fan Filters for Blades - Strong Adhesive Ceiling Fan Filters for Common Household Contaminants - Unscented Coconut Carbon Fan Air Purifier Pads to Make Air Fresh and Natural</p><p>$9.98</p><a href="https://www.amazon.com/dp/B0D2MZ4Y7Z?tag=eloabder-20&linkCode=osi&th=1&psc=1">View Product</a></div><div class="product"><a href="https://www.amazon.com/dp/B0C42HCM21?tag=eloabder-20&linkCode=osi&th=1&psc=1"><img src="https://m.media-amazon.com/images/I/31jk3lpoygL._SL500_.jpg" alt="Product Image"></a><p>Barnakl Ceiling Fan Filters | Activated Coconut Shell Carbon Filter | Easy-Stick Universal Ceiling Fan Air Filters | Unscented Ceiling Fan Blade Filters for Common Household Contaminants, (3-Count)</p><p>$19.99 ($6.66 / Count)</p><a href="https://www.amazon.com/dp/B0C42HCM21?tag=eloabder-20&linkCode=osi&th=1&psc=1">View Product</a></div>
<div class="product"><a href="https://www.amazon.com/dp/B08LZWP29P?tag=eloabder-20&linkCode=osi&th=1&psc=1"><img src="https://m.media-amazon.com/images/I/41NLuzzFW9L._SL500_.jpg" alt="Product Image"></a><p>Chromex Tankless Water Heater Descaling Solution | Highly Effective Descaler Restores Heating Efficiency, Quart, 32 fl oz (1)</p><p>$26.99</p><a href="https://www.amazon.com/dp/B08LZWP29P?tag=eloabder-20&linkCode=osi&th=1&psc=1">View Product</a></div>

<div class="product"><a href="https://www.amazon.com/dp/B005UO4OWQ?tag=eloabder-20&linkCode=osi&th=1&psc=1"><img src="https://m.media-amazon.com/images/I/41oQPKFofoL._SL500_.jpg" alt="Product Image"></a><p>Bissell 203-7458 Brushroll, Bg10/86T3, Black</p><p>$21.26 ($21.26 / Count)</p><a href="https://www.amazon.com/dp/B005UO4OWQ?tag=eloabder-20&linkCode=osi&th=1&psc=1">View Product</a></div>





















<div class="product"><a href="https://www.amazon.com/dp/B0014J7FUY?tag=eloabder-20&linkCode=osi&th=1&psc=1"><img src="https://m.media-amazon.com/images/I/31QrM+IPxOL._SL500_.jpg" alt="Product Image"></a><p>Urnex Grindz Professional Coffee Grinder Cleaning Tablets - 430 Grams - All Natural Food Safe Gluten Free - Cleans Burr and Casing - Help Extend Life of Your Grinder</p><p>$25.99 ($1.71 / Ounce)</p><a href="https://www.amazon.com/dp/B0014J7FUY?tag=eloabder-20&linkCode=osi&th=1&psc=1">View Product</a></div>



<div class="product"><a href="https://www.amazon.com/dp/B0CHW317SG?tag=eloabder-20&linkCode=osi&th=1&psc=1"><img src="https://m.media-amazon.com/images/I/41Qd5Iu3qBL._SL500_.jpg" alt="Product Image"></a><p>EUHOMY 55 Can Beverage Refrigerator cooler-Mini Fridge Glass Door for Beer Drinks Wines, Freestanding Beverage Fridge with Adjustable Shelves Blue LED for Home/Office/Dorm/Bar (1.3cu.ft)</p><p>$128.99</p><a href="https://www.amazon.com/dp/B0CHW317SG?tag=eloabder-20&linkCode=osi&th=1&psc=1">View Product</a></div>

<div class="product"><a href="https://www.amazon.com/dp/B099CN2MRK?tag=eloabder-20&linkCode=osi&th=1&psc=1"><img src="https://m.media-amazon.com/images/I/31CvUCIUX5L._SL500_.jpg" alt="Product Image"></a><p>Genuine PuroAir 240 Replacement Filter - Replacement HEPA Filter for PuroAir 240 Purifier - Captures up to 99% of Pollen, Smoke, Pollen, Dust and Common Household Pollutants</p><p>$48.00</p><a href="https://www.amazon.com/dp/B099CN2MRK?tag=eloabder-20&linkCode=osi&th=1&psc=1">View Product</a></div><div class="product"><a href="https://www.amazon.com/dp/B0055521W0?tag=eloabder-20&linkCode=osi&th=1&psc=1"><img src="https://m.media-amazon.com/images/I/41Hs7ixdyXL._SL500_.jpg" alt="Product Image"></a><p>GermGuardian Filter B HEPA Pure Genuine Air Purifier Replacement Filter, Removes 99.97% of Pollutants for AC4825, AC4300, AC4900, AC4825DLX, AC4850, CDAP4500, AP2200, Black/Yellow, FLT4825</p><p>$17.90 ($17.90 / Count)</p><a href="https://www.amazon.com/dp/B0055521W0?tag=eloabder-20&linkCode=osi&th=1&psc=1">View Product</a></div><div class="product"><a href="https://www.amazon.com/dp/B0BNMYKZPV?tag=eloabder-20&linkCode=osi&th=1&psc=1"><img src="https://m.media-amazon.com/images/I/41-K3mB6KkL._SL500_.jpg" alt="Product Image"></a><p>2 Pack True HEPA KILO Filter Compatible with Afloia KILO, KILOPLUS, KILOPRO, MIRO,MIRO PRO and MORENTO MR-Kilo, Kalo Air Purifier, 360Â° 3-Stage Filtration</p><p>$34.99 ($17.50 / Count)</p><a href="https://www.amazon.com/dp/B0BNMYKZPV?tag=eloabder-20&linkCode=osi&th=1&psc=1">View Product</a></div><div class="product"><a href="https://www.amazon.com/dp/B0D3M4Y9W7?tag=eloabder-20&linkCode=osi&th=1&psc=1"><img src="https://m.media-amazon.com/images/I/41tzW+mkZuL._SL500_.jpg" alt="Product Image"></a><p>Breshair 14 True HEPA Filter Replacement Compatible with PuroAir 240 Air Purifier, 3-in-1 Filtration System with Activated Carbon Filter, 2-Pack</p><p>$31.56 ($15.78 / Count)</p><a href="https://www.amazon.com/dp/B0D3M4Y9W7?tag=eloabder-20&linkCode=osi&th=1&psc=1">View Product</a></div><div class="product"><a href="https://www.amazon.com/dp/B0CB18MVX6?tag=eloabder-20&linkCode=osi&th=1&psc=1"><img src="https://m.media-amazon.com/images/I/519ZmmLOrzL._SL500_.jpg" alt="Product Image"></a><p>2 Pack 3-in-1 H13 True HEPA Replacement Filter Compatible with Pure Enrichment PureZone Air Purifier Part# PEAIRPLG</p><p>$23.99 ($12.00 / Count)</p><a href="https://www.amazon.com/dp/B0CB18MVX6?tag=eloabder-20&linkCode=osi&th=1&psc=1">View Product</a></div><div class="product"><a href="https://www.amazon.com/dp/B08JTZMRML?tag=eloabder-20&linkCode=osi&th=1&psc=1"><img src="https://m.media-amazon.com/images/I/51yx60sCjHL._SL500_.jpg" alt="Product Image"></a><p>6 Pack HPA300 HEPA Filter Replacement for Honeywell HPA300 Series Air Purifiers HPA300, HPA300VP, HPA304, HPA3300, Replace HRF-R3 (6 Ture HEPA R Replacement Filter + 8 Activated Carbon Pre-Filter)</p><p>$47.99 ($3.43 / Count)</p><a href="https://www.amazon.com/dp/B08JTZMRML?tag=eloabder-20&linkCode=osi&th=1&psc=1">View Product</a></div><div class="product"><a href="https://www.amazon.com/dp/B0CF1GLSYS?tag=eloabder-20&linkCode=osi&th=1&psc=1"><img src="https://m.media-amazon.com/images/I/41709EXRzXL._SL500_.jpg" alt="Product Image"></a><p>CHIVALZ 4 Pack HY4866 True HEPA Replacement Filters Compatible with MORENTO HY4866 Air Purifier, WESTHEY HY4866 Air Purifier and YIOU M1 Air Cleaner Purifier, Original Version</p><p>$39.99 ($10.00 / Count)</p><a href="https://www.amazon.com/dp/B0CF1GLSYS?tag=eloabder-20&linkCode=osi&th=1&psc=1">View Product</a></div>







<div class="product"><a href="https://www.amazon.com/dp/B0CYKMFKR9?tag=eloabder-20&linkCode=osi&th=1&psc=1"><img src="https://m.media-amazon.com/images/I/316zU-ozoxL._SL500_.jpg" alt="Product Image"></a><p>Air Purifier Replacement Filter for Space Heater Bladeless Fan</p><p>$29.99</p><a href="https://www.amazon.com/dp/B0CYKMFKR9?tag=eloabder-20&linkCode=osi&th=1&psc=1">View Product</a></div>
<div class="product"><a href="https://www.amazon.com/dp/B07MRH6VY7?tag=eloabder-20&linkCode=osi&th=1&psc=1"><img src="https://m.media-amazon.com/images/I/51g-nuN4A5L._SL500_.jpg" alt="Product Image"></a><p>Colorfullife Replacement Air Purifier Filter for Dyson Tower Purifier Pure Cool Link TP01, TP02, TP03, BP01, Compare to Part 968126-03ï¼Œ2 Pack</p><p>$26.99</p><a href="https://www.amazon.com/dp/B07MRH6VY7?tag=eloabder-20&linkCode=osi&th=1&psc=1">View Product</a></div><div class="product"><a href="https://www.amazon.com/dp/B07TX5SW7J?tag=eloabder-20&linkCode=osi&th=1&psc=1"><img src="https://m.media-amazon.com/images/I/512Kn+cPglL._SL500_.jpg" alt="Product Image"></a><p>TP01 HEPA Filter Replacement Compatible with Dyson Tower Purifier Pure Cool Link TP01, TP02, TP03, AM11, BP01 Models, Compare to Part # 968126-03 (Pack of 2)</p><p>$27.95 ($13.98 / Count)</p><a href="https://www.amazon.com/dp/B07TX5SW7J?tag=eloabder-20&linkCode=osi&th=1&psc=1">View Product</a></div><div class="product"><a href="https://www.amazon.com/dp/B0CC24GZGB?tag=eloabder-20&linkCode=osi&th=1&psc=1"><img src="https://m.media-amazon.com/images/I/41woNpZ9VgL._SL500_.jpg" alt="Product Image"></a><p>TP01 TP02 Filter Compatible with Dyson Pure Cool Link Purifying Tower Fan TP00 TP03 AM11 and Cool Me BP01 Personal Series, 360Â° Air Purifier Filter Replacement 968126-03, 1-Pack</p><p>$25.99</p><a href="https://www.amazon.com/dp/B0CC24GZGB?tag=eloabder-20&linkCode=osi&th=1&psc=1">View Product</a></div><div class="product"><a href="https://www.amazon.com/dp/B0CX23N2JJ?tag=eloabder-20&linkCode=osi&th=1&psc=1"><img src="https://m.media-amazon.com/images/I/3145hmd5j7L._SL500_.jpg" alt="Product Image"></a><p>Dreo Air Purifiers Replacement Filter, HEPA Filter for Dreo Purifier Tower Fan MC710S, with 2 Stage Filtration, Black, Standard(DR-HPA019)</p><p>$39.99</p><a href="https://www.amazon.com/dp/B0CX23N2JJ?tag=eloabder-20&linkCode=osi&th=1&psc=1">View Product</a></div>










<div class="product"><a href="https://www.amazon.com/dp/B001U0OJ7O?tag=eloabder-20&linkCode=osi&th=1&psc=1"><img src="https://m.media-amazon.com/images/I/41XEg3QV-wL._SL500_.jpg" alt="Product Image"></a><p>Whirlpool W10165294RB 15-Inch Plastic Trash Compactor ct, 60 Bags, Count</p><p>$48.34</p><a href="https://www.amazon.com/dp/B001U0OJ7O?tag=eloabder-20&linkCode=osi&th=1&psc=1">View Product</a></div><div class="product"><a href="https://www.amazon.com/dp/B0CC3V4ZZ4?tag=eloabder-20&linkCode=osi&th=1&psc=1"><img src="https://m.media-amazon.com/images/I/31bbvodHnjL._SL500_.jpg" alt="Product Image"></a><p>Waste Smasher- Hand-Held Manual Trash Compactor Dishwasher Safe Black</p><p>$24.95</p><a href="https://www.amazon.com/dp/B0CC3V4ZZ4?tag=eloabder-20&linkCode=osi&th=1&psc=1">View Product</a></div><div class="product"><a href="https://www.amazon.com/dp/B00IYO5914?tag=eloabder-20&linkCode=osi&th=1&psc=1"><img src="https://m.media-amazon.com/images/I/51SLpTXIYNL._SL500_.jpg" alt="Product Image"></a><p>Kitchen Master Super Strong Compactor Bags Pre Cuffed (12 Pack)</p><p>$34.95</p><a href="https://www.amazon.com/dp/B00IYO5914?tag=eloabder-20&linkCode=osi&th=1&psc=1">View Product</a></div><div class="product"><a href="https://www.amazon.com/dp/B075DJ4ZVQ?tag=eloabder-20&linkCode=osi&th=1&psc=1"><img src="https://m.media-amazon.com/images/I/51Vaek4I89L._SL500_.jpg" alt="Product Image"></a><p>Dano Pre-Cuffed Compactor Bags</p><p>$32.95 ($2.75 / Count)</p><a href="https://www.amazon.com/dp/B075DJ4ZVQ?tag=eloabder-20&linkCode=osi&th=1&psc=1">View Product</a></div><div class="product"><a href="https://www.amazon.com/dp/B0C2DCVCBJ?tag=eloabder-20&linkCode=osi&th=1&psc=1"><img src="https://m.media-amazon.com/images/I/51072CtaKuL._SL500_.jpg" alt="Product Image"></a><p>60-pack W10165294RB Trash Compactor Bags - leak-proof trash compactor bags for kitchen 60-ct 15 inches - Fits 15-inch Rectangular Drawer Compactors</p><p>$45.99 ($0.77 / Count)</p><a href="https://www.amazon.com/dp/B0C2DCVCBJ?tag=eloabder-20&linkCode=osi&th=1&psc=1">View Product</a></div><div class="product"><a href="https://www.amazon.com/dp/B001U0OJ7E?tag=eloabder-20&linkCode=osi&th=1&psc=1"><img src="https://m.media-amazon.com/images/I/41c0z26RyvL._SL500_.jpg" alt="Product Image"></a><p>Whirlpool W10165293RB Genuine OEM 60 Pack-Plastic Compactor Bags-18" Models â€“ 1394369, 4178058, 4318932, 4318933, 4318935, 4318937, 4318939, AH1964576, EA1964576, PS1964576</p><p>$48.64 ($0.81 / Count)</p><a href="https://www.amazon.com/dp/B001U0OJ7E?tag=eloabder-20&linkCode=osi&th=1&psc=1">View Product</a></div><div class="product"><a href="https://www.amazon.com/dp/B00W27J16S?tag=eloabder-20&linkCode=osi&th=1&psc=1"><img src="https://m.media-amazon.com/images/I/41RaOjAGlrL._SL500_.jpg" alt="Product Image"></a><p>Compactor Bags Pre Cuffed (50 Pack)</p><p>$84.95 ($1.70 / count)</p><a href="https://www.amazon.com/dp/B00W27J16S?tag=eloabder-20&linkCode=osi&th=1&psc=1">View Product</a></div><div class="product"><a href="https://www.amazon.com/dp/B00MOCYY2W?tag=eloabder-20&linkCode=osi&th=1&psc=1"><img src="https://m.media-amazon.com/images/I/41SH8mDsAnL._SL500_.jpg" alt="Product Image"></a><p>GE WX60X1 Genuine OEM Universal Trash Compactor Bags for GE Trash Compactors</p><p>$19.00</p><a href="https://www.amazon.com/dp/B00MOCYY2W?tag=eloabder-20&linkCode=osi&th=1&psc=1">View Product</a></div><div class="product"><a href="https://www.amazon.com/dp/B0D7SFSTNG?tag=eloabder-20&linkCode=osi&th=1&psc=1"><img src="https://m.media-amazon.com/images/I/41szt9tZJPL._SL500_.jpg" alt="Product Image"></a><p>4PCS Trash Compactor Charcoal Air Filter Fit for Whirlpool/KitchenAid/Maytag/Jenn-Air/Amana/Inglis/Magic Chef Trash Compactor, Replaces 4151750 554358 WP4151750 AP6009134 PS11742279</p><p>$23.59 ($5.90 / Count)</p><a href="https://www.amazon.com/dp/B0D7SFSTNG?tag=eloabder-20&linkCode=osi&th=1&psc=1">View Product</a></div>
<div class="product"><a href="https://www.amazon.com/dp/B0CGLX5ZB9?tag=eloabder-20&linkCode=osi&th=1&psc=1"><img src="https://m.media-amazon.com/images/I/51qeRZQS98L._SL500_.jpg" alt="Product Image"></a><p>Spare Replacement Parts Compatible with MAMNV BR150 BR151, ZCWA BR150 BR151, MANVINS G20 Robot Vacuum and Mop Combo Accessories Include: 3 Hepa Filters 3 Mop Pads 6 Side Spin Brushes</p><p>$9.98</p><a href="https://www.amazon.com/dp/B0CGLX5ZB9?tag=eloabder-20&linkCode=osi&th=1&psc=1">View Product</a></div><div class="product"><a href="https://www.amazon.com/dp/B0B28DGZBG?tag=eloabder-20&linkCode=osi&th=1&psc=1"><img src="https://m.media-amazon.com/images/I/51ooMN4RqML._SL500_.jpg" alt="Product Image"></a><p>Replacement Parts for Shark AI AV2511AE AV2501S AV2610WA AV2501AE RV2502AE RV2610WA RV2520 AV2510 2-In-1 AI Ultra Robot Vacuum Cleaner Accessories Kits. Main Brush, HEPA Filter, Foam Filter,Side Brush</p><p>$19.99 ($1.05 / Count)</p><a href="https://www.amazon.com/dp/B0B28DGZBG?tag=eloabder-20&linkCode=osi&th=1&psc=1">View Product</a></div><div class="product"><a href="https://www.amazon.com/dp/B0782T7L6P?tag=eloabder-20&linkCode=osi&th=1&psc=1"><img src="https://m.media-amazon.com/images/I/41hTVkuzMJL._SL500_.jpg" alt="Product Image"></a><p>10pcs HEPA Filters Replacement for ILIFE V3s V3s pro V5 V5s V5s Pro V5s Pro 2 V5s Plus Noisz S5 Robotic Vacuum Cleaner ILIFE V3s pro Filters ILIFE Robot Vacuum Filter</p><p>$9.80 ($0.98 / Count)</p><a href="https://www.amazon.com/dp/B0782T7L6P?tag=eloabder-20&linkCode=osi&th=1&psc=1">View Product</a></div><div class="product"><a href="https://www.amazon.com/dp/B0CXLVHTTC?tag=eloabder-20&linkCode=osi&th=1&psc=1"><img src="https://m.media-amazon.com/images/I/51BT3phYzKL._SL500_.jpg" alt="Product Image"></a><p>HUIZHEN Spare Accessories for MAMNV BR150/BR151, for ZCWA BR150/BR151, for MANVINS G20,for GTTVO BR150/BR151,for ONSON BR150/BR151 Robot Vacuum Replacement Parts,6 Side Brush,4 HEPA Filters,4 Mop Pads</p><p>$9.99</p><a href="https://www.amazon.com/dp/B0CXLVHTTC?tag=eloabder-20&linkCode=osi&th=1&psc=1">View Product</a></div><div class="product"><a href="https://www.amazon.com/dp/B08RYDDQL8?tag=eloabder-20&linkCode=osi&th=1&psc=1"><img src="https://m.media-amazon.com/images/I/314Xd7+oBXL._SL500_.jpg" alt="Product Image"></a><p>AirClean 4 Pack 3.7" High Replacement Base Pre-Motor Foam Filters Compatible with Shark IQ Robot Vacuum R101AE RV1001AE UR1005AE Self-Empty Base</p><p>$12.99 ($3.25 / Count)</p><a href="https://www.amazon.com/dp/B08RYDDQL8?tag=eloabder-20&linkCode=osi&th=1&psc=1">View Product</a></div><div class="product"><a href="https://www.amazon.com/dp/B0CJLHJ557?tag=eloabder-20&linkCode=osi&th=1&psc=1"><img src="https://m.media-amazon.com/images/I/41iQm8hUjiL._SL500_.jpg" alt="Product Image"></a><p>Replacement Parts Compatible with WYZE Robot Vacuum Cleaner WVCR200S Accessories, 2 Main Brushes, 6 Hepa Filters, 8 Side Brushes Attachment Spare Pack</p><p>$14.99 ($0.94 / Count)</p><a href="https://www.amazon.com/dp/B0CJLHJ557?tag=eloabder-20&linkCode=osi&th=1&psc=1">View Product</a></div>
<div class="product"><a href="https://www.amazon.com/dp/B0C4595Q8P?tag=eloabder-20&linkCode=osi&th=1&psc=1"><img src="https://m.media-amazon.com/images/I/51k23SAtRxL._SL500_.jpg" alt="Product Image"></a><p>4 Pack FSV001 HEPA Filter Compatiable with Fabuletta FSV101, FSV001, Girnoor G160&G165, Afoddon A300, Lubluelu 202, Oraimo Cordless Vacuum Cleaner, Besswin W26 Cordless Stick Vacuum Cleaners</p><p>$15.99 ($4.00 / Count)</p><a href="https://www.amazon.com/dp/B0C4595Q8P?tag=eloabder-20&linkCode=osi&th=1&psc=1">View Product</a></div>
<div class="product"><a href="https://www.amazon.com/dp/B0BNKJX96X?tag=eloabder-20&linkCode=osi&th=1&psc=1"><img src="https://m.media-amazon.com/images/I/41OPeLFppoL._SL500_.jpg" alt="Product Image"></a><p>6 PACK 2033 Replacement Filter Compatible with Bissell Featherweight Stick Lightweight Bagless Vacuum Cleaner 20331, 20333, 20334, 20336, 20339, 2033M,6 Mesh Filter 6 Foam Filters, Replace # 1611508</p><p>$14.99 ($2.50 / Count)</p><a href="https://www.amazon.com/dp/B0BNKJX96X?tag=eloabder-20&linkCode=osi&th=1&psc=1">View Product</a></div><div class="product"><a href="https://www.amazon.com/dp/B0CMBWLTSM?tag=eloabder-20&linkCode=osi&th=1&psc=1"><img src="https://m.media-amazon.com/images/I/41PHqKaLTDL._SL500_.jpg" alt="Product Image"></a><p>18V ONE + Cordless Pet Stick Vacuum Filter for Ryobi, PCL720, PBLSV716, PBLSV717 Stick Vacuum, Reusable Washable Filters, Compare to Part A32SV720N, 6 Pack</p><p>$15.99 ($2.66 / Count)</p><a href="https://www.amazon.com/dp/B0CMBWLTSM?tag=eloabder-20&linkCode=osi&th=1&psc=1">View Product</a></div><div class="product"><a href="https://www.amazon.com/dp/B0CXDYWWT9?tag=eloabder-20&linkCode=osi&th=1&psc=1"><img src="https://m.media-amazon.com/images/I/41F1csTT8jL._SL500_.jpg" alt="Product Image"></a><p>2 Replacement Filters for Craftsman V20 Cordless Stick Vacuum CMCVS001D1, for Black Decker BSVF1 BSV2020 BSV2020G BSV2020P Cordless Stick Vacuum Cleaner with 1 Cleaning Brush</p><p>$14.99</p><a href="https://www.amazon.com/dp/B0CXDYWWT9?tag=eloabder-20&linkCode=osi&th=1&psc=1">View Product</a></div><div class="product"><a href="https://www.amazon.com/dp/B0CCJ5N5DH?tag=eloabder-20&linkCode=osi&th=1&psc=1"><img src="https://m.media-amazon.com/images/I/41xmhDPqk8L._SL500_.jpg" alt="Product Image"></a><p>Aolleteau 1 Pack Brush Roller Compatible with Black + Decker BSV2020, BSV2020P, BSV2020G Powerseries Extreme Cordless Stick Vacuum and Compatible with Craftsman V20 Cordless Stick Vacuum CMCVS001D1</p><p>$17.99</p><a href="https://www.amazon.com/dp/B0CCJ5N5DH?tag=eloabder-20&linkCode=osi&th=1&psc=1">View Product</a></div><div class="product"><a href="https://www.amazon.com/dp/B0CQY61LFD?tag=eloabder-20&linkCode=osi&th=1&psc=1"><img src="https://m.media-amazon.com/images/I/31swBBC444L._SL500_.jpg" alt="Product Image"></a><p>Tablenco for Shark HZ602 Filter Replacement Ultralight Pet Pro Corded Stick Vacuum and HZ2002 Vertex DuoClean PowerFins fit HZ2000 HZ251 HZ250 HH200 HH202,4 Foam Felt 4 Motor Kit (No cleaning brush)</p><p>$9.98</p><a href="https://www.amazon.com/dp/B0CQY61LFD?tag=eloabder-20&linkCode=osi&th=1&psc=1">View Product</a></div><div class="product"><a href="https://www.amazon.com/dp/B09Q55KW8W?tag=eloabder-20&linkCode=osi&th=1&psc=1"><img src="https://m.media-amazon.com/images/I/51MKsJy6nSL._SL500_.jpg" alt="Product Image"></a><p>Anicell 2033 Featherweight Filter for Bissell Featherweight Stick Lightweight Bagless Vacuum 20331 20333 20334 20336 20339 2033M, 4 Mesh Filters 6 Foam Filters Replacement, Replace part# 1611508</p><p>$11.99</p><a href="https://www.amazon.com/dp/B09Q55KW8W?tag=eloabder-20&linkCode=osi&th=1&psc=1">View Product</a></div><div class="product"><a href="https://www.amazon.com/dp/B0CDVG7LHD?tag=eloabder-20&linkCode=osi&th=1&psc=1"><img src="https://m.media-amazon.com/images/I/41hjN1Te6sL._SL500_.jpg" alt="Product Image"></a><p>Moreffi 3 Pack Filter Replacement For HART Cordless Stick Vacuum HPSV01 and HPSV50, Compare to Part Number HASV01</p><p>$19.99 ($6.66 / Count)</p><a href="https://www.amazon.com/dp/B0CDVG7LHD?tag=eloabder-20&linkCode=osi&th=1&psc=1">View Product</a></div>
<div class="product"><a href="https://www.amazon.com/dp/B07DQ9TZC8?tag=eloabder-20&linkCode=osi&th=1&psc=1"><img src="https://m.media-amazon.com/images/I/41PHyZ20FuL._SL500_.jpg" alt="Product Image"></a><p>Kenmore 53294 Style O HEPA Cloth Vacuum Bags for Kenmore Upright Vacuum Cleaners 6 Pack,White</p><p>$20.99 ($3.50 / Count)</p><a href="https://www.amazon.com/dp/B07DQ9TZC8?tag=eloabder-20&linkCode=osi&th=1&psc=1">View Product</a></div><div class="product"><a href="https://www.amazon.com/dp/B08MXVTTT2?tag=eloabder-20&linkCode=osi&th=1&psc=1"><img src="https://m.media-amazon.com/images/I/41T6wRpIMzL._SL500_.jpg" alt="Product Image"></a><p>Kenmore IB600 HEPA Replacement Intuition Upright Vacuum Cleaner Bags for BU4022, BU4020, BU4018, BU4050, BU3040,White</p><p>$18.75</p><a href="https://www.amazon.com/dp/B08MXVTTT2?tag=eloabder-20&linkCode=osi&th=1&psc=1">View Product</a></div><div class="product"><a href="https://www.amazon.com/dp/B01010JVYO?tag=eloabder-20&linkCode=osi&th=1&psc=1"><img src="https://m.media-amazon.com/images/I/51Anluh47GL._SL500_.jpg" alt="Product Image"></a><p>EnviroCare Replacement Micro Filtration Vacuum Cleaner Dust Bags Designed to fit Hoover Windtunnel Upright Type Y 9 pack</p><p>$9.89 ($1.10 / Count)</p><a href="https://www.amazon.com/dp/B01010JVYO?tag=eloabder-20&linkCode=osi&th=1&psc=1">View Product</a></div><div class="product"><a href="https://www.amazon.com/dp/B0D5CP3WBY?tag=eloabder-20&linkCode=osi&th=1&psc=1"><img src="https://m.media-amazon.com/images/I/31MaGmsVOwL._SL500_.jpg" alt="Product Image"></a><p>Bagless Upright Kenmore Vacuum HEPA Filters, Compatible with Foam Filters, Felt Filters and Upright vacuum cleaner for Models K4010,DU2015,DU2012(includes 1 Hepa Filters,2 Foam and 2 Felt Filters)</p><p>$12.99</p><a href="https://www.amazon.com/dp/B0D5CP3WBY?tag=eloabder-20&linkCode=osi&th=1&psc=1">View Product</a></div><div class="product"><a href="https://www.amazon.com/dp/B0CBFV28WX?tag=eloabder-20&linkCode=osi&th=1&psc=1"><img src="https://m.media-amazon.com/images/I/51LIYI0wXSL._SL500_.jpg" alt="Product Image"></a><p>16 Packs Vacuum Bags for Oreck Type CC, Compatible with All Oreck XL Upright Vacuum Cleaner - Replaces Part # CCPK8DW</p><p>$21.99 ($1.37 / Count)</p><a href="https://www.amazon.com/dp/B0CBFV28WX?tag=eloabder-20&linkCode=osi&th=1&psc=1">View Product</a></div><div class="product"><a href="https://www.amazon.com/dp/B00F9GQMHA?tag=eloabder-20&linkCode=osi&th=1&psc=1"><img src="https://m.media-amazon.com/images/I/51lhelurelL._SL500_.jpg" alt="Product Image"></a><p>EnviroCare Replacement Premium Vacuum Cleaner Dust Bags made to fit Eureka F&G Uprights 9 bags</p><p>$11.09</p><a href="https://www.amazon.com/dp/B00F9GQMHA?tag=eloabder-20&linkCode=osi&th=1&psc=1">View Product</a></div><div class="product"><a href="https://www.amazon.com/dp/B002CI8G1I?tag=eloabder-20&linkCode=osi&th=1&psc=1"><img src="https://m.media-amazon.com/images/I/51PYQrQpbSL._SL500_.jpg" alt="Product Image"></a><p>EnviroCare Replacement Micro Filtration Vacuum Cleaner Dust Bags made to fit Kenmore Upright Type U/L/O 50688 and 50690, Panasonic Type U-2, Miele Type Z. 9 pack</p><p>$9.99</p><a href="https://www.amazon.com/dp/B002CI8G1I?tag=eloabder-20&linkCode=osi&th=1&psc=1">View Product</a></div>
<div class="product"><a href="https://www.amazon.com/dp/B07GNQJ67P?tag=eloabder-20&linkCode=osi&th=1&psc=1"><img src="https://m.media-amazon.com/images/I/41XHnKbgjAL._SL500_.jpg" alt="Product Image"></a><p>Kenmore 53292 Type Q HEPA Replacement Dust Bags for Canister Vacuum 81214, 81414, 81714, 21814, BC2005, BC3005, 81615, BC7005, 6 Count (Pack of 1)</p><p>$13.24 ($2.21 / Count)</p><a href="https://www.amazon.com/dp/B07GNQJ67P?tag=eloabder-20&linkCode=osi&th=1&psc=1">View Product</a></div><div class="product"><a href="https://www.amazon.com/dp/B01L0C0FVK?tag=eloabder-20&linkCode=osi&th=1&psc=1"><img src="https://m.media-amazon.com/images/I/51ZIjbo9NVL._SL500_.jpg" alt="Product Image"></a><p>Envirocare Replacement Vacuum Bags Compatible with Kenmore Canister Type C/Q. 5055, 50557 and 50558 Panasonic Type C-5 Vacuums,15 pack</p><p>$16.16</p><a href="https://www.amazon.com/dp/B01L0C0FVK?tag=eloabder-20&linkCode=osi&th=1&psc=1">View Product</a></div><div class="product"><a href="https://www.amazon.com/dp/B0BTRTP2PM?tag=eloabder-20&linkCode=osi&th=1&psc=1"><img src="https://m.media-amazon.com/images/I/41K295aRv9L._SL500_.jpg" alt="Product Image"></a><p>Vacuum Cleaner Bags Fit for Kenmore Canister Type C/Q 50555 50557 50558 and Type C-5, 10PCs</p><p>$15.99</p><a href="https://www.amazon.com/dp/B0BTRTP2PM?tag=eloabder-20&linkCode=osi&th=1&psc=1">View Product</a></div><div class="product"><a href="https://www.amazon.com/dp/B0CRQYGLZX?tag=eloabder-20&linkCode=osi&th=1&psc=1"><img src="https://m.media-amazon.com/images/I/413iXp+j3ML._SL500_.jpg" alt="Product Image"></a><p>15 Pack Canister Vacuum Cleaner Bags Compatible with Kenmore Canister Type C/Q 5055, 50555, 50557, 50558 and Type C-5, C-18, 53292, 200 Series, 400 Series, 600 Series, 700 Series, 800 Series Vacuum</p><p>$11.69</p><a href="https://www.amazon.com/dp/B0CRQYGLZX?tag=eloabder-20&linkCode=osi&th=1&psc=1">View Product</a></div><div class="product"><a href="https://www.amazon.com/dp/B00QGD3SBI?tag=eloabder-20&linkCode=osi&th=1&psc=1"><img src="https://m.media-amazon.com/images/I/51xw0asyqTL._SL500_.jpg" alt="Product Image"></a><p>EnviroCare Replacement Vacuum Bags made to fit Kenmore Canister Type C or Q 50555, 50558, 50557 and Panasonic Type C-5 Vacuums, 9 pack</p><p>$9.79</p><a href="https://www.amazon.com/dp/B00QGD3SBI?tag=eloabder-20&linkCode=osi&th=1&psc=1">View Product</a></div><div class="product"><a href="https://www.amazon.com/dp/B0CQP9NP5N?tag=eloabder-20&linkCode=osi&th=1&psc=1"><img src="https://m.media-amazon.com/images/I/41WnNkTz8zL._SL500_.jpg" alt="Product Image"></a><p>8 Pack Replacement Vacuum Bags Compatible with Kenmore Canister Type C/Q. 5055, 50104, 50557 and 50558 Panasonic Type C-5 Vacuums</p><p>$9.99 ($1.25 / Count)</p><a href="https://www.amazon.com/dp/B0CQP9NP5N?tag=eloabder-20&linkCode=osi&th=1&psc=1">View Product</a></div>
<div class="product"><a href="https://www.amazon.com/dp/B09M3Y2BHR?tag=eloabder-20&linkCode=osi&th=1&psc=1"><img src="https://m.media-amazon.com/images/I/31tevngai1L._SL500_.jpg" alt="Product Image"></a><p>Ymimi Vacuum Filter Compatible with Eureka WhirlWind Bagless Canister Vacuum Cleaner,Fits NEN110A,NEN110B,NEN110Dï¼ˆ2-Packï¼‰</p><p>$11.99 ($6.00 / Count)</p><a href="https://www.amazon.com/dp/B09M3Y2BHR?tag=eloabder-20&linkCode=osi&th=1&psc=1">View Product</a></div><div class="product"><a href="https://www.amazon.com/dp/B07J1WWBHN?tag=eloabder-20&linkCode=osi&th=1&psc=1"><img src="https://m.media-amazon.com/images/I/51gmkDrnR2L._SL500_.jpg" alt="Product Image"></a><p>Bissell Powerforce Helix Bagless Washable Premotor Filter #1608225, Black</p><p>$7.78</p><a href="https://www.amazon.com/dp/B07J1WWBHN?tag=eloabder-20&linkCode=osi&th=1&psc=1">View Product</a></div><div class="product"><a href="https://www.amazon.com/dp/B0BK64TMMK?tag=eloabder-20&linkCode=osi&th=1&psc=1"><img src="https://m.media-amazon.com/images/I/41OBMvET7eL._SL500_.jpg" alt="Product Image"></a><p>Vacuum Belt Replacement for Bissell Cleanview Swivel Pet Upright Bagless/Powerlifter Vacuum Cleaner, fits model: 2252, 2254, 22543, 2258,2259, 2260,2316, 2739, 1793, Parts # 3031120, 32074</p><p>$6.99</p><a href="https://www.amazon.com/dp/B0BK64TMMK?tag=eloabder-20&linkCode=osi&th=1&psc=1">View Product</a></div><div class="product"><a href="https://www.amazon.com/dp/B0BKKL3WRB?tag=eloabder-20&linkCode=osi&th=1&psc=1"><img src="https://m.media-amazon.com/images/I/410jMe-FjIL._SL500_.jpg" alt="Product Image"></a><p>Aolleteau F1 HEPA Filter Compatible with Dirt Devil Bagless Upright Cleaner Models Extra Lite, Breeze, Featherlite Bagless, Jaguar Bagless,Platinum Force Vision, Scorpion and Vision Bagless (2 Pack)</p><p>$13.99 ($7.00 / Count)</p><a href="https://www.amazon.com/dp/B0BKKL3WRB?tag=eloabder-20&linkCode=osi&th=1&psc=1">View Product</a></div><div class="product"><a href="https://www.amazon.com/dp/B09SG1P4WN?tag=eloabder-20&linkCode=osi&th=1&psc=1"><img src="https://m.media-amazon.com/images/I/51+Mr+Wq5ML._SL500_.jpg" alt="Product Image"></a><p>NEN110A Vacuum Filter, Inlet Frame and Sponge Filter Compatible with Eureka Whirlwind Bagless Canister Vacuum Cleaner, Fits NEN110A, NEN110B, NEN110D(4-Pack)</p><p>$15.99 ($4.00 / Count)</p><a href="https://www.amazon.com/dp/B09SG1P4WN?tag=eloabder-20&linkCode=osi&th=1&psc=1">View Product</a></div>
<div class="product"><a href="https://www.amazon.com/dp/B07GT9VB9X?tag=eloabder-20&linkCode=osi&th=1&psc=1"><img src="https://m.media-amazon.com/images/I/41IokheYtNL._SL500_.jpg" alt="Product Image"></a><p>6 Pack 1940 Bissell Steam Mop Pads for Bissell PowerFresh Steam Mop 1806 1544 1440 2075A 2685A 1940W 19404 Series, Model 19402 19408 1940a 1940f 1940q 1940t B0006 B0017, Part #5938#203-2633</p><p>$16.99 ($2.83 / Count)</p><a href="https://www.amazon.com/dp/B07GT9VB9X?tag=eloabder-20&linkCode=osi&th=1&psc=1">View Product</a></div><div class="product"><a href="https://www.amazon.com/dp/B07H3MYZLD?tag=eloabder-20&linkCode=osi&th=1&psc=1"><img src="https://m.media-amazon.com/images/I/511p6MPxQ0L._SL500_.jpg" alt="Product Image"></a><p>Flammi Steam Pocket Mop Replacement Pads for Shark S3500 Series S3501 S3601 S3550 S3901 SE450 S3801CO S3601D S2901 S2902 Steam Pocket Mop, 4 Pack</p><p>$16.97 ($4.24 / Count)</p><a href="https://www.amazon.com/dp/B07H3MYZLD?tag=eloabder-20&linkCode=osi&th=1&psc=1">View Product</a></div><div class="product"><a href="https://www.amazon.com/dp/B0C8SH97HN?tag=eloabder-20&linkCode=osi&th=1&psc=1"><img src="https://m.media-amazon.com/images/I/31Mex4y7odL._SL500_.jpg" alt="Product Image"></a><p>HOMEXCEL Steam Mop Replacement Pads Compatible with Bissell Powerfresh Steam Mop 1940 1806 1440 1544 Series, Model 19402 19404 19408 2685A 2075A 1940A 1940Q 1940T 1940W, Steam Mop Pads Refills,4 Pack</p><p>$9.99 ($2.50 / Count)</p><a href="https://www.amazon.com/dp/B0C8SH97HN?tag=eloabder-20&linkCode=osi&th=1&psc=1">View Product</a></div><div class="product"><a href="https://www.amazon.com/dp/B0BFWTXS33?tag=eloabder-20&linkCode=osi&th=1&psc=1"><img src="https://m.media-amazon.com/images/I/51pa2h7o0EL._SL500_.jpg" alt="Product Image"></a><p>12 Pack 1940 Steam Mop Replacement Pads for Bissell Powerfresh Steam Mop 1940 1440 1806 1544 2075 2685A 2814 Series, Model 19402 19404 19408 19409 1940A 1940F 1940Q 1940T 1940W B0006 B0017 2075A 15441</p><p>$24.99</p><a href="https://www.amazon.com/dp/B0BFWTXS33?tag=eloabder-20&linkCode=osi&th=1&psc=1">View Product</a></div><div class="product"><a href="https://www.amazon.com/dp/B0CLP5QGTY?tag=eloabder-20&linkCode=osi&th=1&psc=1"><img src="https://m.media-amazon.com/images/I/414HqpKde9L._SL500_.jpg" alt="Product Image"></a><p>10 Pack 1940 1806 2685A Steam Mop Pads For Bissell Powerfresh Steam Mop Deluxe Pet Lift-Off Plus Slim Scrubbing Steam Mop Replacement Pad 1940A 2814 1544A 2075A Power Fresh Steamer Pad Refill Washable</p><p>$22.99 ($2.30 / Count)</p><a href="https://www.amazon.com/dp/B0CLP5QGTY?tag=eloabder-20&linkCode=osi&th=1&psc=1">View Product</a></div><div class="product"><a href="https://www.amazon.com/dp/B078BBKBPV?tag=eloabder-20&linkCode=osi&th=1&psc=1"><img src="https://m.media-amazon.com/images/I/51WcJqtOUIL._SL500_.jpg" alt="Product Image"></a><p>Tidy Monster Steam Mop Replacement Pads Compatible with Bissell Powerfresh Steam Mop 1940 1806 1544 1440 2075A 2685A Series, Part # 5938 & 203-2633, 1606668 & 1606669 (4 Pack Scrub Plush)</p><p>$9.99</p><a href="https://www.amazon.com/dp/B078BBKBPV?tag=eloabder-20&linkCode=osi&th=1&psc=1">View Product</a></div><div class="product"><a href="https://www.amazon.com/dp/B00A6G37SU?tag=eloabder-20&linkCode=osi&th=1&psc=1"><img src="https://m.media-amazon.com/images/I/51xo0LB-SpL._SL500_.jpg" alt="Product Image"></a><p>BISSELL PowerFresh Steam Mop Pads (Pack of 2) with Fragrance discs (4 ct), 5938</p><p>$21.26 ($10.63 / Count)</p><a href="https://www.amazon.com/dp/B00A6G37SU?tag=eloabder-20&linkCode=osi&th=1&psc=1">View Product</a></div>
<div class="product"><a href="https://www.amazon.com/dp/B0D2QFVY7H?tag=eloabder-20&linkCode=osi&th=1&psc=1"><img src="https://m.media-amazon.com/images/I/417B7H+vvML._SL500_.jpg" alt="Product Image"></a><p>Kenmore KS1010 Deep Clean & Revitalize Pet Carpet Cleaner Formula, 64 oz, White, 64 Fl Oz</p><p>$22.73 ($0.36 / Fl Oz)</p><a href="https://www.amazon.com/dp/B0D2QFVY7H?tag=eloabder-20&linkCode=osi&th=1&psc=1">View Product</a></div><div class="product"><a href="https://www.amazon.com/dp/B0BNK8ZJJ1?tag=eloabder-20&linkCode=osi&th=1&psc=1"><img src="https://m.media-amazon.com/images/I/51z0Pc4xcNL._SL500_.jpg" alt="Product Image"></a><p>Bissell Spotlifter Pet Carpet and Upholstery Cleaner with Brush Head - 4 Pack, 93523</p><p>$23.88 ($0.50 / Fl Oz)</p><a href="https://www.amazon.com/dp/B0BNK8ZJJ1?tag=eloabder-20&linkCode=osi&th=1&psc=1">View Product</a></div><div class="product"><a href="https://www.amazon.com/dp/B0CX245D26?tag=eloabder-20&linkCode=osi&th=1&psc=1"><img src="https://m.media-amazon.com/images/I/411CSXvvO1L._SL500_.jpg" alt="Product Image"></a><p>BISSELLÂ® Spot & Stain with Febreze + Gain Original Scent Formula for Little Green Devices, Portable Carpet Cleaners (3968)</p><p>$12.99 ($0.41 / Fl Oz)</p><a href="https://www.amazon.com/dp/B0CX245D26?tag=eloabder-20&linkCode=osi&th=1&psc=1">View Product</a></div><div class="product"><a href="https://www.amazon.com/dp/B083VZW4R5?tag=eloabder-20&linkCode=osi&th=1&psc=1"><img src="https://m.media-amazon.com/images/I/413BULPLmBL._SL500_.jpg" alt="Product Image"></a><p>BISSELL Multi-Surface Pet Formula with Febreze Freshness for Crosswave (80 oz), 2295L</p><p>$22.99 ($0.29 / Fl Oz)</p><a href="https://www.amazon.com/dp/B083VZW4R5?tag=eloabder-20&linkCode=osi&th=1&psc=1">View Product</a></div><div class="product"><a href="https://www.amazon.com/dp/B0D2RGW219?tag=eloabder-20&linkCode=osi&th=1&psc=1"><img src="https://m.media-amazon.com/images/I/41gD+82tnAL._SL500_.jpg" alt="Product Image"></a><p>Vacmaster Clean & Restore Carpet Cleaner Formula â€“ CCS03</p><p>$19.99 ($0.31 / Fl Oz)</p><a href="https://www.amazon.com/dp/B0D2RGW219?tag=eloabder-20&linkCode=osi&th=1&psc=1">View Product</a></div>






<div class="product"><a href="https://www.amazon.com/dp/B0BY64HQTP?tag=eloabder-20&linkCode=osi&th=1&psc=1"><img src="https://m.media-amazon.com/images/I/41hUxHuASYL._SL500_.jpg" alt="Product Image"></a><p>Air Conditioning Motor WZDK13-38G-1(RD-310-13-8) DC Brushless Fan Motor, 13W Inverter air Conditioner Motor DC Motor for Central air Conditioner</p><p>$39.95</p><a href="https://www.amazon.com/dp/B0BY64HQTP?tag=eloabder-20&linkCode=osi&th=1&psc=1">View Product</a></div><div class="product"><a href="https://www.amazon.com/dp/B0CM5YB884?tag=eloabder-20&linkCode=osi&th=1&psc=1"><img src="https://m.media-amazon.com/images/I/310lQ2tAvLL._SL500_.jpg" alt="Product Image"></a><p>Sparkfix OEM WZDK20-38G (ZKFP-20-8-6) Air Conditioner Replacement Motors DC280V 20W Air Conditioning Fan Motor Inverter Air Conditioner Brushless DC Motor 1300RPM CCW</p><p>$42.79</p><a href="https://www.amazon.com/dp/B0CM5YB884?tag=eloabder-20&linkCode=osi&th=1&psc=1">View Product</a></div>













<div class="product"><a href="https://www.amazon.com/dp/B009PCI2JU?tag=eloabder-20&linkCode=osi&th=1&psc=1"><img src="https://m.media-amazon.com/images/I/310ZJurANUL._SL500_.jpg" alt="Product Image"></a><p>GE RPWFE Refrigerator Water Filter | Certified to Reduce Lead, Sulfur, and 50+ Other Impurities | Replace Every 6 Months for Best Results | Pack of 1</p><p>$49.98</p><a href="https://www.amazon.com/dp/B009PCI2JU?tag=eloabder-20&linkCode=osi&th=1&psc=1">View Product</a></div><div class="product"><a href="https://www.amazon.com/dp/B0882ZJ48W?tag=eloabder-20&linkCode=osi&th=1&psc=1"><img src="https://m.media-amazon.com/images/I/41110o9sUoL._SL500_.jpg" alt="Product Image"></a><p>GE XWFE Refrigerator Water Filter | Certified to Reduce Lead, Sulfur, and 50+ Other Impurities | Replace Every 6 Months for Best Results | Pack of 1, White</p><p>$49.00</p><a href="https://www.amazon.com/dp/B0882ZJ48W?tag=eloabder-20&linkCode=osi&th=1&psc=1">View Product</a></div><div class="product"><a href="https://www.amazon.com/dp/B074HLRXMP?tag=eloabder-20&linkCode=osi&th=1&psc=1"><img src="https://m.media-amazon.com/images/I/21oDpGCQXiL._SL500_.jpg" alt="Product Image"></a><p>LG LT1000P - 6 Month / 200 Gallon Capacity Replacement Refrigerator Water Filter (NSF42, NSF53, and NSF401) ADQ74793501, ADQ75795105, or AGF80300704 , White</p><p>$47.00</p><a href="https://www.amazon.com/dp/B074HLRXMP?tag=eloabder-20&linkCode=osi&th=1&psc=1">View Product</a></div><div class="product"><a href="https://www.amazon.com/dp/B01BKWSHHE?tag=eloabder-20&linkCode=osi&th=1&psc=1"><img src="https://m.media-amazon.com/images/I/31E2+zlkvjL._SL500_.jpg" alt="Product Image"></a><p>Frigidaire EPTWFU01 Water Filtration Filter, 1 Count, White</p><p>$42.99</p><a href="https://www.amazon.com/dp/B01BKWSHHE?tag=eloabder-20&linkCode=osi&th=1&psc=1">View Product</a></div><div class="product"><a href="https://www.amazon.com/dp/B08V6JB9R7?tag=eloabder-20&linkCode=osi&th=1&psc=1"><img src="https://m.media-amazon.com/images/I/31PRPEffCZL._SL500_.jpg" alt="Product Image"></a><p>Frigidaire FPPWFU01 PurePour PWF-1 Water Filter 1 Count (Pack of 1)</p><p>$45.81</p><a href="https://www.amazon.com/dp/B08V6JB9R7?tag=eloabder-20&linkCode=osi&th=1&psc=1">View Product</a></div><div class="product"><a href="https://www.amazon.com/dp/B000AST3AK?tag=eloabder-20&linkCode=osi&th=1&psc=1"><img src="https://m.media-amazon.com/images/I/41DUoSxpwTS._SL500_.jpg" alt="Product Image"></a><p>GE MWF Refrigerator Water Filter | Certified to Reduce Lead, Sulfur, and 50+ Other Impurities | Replace Every 6 Months for Best Results | Pack of 1</p><p>$39.98</p><a href="https://www.amazon.com/dp/B000AST3AK?tag=eloabder-20&linkCode=osi&th=1&psc=1">View Product</a></div><div class="product"><a href="https://www.amazon.com/dp/B0CFZR7K8D?tag=eloabder-20&linkCode=osi&th=1&psc=1"><img src="https://m.media-amazon.com/images/I/31WM5sdhKLL._SL500_.jpg" alt="Product Image"></a><p>HMASAV W10295370A water filter replacement, Compatible with EDR1RXD1,EDR1RXD1B,W10295370,Filter 1,WHR1RXD1,KAD1RXD1,P4RFWB,P8RFWB2L,46-9930,46-9081 2PACK</p><p>$29.99 ($15.00 / Count)</p><a href="https://www.amazon.com/dp/B0CFZR7K8D?tag=eloabder-20&linkCode=osi&th=1&psc=1">View Product</a></div><div class="product"><a href="https://www.amazon.com/dp/B07JM9TTTT?tag=eloabder-20&linkCode=osi&th=1&psc=1"><img src="https://m.media-amazon.com/images/I/41CfAtJ8TPL._SL500_.jpg" alt="Product Image"></a><p>GLACIER FRESH LT1000PC Replacement Water Filter, Compatible with LT1000PC/PCS, LT1000PC, LT-1000PC, MDJ64844601, ADQ747935 ADQ74793504 Filter and LT120F ADQ73334008 Fresh Air (3+3)</p><p>$39.99 ($13.33 / Count)</p><a href="https://www.amazon.com/dp/B07JM9TTTT?tag=eloabder-20&linkCode=osi&th=1&psc=1">View Product</a></div><div class="product"><a href="https://www.amazon.com/dp/B003N1ZSYG?tag=eloabder-20&linkCode=osi&th=1&psc=1"><img src="https://m.media-amazon.com/images/I/31Mbrkrxu1L._SL500_.jpg" alt="Product Image"></a><p>SAMSUNG Genuine Filter for Refrigerator Water and Ice, Carbon Block Filtration for Clean, Clear Drinking Water, 6-Month Life, HAF-CIN/EXP, 1 Pack</p><p>$39.99</p><a href="https://www.amazon.com/dp/B003N1ZSYG?tag=eloabder-20&linkCode=osi&th=1&psc=1">View Product</a></div>









<div class="product"><a href="https://www.amazon.com/dp/B0B2NZ47HN?tag=eloabder-20&linkCode=osi&th=1&psc=1"><img src="https://m.media-amazon.com/images/I/41nC6c2XxJL._SL500_.jpg" alt="Product Image"></a><p>OTE Portable Sparkling Water Maker Soda Maker Machine for home with 20PCS Cylinders 450ml Personal seltzer Carbonators Electroless Double Layer PET Bottle BPA Free Double Pressure Relief Valves -Pink</p><p>$49.99</p><a href="https://www.amazon.com/dp/B0B2NZ47HN?tag=eloabder-20&linkCode=osi&th=1&psc=1">View Product</a></div><div class="product"><a href="https://www.amazon.com/dp/B09DY54L7M?tag=eloabder-20&linkCode=osi&th=1&psc=1"><img src="https://m.media-amazon.com/images/I/31LSpnm3G8L._SL500_.jpg" alt="Product Image"></a><p>MOSOLAN Bottle Cleaning Brush, 17 Inches Extra Long Handle Water Bottle Brush, Flexible Bendable Cleaner for Washing Narrow Neck Bottles, Wine Decanter, Kombucha, Pipes, Beer Brewing Supplies, 2 Pack</p><p>$11.95 ($5.98 / Count)</p><a href="https://www.amazon.com/dp/B09DY54L7M?tag=eloabder-20&linkCode=osi&th=1&psc=1">View Product</a></div><div class="product"><a href="https://www.amazon.com/dp/B0736CBNDN?tag=eloabder-20&linkCode=osi&th=1&psc=1"><img src="https://m.media-amazon.com/images/I/41tWXmwP5KL._SL500_.jpg" alt="Product Image"></a><p>#2 Filter Pads (10 Pack Bulk) Compatible with Mini Jet Machine | #2 1.8-2.5 micron | 2 Micron Filtering pads. Filter Wine Beer, Kombucha, Mead Mash. Polishing filtration| Not a Buon Vino product.</p><p>$18.99</p><a href="https://www.amazon.com/dp/B0736CBNDN?tag=eloabder-20&linkCode=osi&th=1&psc=1">View Product</a></div>









<div class="product"><a href="https://www.amazon.com/dp/B07YGN577Y?tag=eloabder-20&linkCode=osi&th=1&psc=1"><img src="https://m.media-amazon.com/images/I/31kfZiyDMUL._SL500_.jpg" alt="Product Image"></a><p>9870163 Trash Power Nut WP9870163 L8</p><p>$50.36</p><a href="https://www.amazon.com/dp/B07YGN577Y?tag=eloabder-20&linkCode=osi&th=1&psc=1">View Product</a></div>

<div class="product"><a href="https://www.amazon.com/dp/B0CWQLM4C7?tag=eloabder-20&linkCode=osi&th=1&psc=1"><img src="https://m.media-amazon.com/images/I/41gTEIOjtlL._SL500_.jpg" alt="Product Image"></a><p>7" Seven Seconds Lazy Kitchen Food Making Tools - Multifunctional Fruit Vegetable Chopper Quick Garlic Peeling Machine Convenient Food Chopper for Slicing,Juice,Grinding</p><p>$32.99</p><a href="https://www.amazon.com/dp/B0CWQLM4C7?tag=eloabder-20&linkCode=osi&th=1&psc=1">View Product</a></div>







<div class="product"><a href="https://www.amazon.com/dp/B0CNKFM9WR?tag=eloabder-20&linkCode=osi&th=1&psc=1"><img src="https://m.media-amazon.com/images/I/31sGGIDic9L._SL500_.jpg" alt="Product Image"></a><p>hobbyme Pack of 4 Plastic Coffee Scoops with Brush & Espresso Grinder Brush for Ground Coffee Cleaning Tea Power Coffee Grinder Spoon</p><p>$6.49</p><a href="https://www.amazon.com/dp/B0CNKFM9WR?tag=eloabder-20&linkCode=osi&th=1&psc=1">View Product</a></div>





<div class="product"><a href="https://www.amazon.com/dp/B07798328B?tag=eloabder-20&linkCode=osi&th=1&psc=1"><img src="https://m.media-amazon.com/images/I/31Vpin+sgUS._SL500_.jpg" alt="Product Image"></a><p>Prime-Line MP10513 Standard Plastic Ice Cube Trays (5 Pack)</p><p>$12.69</p><a href="https://www.amazon.com/dp/B07798328B?tag=eloabder-20&linkCode=osi&th=1&psc=1">View Product</a></div><div class="product"><a href="https://www.amazon.com/dp/B077965JDB?tag=eloabder-20&linkCode=osi&th=1&psc=1"><img src="https://m.media-amazon.com/images/I/31H1hNlH6RL._SL500_.jpg" alt="Product Image"></a><p>Prime-Line MP10863 Standard Plastic Ice Cube Trays (2 Pack)</p><p>$9.69</p><a href="https://www.amazon.com/dp/B077965JDB?tag=eloabder-20&linkCode=osi&th=1&psc=1">View Product</a></div>

<div class="product"><a href="https://www.amazon.com/dp/B08MPLY84K?tag=eloabder-20&linkCode=osi&th=1&psc=1"><img src="https://m.media-amazon.com/images/I/31kWTfzQJBL._SL500_.jpg" alt="Product Image"></a><p>Syntus Vacuum Sealer Bags, 6 Pack 3 Rolls 11" x 20' and 3 Rolls 8" x 20' Commercial Grade BPA Free Bag Rolls, Food Vac Bags for Storage, Meal Prep or Sous Vide</p><p>$19.99</p><a href="https://www.amazon.com/dp/B08MPLY84K?tag=eloabder-20&linkCode=osi&th=1&psc=1">View Product</a></div><div class="product"><a href="https://www.amazon.com/dp/B0C5BWRMQL?tag=eloabder-20&linkCode=osi&th=1&psc=1"><img src="https://m.media-amazon.com/images/I/41yPpkb6oeL._SL500_.jpg" alt="Product Image"></a><p>Bonsenkitchen Vacuum Sealer Rolls Bags, 6 Pack 3 Rolls 11" x 20' + 3 Rolls 8" x 20' Commercial Grade BPA Free Bag Rolls, Durable Customized Size Food Vac Bags for Storage and Sous Vide Cooking VB3211</p><p>$19.99 ($3.33 / Count)</p><a href="https://www.amazon.com/dp/B0C5BWRMQL?tag=eloabder-20&linkCode=osi&th=1&psc=1">View Product</a></div><div class="product"><a href="https://www.amazon.com/dp/B0C5C1JTC4?tag=eloabder-20&linkCode=osi&th=1&psc=1"><img src="https://m.media-amazon.com/images/I/31JpyYsm7YL._SL500_.jpg" alt="Product Image"></a><p>Bonsenkitchen Vacuum Food Sealer Bags 200 Quart 8" x 12", BPA Free, Commercial Grade Textured Food Vacuum Sealer Bag, Thick Embossed Bags for Food Storage and Sous Vide Cooking VB3208</p><p>$18.39 ($0.09 / Count)</p><a href="https://www.amazon.com/dp/B0C5C1JTC4?tag=eloabder-20&linkCode=osi&th=1&psc=1">View Product</a></div><div class="product"><a href="https://www.amazon.com/dp/B07TMZDGQ1?tag=eloabder-20&linkCode=osi&th=1&psc=1"><img src="https://m.media-amazon.com/images/I/31cRCu-JIsL._SL500_.jpg" alt="Product Image"></a><p>Wevac Vacuum Sealer Bags 11x50 Rolls 2 pack for Food Saver, Seal a Meal, Weston. Commercial Grade, BPA Free, Heavy Duty, Great for vac storage, Meal Prep or Sous Vide</p><p>$20.99 ($0.21 / Count)</p><a href="https://www.amazon.com/dp/B07TMZDGQ1?tag=eloabder-20&linkCode=osi&th=1&psc=1">View Product</a></div><div class="product"><a href="https://www.amazon.com/dp/B07TV4KRCL?tag=eloabder-20&linkCode=osi&th=1&psc=1"><img src="https://m.media-amazon.com/images/I/31uv3qtc9bL._SL500_.jpg" alt="Product Image"></a><p>Wevac Vacuum Sealer Bags 100 Gallon 11x16 Inch for Food Saver, Seal a Meal, Weston. Commercial Grade, BPA Free, Heavy Duty, Great for vac storage, Meal Prep and Sous Vide</p><p>$21.24</p><a href="https://www.amazon.com/dp/B07TV4KRCL?tag=eloabder-20&linkCode=osi&th=1&psc=1">View Product</a></div>


<div class="product"><a href="https://www.amazon.com/dp/B093G5XCVF?tag=eloabder-20&linkCode=osi&th=1&psc=1"><img src="https://m.media-amazon.com/images/I/313Cq6ASf0S._SL500_.jpg" alt="Product Image"></a><p>2 Multipurpose Pastry Brush Basting & Coffee Grinders Cleaning Brush Wooden Handle Natural Boar Bristles Baking Cooking Sauce egg wash Bakery Supply Espresso Bean Barista</p><p>$7.21</p><a href="https://www.amazon.com/dp/B093G5XCVF?tag=eloabder-20&linkCode=osi&th=1&psc=1">View Product</a></div><div class="product"><a href="https://www.amazon.com/dp/B07JGRYG31?tag=eloabder-20&linkCode=osi&th=1&psc=1"><img src="https://m.media-amazon.com/images/I/31nd-jhgzdL._SL500_.jpg" alt="Product Image"></a><p>Coffee Grinder Cleaning Brush + Coffee Brush Wood Handle & Natural Bristles Pastry Brush</p><p>$5.99</p><a href="https://www.amazon.com/dp/B07JGRYG31?tag=eloabder-20&linkCode=osi&th=1&psc=1">View Product</a></div><div class="product"><a href="https://www.amazon.com/dp/B0C53G4T7X?tag=eloabder-20&linkCode=osi&th=1&psc=1"><img src="https://m.media-amazon.com/images/I/21Hrgmpj8YL._SL500_.jpg" alt="Product Image"></a><p>Leadigol Cleaning Tool Coffee Machine Home Pastry Brush Multifunctional Wooden Handle Baking Soft Bristles Coffee Grinder Brush</p><p>$7.99</p><a href="https://www.amazon.com/dp/B0C53G4T7X?tag=eloabder-20&linkCode=osi&th=1&psc=1">View Product</a></div><div class="product"><a href="https://www.amazon.com/dp/B07W5WM2LF?tag=eloabder-20&linkCode=osi&th=1&psc=1"><img src="https://m.media-amazon.com/images/I/41-7fWE9tSL._SL500_.jpg" alt="Product Image"></a><p>Redecker Waffle Machine Brush with Oiled Beechwood Handle, Stiff Heat-resistant Tampico Fiber Bristles, 6-1/2 inches, Made in Germany</p><p>$21.99</p><a href="https://www.amazon.com/dp/B07W5WM2LF?tag=eloabder-20&linkCode=osi&th=1&psc=1">View Product</a></div>

















<div class="product"><a href="https://www.amazon.com/dp/B00UTFZAII?tag=eloabder-20&linkCode=osi&th=1&psc=1"><img src="https://m.media-amazon.com/images/I/31z7hZ6KbXL._SL500_.jpg" alt="Product Image"></a><p>Miele 10123210 AirClean 3D Efficiency Dust Bag, Type GN, 4 Bags & 2 Filters, White</p><p>$21.86 ($21.86 / Count)</p><a href="https://www.amazon.com/dp/B00UTFZAII?tag=eloabder-20&linkCode=osi&th=1&psc=1">View Product</a></div><div class="product"><a href="https://www.amazon.com/dp/B07WHG6J5S?tag=eloabder-20&linkCode=osi&th=1&psc=1"><img src="https://m.media-amazon.com/images/I/41hnaEOxB9L._SL500_.jpg" alt="Product Image"></a><p>KEEPOW Vacuum Filters for Eureka, Power Speed Vacuum Filters Replacement for Eureka NEU182A, NEU182B, NEU280, NEU180, NEU181, NEU188, NEU202 Bagless Upright Vacuum Cleaner, Part E0202 (4 Pack)</p><p>$9.99 ($2.50 / Count)</p><a href="https://www.amazon.com/dp/B07WHG6J5S?tag=eloabder-20&linkCode=osi&th=1&psc=1">View Product</a></div><div class="product"><a href="https://www.amazon.com/dp/B00UTFZB82?tag=eloabder-20&linkCode=osi&th=1&psc=1"><img src="https://m.media-amazon.com/images/I/41WdlL5T0dL._SL500_.jpg" alt="Product Image"></a><p>Miele AirClean 3D Efficiency Dust Bag, Type FJM, 4 Bags & 2 Filters, White</p><p>$18.99</p><a href="https://www.amazon.com/dp/B00UTFZB82?tag=eloabder-20&linkCode=osi&th=1&psc=1">View Product</a></div><div class="product"><a href="https://www.amazon.com/dp/B09NKP346M?tag=eloabder-20&linkCode=osi&th=1&psc=1"><img src="https://m.media-amazon.com/images/I/41o25nqkODL._SL500_.jpg" alt="Product Image"></a><p>Anewise 6 Pack Filter Replacement for Bissell Powerforce Compact Lightweight Upright 2112 1520 for Bissel Turbo Bagless 2690 Cleanview 3437 3508 Vacuum Cleaner, Compare to Parts #1604896/160-4896</p><p>$12.99</p><a href="https://www.amazon.com/dp/B09NKP346M?tag=eloabder-20&linkCode=osi&th=1&psc=1">View Product</a></div><div class="product"><a href="https://www.amazon.com/dp/B01MQ5NITB?tag=eloabder-20&linkCode=osi&th=1&psc=1"><img src="https://m.media-amazon.com/images/I/41J6lG4H1bL._SL500_.jpg" alt="Product Image"></a><p>Bissell Style 7 3 Pack Vacuum Cleaner Bags, White, 3 Count</p><p>$8.69 ($2.90 / Count)</p><a href="https://www.amazon.com/dp/B01MQ5NITB?tag=eloabder-20&linkCode=osi&th=1&psc=1">View Product</a></div><div class="product"><a href="https://www.amazon.com/dp/B0CDH1JY5D?tag=eloabder-20&linkCode=osi&th=1&psc=1"><img src="https://m.media-amazon.com/images/I/516DPXu4siL._SL500_.jpg" alt="Product Image"></a><p>4 Pack Replacement Filters Compatiable with Wyze Cordless Vacuum Cleaner, Removable and Washable HEPA Filter Accessories Part Set with 1 Cleaning Brush for Wyze Handheld Cordless Vacuum Cleaner</p><p>$15.99 ($4.00 / Count)</p><a href="https://www.amazon.com/dp/B0CDH1JY5D?tag=eloabder-20&linkCode=osi&th=1&psc=1">View Product</a></div><div class="product"><a href="https://www.amazon.com/dp/B07P3WB37F?tag=eloabder-20&linkCode=osi&th=1&psc=1"><img src="https://m.media-amazon.com/images/I/51WaYrkiVXL._SL500_.jpg" alt="Product Image"></a><p>Miele AirClean 3D Efficiency Dust Bag, Type GN, XL Value Pack, 8 Bags and 4 Filters</p><p>$36.99</p><a href="https://www.amazon.com/dp/B07P3WB37F?tag=eloabder-20&linkCode=osi&th=1&psc=1">View Product</a></div><div class="product"><a href="https://www.amazon.com/dp/B09DSY4Z2T?tag=eloabder-20&linkCode=osi&th=1&psc=1"><img src="https://m.media-amazon.com/images/I/51+ref3EeAL._SL500_.jpg" alt="Product Image"></a><p>Filter Replacement for Tineco A10 A11 Hero A10/A11 Master PURE ONE S11 Series, S12, X Cordless Vacuum Cleaner (3 PACK) â€¦</p><p>$12.99 ($4.33 / Count)</p><a href="https://www.amazon.com/dp/B09DSY4Z2T?tag=eloabder-20&linkCode=osi&th=1&psc=1">View Product</a></div>


<div class="product"><a href="https://www.amazon.com/dp/B0BXRR5QFV?tag=eloabder-20&linkCode=osi&th=1&psc=1"><img src="https://m.media-amazon.com/images/I/41sjdBkCp8L._SL500_.jpg" alt="Product Image"></a><p>AC Infinity CLOUDFORGE T7, Plant Humidifier 15L with VPD Humidity Controls, 10-Level Precision Vaporizer, Extendable Hose, Targeting Pipe, and No-Leak Seal for Grow Tents</p><p>$159.00</p><a href="https://www.amazon.com/dp/B0BXRR5QFV?tag=eloabder-20&linkCode=osi&th=1&psc=1">View Product</a></div><div class="product"><a href="https://www.amazon.com/dp/B01N6MV8SA?tag=eloabder-20&linkCode=osi&th=1&psc=1"><img src="https://m.media-amazon.com/images/I/41hX08+W1xL._SL500_.jpg" alt="Product Image"></a><p>Protec Humidifier Tank Cleaner, 1 Count - Colors May Vary</p><p>$5.98</p><a href="https://www.amazon.com/dp/B01N6MV8SA?tag=eloabder-20&linkCode=osi&th=1&psc=1">View Product</a></div><div class="product"><a href="https://www.amazon.com/dp/B07GXBTH82?tag=eloabder-20&linkCode=osi&th=1&psc=1"><img src="https://m.media-amazon.com/images/I/41ibxK12JPL._SL500_.jpg" alt="Product Image"></a><p>Essick Air 1970-2 Humidifier, 2-Quart Bacteriostatic Treatment, 2 Pack, Clear, 2</p><p>$22.99</p><a href="https://www.amazon.com/dp/B07GXBTH82?tag=eloabder-20&linkCode=osi&th=1&psc=1">View Product</a></div><div class="product"><a href="https://www.amazon.com/dp/B08TTT3K9B?tag=eloabder-20&linkCode=osi&th=1&psc=1"><img src="https://m.media-amazon.com/images/I/41U6j9SexmL._SL500_.jpg" alt="Product Image"></a><p>Leemone Humidifier Cleaner 12 Pack, Demineralization Cleaning Ball, Works in All humidifiers and Fish Tanks, Purifies Water, Prevents Hard Water Build-Up, Eliminates White Dust and Odor</p><p>$14.44</p><a href="https://www.amazon.com/dp/B08TTT3K9B?tag=eloabder-20&linkCode=osi&th=1&psc=1">View Product</a></div>
<div class="product"><a href="https://www.amazon.com/dp/B07YD4XCT3?tag=eloabder-20&linkCode=osi&th=1&psc=1"><img src="https://m.media-amazon.com/images/I/41hR81iKyJL._SL500_.jpg" alt="Product Image"></a><p>Vacplus Moisture Absorber Packets, Fragrance Free(10 Pack), Humidity Packs, Hanging Closet Dehumidifier Bags, Desiccant 9.8OZ</p><p>$21.99</p><a href="https://www.amazon.com/dp/B07YD4XCT3?tag=eloabder-20&linkCode=osi&th=1&psc=1">View Product</a></div><div class="product"><a href="https://www.amazon.com/dp/B09LQF5V5K?tag=eloabder-20&linkCode=osi&th=1&psc=1"><img src="https://m.media-amazon.com/images/I/51Cx5ECAotL._SL500_.jpg" alt="Product Image"></a><p>CLEVAST Moisture Absorbers Packets 10 Pack, Dehumidifier Bags for Closet, Unscented Hanging Humidity Absorber in Wardrobes, Bedrooms, Bathrooms(230g/pack)</p><p>$16.98</p><a href="https://www.amazon.com/dp/B09LQF5V5K?tag=eloabder-20&linkCode=osi&th=1&psc=1">View Product</a></div><div class="product"><a href="https://www.amazon.com/dp/B0B8L9QRW8?tag=eloabder-20&linkCode=osi&th=1&psc=1"><img src="https://m.media-amazon.com/images/I/518LgtpPi8L._SL500_.jpg" alt="Product Image"></a><p>Arm & Hammer Essentials Disposable Moisture Absorber and Odor Eliminator Tub, Fragrance Free, 1 lb, 3-Pack, Attracts and Traps Excess Moisture, Ideal Closet Dehumidifier, White</p><p>$24.94 ($0.52 / Ounce)</p><a href="https://www.amazon.com/dp/B0B8L9QRW8?tag=eloabder-20&linkCode=osi&th=1&psc=1">View Product</a></div><div class="product"><a href="https://www.amazon.com/dp/B09W9TPJGZ?tag=eloabder-20&linkCode=osi&th=1&psc=1"><img src="https://m.media-amazon.com/images/I/51pVTVMwHbL._SL500_.jpg" alt="Product Image"></a><p>THECOSKY Dehumidifier and Air Purifier Combo,HEPA H13 Filter and Negative Air Ion Function,54oz(1.6L) Water Tank with Drain Hose,24hrs Auto-Off Timer,Idea for Bedroom,Bathroom,Closet,RV</p><p>$109.99</p><a href="https://www.amazon.com/dp/B09W9TPJGZ?tag=eloabder-20&linkCode=osi&th=1&psc=1">View Product</a></div><div class="product"><a href="https://www.amazon.com/dp/B0CXDG65LZ?tag=eloabder-20&linkCode=osi&th=1&psc=1"><img src="https://m.media-amazon.com/images/I/41HNflmbKHL._SL500_.jpg" alt="Product Image"></a><p>14 x 17.5 x1.75 MERV 13 Replacement Dehumidifier Filter Compatible with Santa Fe Advance90, Advance100, Advance120, Honeywell DR90 & DR120 dehumidifier models, 2 Pack</p><p>$42.99</p><a href="https://www.amazon.com/dp/B0CXDG65LZ?tag=eloabder-20&linkCode=osi&th=1&psc=1">View Product</a></div>
<div class="product"><a href="https://www.amazon.com/dp/B088B921NQ?tag=eloabder-20&linkCode=osi&th=1&psc=1"><img src="https://m.media-amazon.com/images/I/612e4cT3RYL._SL500_.jpg" alt="Product Image"></a><p>ULTTY H13 HEPA Replacement Filter with Medical Coating, True HEPA Filter For R021/ R020 Purifying Fan, Medium</p><p>$29.99</p><a href="https://www.amazon.com/dp/B088B921NQ?tag=eloabder-20&linkCode=osi&th=1&psc=1">View Product</a></div><div class="product"><a href="https://www.amazon.com/dp/B0D2MZ4Y7Z?tag=eloabder-20&linkCode=osi&th=1&psc=1"><img src="https://m.media-amazon.com/images/I/51KgTHizWyL._SL500_.jpg" alt="Product Image"></a><p>Butto 5-Pack Ceiling Fan Filters for Blades - Strong Adhesive Ceiling Fan Filters for Common Household Contaminants - Unscented Coconut Carbon Fan Air Purifier Pads to Make Air Fresh and Natural</p><p>$9.98</p><a href="https://www.amazon.com/dp/B0D2MZ4Y7Z?tag=eloabder-20&linkCode=osi&th=1&psc=1">View Product</a></div><div class="product"><a href="https://www.amazon.com/dp/B0C42HCM21?tag=eloabder-20&linkCode=osi&th=1&psc=1"><img src="https://m.media-amazon.com/images/I/31jk3lpoygL._SL500_.jpg" alt="Product Image"></a><p>Barnakl Ceiling Fan Filters | Activated Coconut Shell Carbon Filter | Easy-Stick Universal Ceiling Fan Air Filters | Unscented Ceiling Fan Blade Filters for Common Household Contaminants, (3-Count)</p><p>$19.99 ($6.66 / Count)</p><a href="https://www.amazon.com/dp/B0C42HCM21?tag=eloabder-20&linkCode=osi&th=1&psc=1">View Product</a></div>
<div class="product"><a href="https://www.amazon.com/dp/B08LZWP29P?tag=eloabder-20&linkCode=osi&th=1&psc=1"><img src="https://m.media-amazon.com/images/I/41NLuzzFW9L._SL500_.jpg" alt="Product Image"></a><p>Chromex Tankless Water Heater Descaling Solution | Highly Effective Descaler Restores Heating Efficiency, Quart, 32 fl oz (1)</p><p>$26.99</p><a href="https://www.amazon.com/dp/B08LZWP29P?tag=eloabder-20&linkCode=osi&th=1&psc=1">View Product</a></div>

<div class="product"><a href="https://www.amazon.com/dp/B005UO4OWQ?tag=eloabder-20&linkCode=osi&th=1&psc=1"><img src="https://m.media-amazon.com/images/I/41oQPKFofoL._SL500_.jpg" alt="Product Image"></a><p>Bissell 203-7458 Brushroll, Bg10/86T3, Black</p><p>$21.26 ($21.26 / Count)</p><a href="https://www.amazon.com/dp/B005UO4OWQ?tag=eloabder-20&linkCode=osi&th=1&psc=1">View Product</a></div>





















<div class="product"><a href="https://www.amazon.com/dp/B0014J7FUY?tag=eloabder-20&linkCode=osi&th=1&psc=1"><img src="https://m.media-amazon.com/images/I/31QrM+IPxOL._SL500_.jpg" alt="Product Image"></a><p>Urnex Grindz Professional Coffee Grinder Cleaning Tablets - 430 Grams - All Natural Food Safe Gluten Free - Cleans Burr and Casing - Help Extend Life of Your Grinder</p><p>$25.99 ($1.71 / Ounce)</p><a href="https://www.amazon.com/dp/B0014J7FUY?tag=eloabder-20&linkCode=osi&th=1&psc=1">View Product</a></div>



<div class="product"><a href="https://www.amazon.com/dp/B0CHW317SG?tag=eloabder-20&linkCode=osi&th=1&psc=1"><img src="https://m.media-amazon.com/images/I/41Qd5Iu3qBL._SL500_.jpg" alt="Product Image"></a><p>EUHOMY 55 Can Beverage Refrigerator cooler-Mini Fridge Glass Door for Beer Drinks Wines, Freestanding Beverage Fridge with Adjustable Shelves Blue LED for Home/Office/Dorm/Bar (1.3cu.ft)</p><p>$128.99</p><a href="https://www.amazon.com/dp/B0CHW317SG?tag=eloabder-20&linkCode=osi&th=1&psc=1">View Product</a></div>

<div class="product"><a href="https://www.amazon.com/dp/B099CN2MRK?tag=eloabder-20&linkCode=osi&th=1&psc=1"><img src="https://m.media-amazon.com/images/I/31CvUCIUX5L._SL500_.jpg" alt="Product Image"></a><p>Genuine PuroAir 240 Replacement Filter - Replacement HEPA Filter for PuroAir 240 Purifier - Captures up to 99% of Pollen, Smoke, Pollen, Dust and Common Household Pollutants</p><p>$48.00</p><a href="https://www.amazon.com/dp/B099CN2MRK?tag=eloabder-20&linkCode=osi&th=1&psc=1">View Product</a></div><div class="product"><a href="https://www.amazon.com/dp/B0055521W0?tag=eloabder-20&linkCode=osi&th=1&psc=1"><img src="https://m.media-amazon.com/images/I/41Hs7ixdyXL._SL500_.jpg" alt="Product Image"></a><p>GermGuardian Filter B HEPA Pure Genuine Air Purifier Replacement Filter, Removes 99.97% of Pollutants for AC4825, AC4300, AC4900, AC4825DLX, AC4850, CDAP4500, AP2200, Black/Yellow, FLT4825</p><p>$17.90 ($17.90 / Count)</p><a href="https://www.amazon.com/dp/B0055521W0?tag=eloabder-20&linkCode=osi&th=1&psc=1">View Product</a></div><div class="product"><a href="https://www.amazon.com/dp/B0BNMYKZPV?tag=eloabder-20&linkCode=osi&th=1&psc=1"><img src="https://m.media-amazon.com/images/I/41-K3mB6KkL._SL500_.jpg" alt="Product Image"></a><p>2 Pack True HEPA KILO Filter Compatible with Afloia KILO, KILOPLUS, KILOPRO, MIRO,MIRO PRO and MORENTO MR-Kilo, Kalo Air Purifier, 360Â° 3-Stage Filtration</p><p>$34.99 ($17.50 / Count)</p><a href="https://www.amazon.com/dp/B0BNMYKZPV?tag=eloabder-20&linkCode=osi&th=1&psc=1">View Product</a></div><div class="product"><a href="https://www.amazon.com/dp/B0D3M4Y9W7?tag=eloabder-20&linkCode=osi&th=1&psc=1"><img src="https://m.media-amazon.com/images/I/41tzW+mkZuL._SL500_.jpg" alt="Product Image"></a><p>Breshair 14 True HEPA Filter Replacement Compatible with PuroAir 240 Air Purifier, 3-in-1 Filtration System with Activated Carbon Filter, 2-Pack</p><p>$31.56 ($15.78 / Count)</p><a href="https://www.amazon.com/dp/B0D3M4Y9W7?tag=eloabder-20&linkCode=osi&th=1&psc=1">View Product</a></div><div class="product"><a href="https://www.amazon.com/dp/B0CB18MVX6?tag=eloabder-20&linkCode=osi&th=1&psc=1"><img src="https://m.media-amazon.com/images/I/519ZmmLOrzL._SL500_.jpg" alt="Product Image"></a><p>2 Pack 3-in-1 H13 True HEPA Replacement Filter Compatible with Pure Enrichment PureZone Air Purifier Part# PEAIRPLG</p><p>$23.99 ($12.00 / Count)</p><a href="https://www.amazon.com/dp/B0CB18MVX6?tag=eloabder-20&linkCode=osi&th=1&psc=1">View Product</a></div><div class="product"><a href="https://www.amazon.com/dp/B08JTZMRML?tag=eloabder-20&linkCode=osi&th=1&psc=1"><img src="https://m.media-amazon.com/images/I/51yx60sCjHL._SL500_.jpg" alt="Product Image"></a><p>6 Pack HPA300 HEPA Filter Replacement for Honeywell HPA300 Series Air Purifiers HPA300, HPA300VP, HPA304, HPA3300, Replace HRF-R3 (6 Ture HEPA R Replacement Filter + 8 Activated Carbon Pre-Filter)</p><p>$47.99 ($3.43 / Count)</p><a href="https://www.amazon.com/dp/B08JTZMRML?tag=eloabder-20&linkCode=osi&th=1&psc=1">View Product</a></div><div class="product"><a href="https://www.amazon.com/dp/B0CF1GLSYS?tag=eloabder-20&linkCode=osi&th=1&psc=1"><img src="https://m.media-amazon.com/images/I/41709EXRzXL._SL500_.jpg" alt="Product Image"></a><p>CHIVALZ 4 Pack HY4866 True HEPA Replacement Filters Compatible with MORENTO HY4866 Air Purifier, WESTHEY HY4866 Air Purifier and YIOU M1 Air Cleaner Purifier, Original Version</p><p>$39.99 ($10.00 / Count)</p><a href="https://www.amazon.com/dp/B0CF1GLSYS?tag=eloabder-20&linkCode=osi&th=1&psc=1">View Product</a></div>







<div class="product"><a href="https://www.amazon.com/dp/B0CYKMFKR9?tag=eloabder-20&linkCode=osi&th=1&psc=1"><img src="https://m.media-amazon.com/images/I/316zU-ozoxL._SL500_.jpg" alt="Product Image"></a><p>Air Purifier Replacement Filter for Space Heater Bladeless Fan</p><p>$29.99</p><a href="https://www.amazon.com/dp/B0CYKMFKR9?tag=eloabder-20&linkCode=osi&th=1&psc=1">View Product</a></div>
<div class="product"><a href="https://www.amazon.com/dp/B07MRH6VY7?tag=eloabder-20&linkCode=osi&th=1&psc=1"><img src="https://m.media-amazon.com/images/I/51g-nuN4A5L._SL500_.jpg" alt="Product Image"></a><p>Colorfullife Replacement Air Purifier Filter for Dyson Tower Purifier Pure Cool Link TP01, TP02, TP03, BP01, Compare to Part 968126-03ï¼Œ2 Pack</p><p>$26.99</p><a href="https://www.amazon.com/dp/B07MRH6VY7?tag=eloabder-20&linkCode=osi&th=1&psc=1">View Product</a></div><div class="product"><a href="https://www.amazon.com/dp/B07TX5SW7J?tag=eloabder-20&linkCode=osi&th=1&psc=1"><img src="https://m.media-amazon.com/images/I/512Kn+cPglL._SL500_.jpg" alt="Product Image"></a><p>TP01 HEPA Filter Replacement Compatible with Dyson Tower Purifier Pure Cool Link TP01, TP02, TP03, AM11, BP01 Models, Compare to Part # 968126-03 (Pack of 2)</p><p>$27.95 ($13.98 / Count)</p><a href="https://www.amazon.com/dp/B07TX5SW7J?tag=eloabder-20&linkCode=osi&th=1&psc=1">View Product</a></div><div class="product"><a href="https://www.amazon.com/dp/B0CC24GZGB?tag=eloabder-20&linkCode=osi&th=1&psc=1"><img src="https://m.media-amazon.com/images/I/41woNpZ9VgL._SL500_.jpg" alt="Product Image"></a><p>TP01 TP02 Filter Compatible with Dyson Pure Cool Link Purifying Tower Fan TP00 TP03 AM11 and Cool Me BP01 Personal Series, 360Â° Air Purifier Filter Replacement 968126-03, 1-Pack</p><p>$25.99</p><a href="https://www.amazon.com/dp/B0CC24GZGB?tag=eloabder-20&linkCode=osi&th=1&psc=1">View Product</a></div><div class="product"><a href="https://www.amazon.com/dp/B0CX23N2JJ?tag=eloabder-20&linkCode=osi&th=1&psc=1"><img src="https://m.media-amazon.com/images/I/3145hmd5j7L._SL500_.jpg" alt="Product Image"></a><p>Dreo Air Purifiers Replacement Filter, HEPA Filter for Dreo Purifier Tower Fan MC710S, with 2 Stage Filtration, Black, Standard(DR-HPA019)</p><p>$39.99</p><a href="https://www.amazon.com/dp/B0CX23N2JJ?tag=eloabder-20&linkCode=osi&th=1&psc=1">View Product</a></div>










<div class="product"><a href="https://www.amazon.com/dp/B001U0OJ7O?tag=eloabder-20&linkCode=osi&th=1&psc=1"><img src="https://m.media-amazon.com/images/I/41XEg3QV-wL._SL500_.jpg" alt="Product Image"></a><p>Whirlpool W10165294RB 15-Inch Plastic Trash Compactor ct, 60 Bags, Count</p><p>$48.34</p><a href="https://www.amazon.com/dp/B001U0OJ7O?tag=eloabder-20&linkCode=osi&th=1&psc=1">View Product</a></div><div class="product"><a href="https://www.amazon.com/dp/B0CC3V4ZZ4?tag=eloabder-20&linkCode=osi&th=1&psc=1"><img src="https://m.media-amazon.com/images/I/31bbvodHnjL._SL500_.jpg" alt="Product Image"></a><p>Waste Smasher- Hand-Held Manual Trash Compactor Dishwasher Safe Black</p><p>$24.95</p><a href="https://www.amazon.com/dp/B0CC3V4ZZ4?tag=eloabder-20&linkCode=osi&th=1&psc=1">View Product</a></div><div class="product"><a href="https://www.amazon.com/dp/B00IYO5914?tag=eloabder-20&linkCode=osi&th=1&psc=1"><img src="https://m.media-amazon.com/images/I/51SLpTXIYNL._SL500_.jpg" alt="Product Image"></a><p>Kitchen Master Super Strong Compactor Bags Pre Cuffed (12 Pack)</p><p>$34.95</p><a href="https://www.amazon.com/dp/B00IYO5914?tag=eloabder-20&linkCode=osi&th=1&psc=1">View Product</a></div><div class="product"><a href="https://www.amazon.com/dp/B075DJ4ZVQ?tag=eloabder-20&linkCode=osi&th=1&psc=1"><img src="https://m.media-amazon.com/images/I/51Vaek4I89L._SL500_.jpg" alt="Product Image"></a><p>Dano Pre-Cuffed Compactor Bags</p><p>$32.95 ($2.75 / Count)</p><a href="https://www.amazon.com/dp/B075DJ4ZVQ?tag=eloabder-20&linkCode=osi&th=1&psc=1">View Product</a></div><div class="product"><a href="https://www.amazon.com/dp/B0C2DCVCBJ?tag=eloabder-20&linkCode=osi&th=1&psc=1"><img src="https://m.media-amazon.com/images/I/51072CtaKuL._SL500_.jpg" alt="Product Image"></a><p>60-pack W10165294RB Trash Compactor Bags - leak-proof trash compactor bags for kitchen 60-ct 15 inches - Fits 15-inch Rectangular Drawer Compactors</p><p>$45.99 ($0.77 / Count)</p><a href="https://www.amazon.com/dp/B0C2DCVCBJ?tag=eloabder-20&linkCode=osi&th=1&psc=1">View Product</a></div><div class="product"><a href="https://www.amazon.com/dp/B001U0OJ7E?tag=eloabder-20&linkCode=osi&th=1&psc=1"><img src="https://m.media-amazon.com/images/I/41c0z26RyvL._SL500_.jpg" alt="Product Image"></a><p>Whirlpool W10165293RB Genuine OEM 60 Pack-Plastic Compactor Bags-18" Models â€“ 1394369, 4178058, 4318932, 4318933, 4318935, 4318937, 4318939, AH1964576, EA1964576, PS1964576</p><p>$48.64 ($0.81 / Count)</p><a href="https://www.amazon.com/dp/B001U0OJ7E?tag=eloabder-20&linkCode=osi&th=1&psc=1">View Product</a></div><div class="product"><a href="https://www.amazon.com/dp/B00W27J16S?tag=eloabder-20&linkCode=osi&th=1&psc=1"><img src="https://m.media-amazon.com/images/I/41RaOjAGlrL._SL500_.jpg" alt="Product Image"></a><p>Compactor Bags Pre Cuffed (50 Pack)</p><p>$84.95 ($1.70 / count)</p><a href="https://www.amazon.com/dp/B00W27J16S?tag=eloabder-20&linkCode=osi&th=1&psc=1">View Product</a></div><div class="product"><a href="https://www.amazon.com/dp/B00MOCYY2W?tag=eloabder-20&linkCode=osi&th=1&psc=1"><img src="https://m.media-amazon.com/images/I/41SH8mDsAnL._SL500_.jpg" alt="Product Image"></a><p>GE WX60X1 Genuine OEM Universal Trash Compactor Bags for GE Trash Compactors</p><p>$19.00</p><a href="https://www.amazon.com/dp/B00MOCYY2W?tag=eloabder-20&linkCode=osi&th=1&psc=1">View Product</a></div><div class="product"><a href="https://www.amazon.com/dp/B0D7SFSTNG?tag=eloabder-20&linkCode=osi&th=1&psc=1"><img src="https://m.media-amazon.com/images/I/41szt9tZJPL._SL500_.jpg" alt="Product Image"></a><p>4PCS Trash Compactor Charcoal Air Filter Fit for Whirlpool/KitchenAid/Maytag/Jenn-Air/Amana/Inglis/Magic Chef Trash Compactor, Replaces 4151750 554358 WP4151750 AP6009134 PS11742279</p><p>$23.59 ($5.90 / Count)</p><a href="https://www.amazon.com/dp/B0D7SFSTNG?tag=eloabder-20&linkCode=osi&th=1&psc=1">View Product</a></div>
<div class="product"><a href="https://www.amazon.com/dp/B0CGLX5ZB9?tag=eloabder-20&linkCode=osi&th=1&psc=1"><img src="https://m.media-amazon.com/images/I/51qeRZQS98L._SL500_.jpg" alt="Product Image"></a><p>Spare Replacement Parts Compatible with MAMNV BR150 BR151, ZCWA BR150 BR151, MANVINS G20 Robot Vacuum and Mop Combo Accessories Include: 3 Hepa Filters 3 Mop Pads 6 Side Spin Brushes</p><p>$9.98</p><a href="https://www.amazon.com/dp/B0CGLX5ZB9?tag=eloabder-20&linkCode=osi&th=1&psc=1">View Product</a></div><div class="product"><a href="https://www.amazon.com/dp/B0B28DGZBG?tag=eloabder-20&linkCode=osi&th=1&psc=1"><img src="https://m.media-amazon.com/images/I/51ooMN4RqML._SL500_.jpg" alt="Product Image"></a><p>Replacement Parts for Shark AI AV2511AE AV2501S AV2610WA AV2501AE RV2502AE RV2610WA RV2520 AV2510 2-In-1 AI Ultra Robot Vacuum Cleaner Accessories Kits. Main Brush, HEPA Filter, Foam Filter,Side Brush</p><p>$19.99 ($1.05 / Count)</p><a href="https://www.amazon.com/dp/B0B28DGZBG?tag=eloabder-20&linkCode=osi&th=1&psc=1">View Product</a></div><div class="product"><a href="https://www.amazon.com/dp/B0782T7L6P?tag=eloabder-20&linkCode=osi&th=1&psc=1"><img src="https://m.media-amazon.com/images/I/41hTVkuzMJL._SL500_.jpg" alt="Product Image"></a><p>10pcs HEPA Filters Replacement for ILIFE V3s V3s pro V5 V5s V5s Pro V5s Pro 2 V5s Plus Noisz S5 Robotic Vacuum Cleaner ILIFE V3s pro Filters ILIFE Robot Vacuum Filter</p><p>$9.80 ($0.98 / Count)</p><a href="https://www.amazon.com/dp/B0782T7L6P?tag=eloabder-20&linkCode=osi&th=1&psc=1">View Product</a></div><div class="product"><a href="https://www.amazon.com/dp/B0CXLVHTTC?tag=eloabder-20&linkCode=osi&th=1&psc=1"><img src="https://m.media-amazon.com/images/I/51BT3phYzKL._SL500_.jpg" alt="Product Image"></a><p>HUIZHEN Spare Accessories for MAMNV BR150/BR151, for ZCWA BR150/BR151, for MANVINS G20,for GTTVO BR150/BR151,for ONSON BR150/BR151 Robot Vacuum Replacement Parts,6 Side Brush,4 HEPA Filters,4 Mop Pads</p><p>$9.99</p><a href="https://www.amazon.com/dp/B0CXLVHTTC?tag=eloabder-20&linkCode=osi&th=1&psc=1">View Product</a></div><div class="product"><a href="https://www.amazon.com/dp/B08RYDDQL8?tag=eloabder-20&linkCode=osi&th=1&psc=1"><img src="https://m.media-amazon.com/images/I/314Xd7+oBXL._SL500_.jpg" alt="Product Image"></a><p>AirClean 4 Pack 3.7" High Replacement Base Pre-Motor Foam Filters Compatible with Shark IQ Robot Vacuum R101AE RV1001AE UR1005AE Self-Empty Base</p><p>$12.99 ($3.25 / Count)</p><a href="https://www.amazon.com/dp/B08RYDDQL8?tag=eloabder-20&linkCode=osi&th=1&psc=1">View Product</a></div><div class="product"><a href="https://www.amazon.com/dp/B0CJLHJ557?tag=eloabder-20&linkCode=osi&th=1&psc=1"><img src="https://m.media-amazon.com/images/I/41iQm8hUjiL._SL500_.jpg" alt="Product Image"></a><p>Replacement Parts Compatible with WYZE Robot Vacuum Cleaner WVCR200S Accessories, 2 Main Brushes, 6 Hepa Filters, 8 Side Brushes Attachment Spare Pack</p><p>$14.99 ($0.94 / Count)</p><a href="https://www.amazon.com/dp/B0CJLHJ557?tag=eloabder-20&linkCode=osi&th=1&psc=1">View Product</a></div>
<div class="product"><a href="https://www.amazon.com/dp/B0C4595Q8P?tag=eloabder-20&linkCode=osi&th=1&psc=1"><img src="https://m.media-amazon.com/images/I/51k23SAtRxL._SL500_.jpg" alt="Product Image"></a><p>4 Pack FSV001 HEPA Filter Compatiable with Fabuletta FSV101, FSV001, Girnoor G160&G165, Afoddon A300, Lubluelu 202, Oraimo Cordless Vacuum Cleaner, Besswin W26 Cordless Stick Vacuum Cleaners</p><p>$15.99 ($4.00 / Count)</p><a href="https://www.amazon.com/dp/B0C4595Q8P?tag=eloabder-20&linkCode=osi&th=1&psc=1">View Product</a></div>
<div class="product"><a href="https://www.amazon.com/dp/B0BNKJX96X?tag=eloabder-20&linkCode=osi&th=1&psc=1"><img src="https://m.media-amazon.com/images/I/41OPeLFppoL._SL500_.jpg" alt="Product Image"></a><p>6 PACK 2033 Replacement Filter Compatible with Bissell Featherweight Stick Lightweight Bagless Vacuum Cleaner 20331, 20333, 20334, 20336, 20339, 2033M,6 Mesh Filter 6 Foam Filters, Replace # 1611508</p><p>$14.99 ($2.50 / Count)</p><a href="https://www.amazon.com/dp/B0BNKJX96X?tag=eloabder-20&linkCode=osi&th=1&psc=1">View Product</a></div><div class="product"><a href="https://www.amazon.com/dp/B0CMBWLTSM?tag=eloabder-20&linkCode=osi&th=1&psc=1"><img src="https://m.media-amazon.com/images/I/41PHqKaLTDL._SL500_.jpg" alt="Product Image"></a><p>18V ONE + Cordless Pet Stick Vacuum Filter for Ryobi, PCL720, PBLSV716, PBLSV717 Stick Vacuum, Reusable Washable Filters, Compare to Part A32SV720N, 6 Pack</p><p>$15.99 ($2.66 / Count)</p><a href="https://www.amazon.com/dp/B0CMBWLTSM?tag=eloabder-20&linkCode=osi&th=1&psc=1">View Product</a></div><div class="product"><a href="https://www.amazon.com/dp/B0CXDYWWT9?tag=eloabder-20&linkCode=osi&th=1&psc=1"><img src="https://m.media-amazon.com/images/I/41F1csTT8jL._SL500_.jpg" alt="Product Image"></a><p>2 Replacement Filters for Craftsman V20 Cordless Stick Vacuum CMCVS001D1, for Black Decker BSVF1 BSV2020 BSV2020G BSV2020P Cordless Stick Vacuum Cleaner with 1 Cleaning Brush</p><p>$14.99</p><a href="https://www.amazon.com/dp/B0CXDYWWT9?tag=eloabder-20&linkCode=osi&th=1&psc=1">View Product</a></div><div class="product"><a href="https://www.amazon.com/dp/B0CCJ5N5DH?tag=eloabder-20&linkCode=osi&th=1&psc=1"><img src="https://m.media-amazon.com/images/I/41xmhDPqk8L._SL500_.jpg" alt="Product Image"></a><p>Aolleteau 1 Pack Brush Roller Compatible with Black + Decker BSV2020, BSV2020P, BSV2020G Powerseries Extreme Cordless Stick Vacuum and Compatible with Craftsman V20 Cordless Stick Vacuum CMCVS001D1</p><p>$17.99</p><a href="https://www.amazon.com/dp/B0CCJ5N5DH?tag=eloabder-20&linkCode=osi&th=1&psc=1">View Product</a></div><div class="product"><a href="https://www.amazon.com/dp/B0CQY61LFD?tag=eloabder-20&linkCode=osi&th=1&psc=1"><img src="https://m.media-amazon.com/images/I/31swBBC444L._SL500_.jpg" alt="Product Image"></a><p>Tablenco for Shark HZ602 Filter Replacement Ultralight Pet Pro Corded Stick Vacuum and HZ2002 Vertex DuoClean PowerFins fit HZ2000 HZ251 HZ250 HH200 HH202,4 Foam Felt 4 Motor Kit (No cleaning brush)</p><p>$9.98</p><a href="https://www.amazon.com/dp/B0CQY61LFD?tag=eloabder-20&linkCode=osi&th=1&psc=1">View Product</a></div><div class="product"><a href="https://www.amazon.com/dp/B09Q55KW8W?tag=eloabder-20&linkCode=osi&th=1&psc=1"><img src="https://m.media-amazon.com/images/I/51MKsJy6nSL._SL500_.jpg" alt="Product Image"></a><p>Anicell 2033 Featherweight Filter for Bissell Featherweight Stick Lightweight Bagless Vacuum 20331 20333 20334 20336 20339 2033M, 4 Mesh Filters 6 Foam Filters Replacement, Replace part# 1611508</p><p>$11.99</p><a href="https://www.amazon.com/dp/B09Q55KW8W?tag=eloabder-20&linkCode=osi&th=1&psc=1">View Product</a></div><div class="product"><a href="https://www.amazon.com/dp/B0CDVG7LHD?tag=eloabder-20&linkCode=osi&th=1&psc=1"><img src="https://m.media-amazon.com/images/I/41hjN1Te6sL._SL500_.jpg" alt="Product Image"></a><p>Moreffi 3 Pack Filter Replacement For HART Cordless Stick Vacuum HPSV01 and HPSV50, Compare to Part Number HASV01</p><p>$19.99 ($6.66 / Count)</p><a href="https://www.amazon.com/dp/B0CDVG7LHD?tag=eloabder-20&linkCode=osi&th=1&psc=1">View Product</a></div>
<div class="product"><a href="https://www.amazon.com/dp/B07DQ9TZC8?tag=eloabder-20&linkCode=osi&th=1&psc=1"><img src="https://m.media-amazon.com/images/I/41PHyZ20FuL._SL500_.jpg" alt="Product Image"></a><p>Kenmore 53294 Style O HEPA Cloth Vacuum Bags for Kenmore Upright Vacuum Cleaners 6 Pack,White</p><p>$20.99 ($3.50 / Count)</p><a href="https://www.amazon.com/dp/B07DQ9TZC8?tag=eloabder-20&linkCode=osi&th=1&psc=1">View Product</a></div><div class="product"><a href="https://www.amazon.com/dp/B08MXVTTT2?tag=eloabder-20&linkCode=osi&th=1&psc=1"><img src="https://m.media-amazon.com/images/I/41T6wRpIMzL._SL500_.jpg" alt="Product Image"></a><p>Kenmore IB600 HEPA Replacement Intuition Upright Vacuum Cleaner Bags for BU4022, BU4020, BU4018, BU4050, BU3040,White</p><p>$18.75</p><a href="https://www.amazon.com/dp/B08MXVTTT2?tag=eloabder-20&linkCode=osi&th=1&psc=1">View Product</a></div><div class="product"><a href="https://www.amazon.com/dp/B01010JVYO?tag=eloabder-20&linkCode=osi&th=1&psc=1"><img src="https://m.media-amazon.com/images/I/51Anluh47GL._SL500_.jpg" alt="Product Image"></a><p>EnviroCare Replacement Micro Filtration Vacuum Cleaner Dust Bags Designed to fit Hoover Windtunnel Upright Type Y 9 pack</p><p>$9.89 ($1.10 / Count)</p><a href="https://www.amazon.com/dp/B01010JVYO?tag=eloabder-20&linkCode=osi&th=1&psc=1">View Product</a></div><div class="product"><a href="https://www.amazon.com/dp/B0D5CP3WBY?tag=eloabder-20&linkCode=osi&th=1&psc=1"><img src="https://m.media-amazon.com/images/I/31MaGmsVOwL._SL500_.jpg" alt="Product Image"></a><p>Bagless Upright Kenmore Vacuum HEPA Filters, Compatible with Foam Filters, Felt Filters and Upright vacuum cleaner for Models K4010,DU2015,DU2012(includes 1 Hepa Filters,2 Foam and 2 Felt Filters)</p><p>$12.99</p><a href="https://www.amazon.com/dp/B0D5CP3WBY?tag=eloabder-20&linkCode=osi&th=1&psc=1">View Product</a></div><div class="product"><a href="https://www.amazon.com/dp/B0CBFV28WX?tag=eloabder-20&linkCode=osi&th=1&psc=1"><img src="https://m.media-amazon.com/images/I/51LIYI0wXSL._SL500_.jpg" alt="Product Image"></a><p>16 Packs Vacuum Bags for Oreck Type CC, Compatible with All Oreck XL Upright Vacuum Cleaner - Replaces Part # CCPK8DW</p><p>$21.99 ($1.37 / Count)</p><a href="https://www.amazon.com/dp/B0CBFV28WX?tag=eloabder-20&linkCode=osi&th=1&psc=1">View Product</a></div><div class="product"><a href="https://www.amazon.com/dp/B00F9GQMHA?tag=eloabder-20&linkCode=osi&th=1&psc=1"><img src="https://m.media-amazon.com/images/I/51lhelurelL._SL500_.jpg" alt="Product Image"></a><p>EnviroCare Replacement Premium Vacuum Cleaner Dust Bags made to fit Eureka F&G Uprights 9 bags</p><p>$11.09</p><a href="https://www.amazon.com/dp/B00F9GQMHA?tag=eloabder-20&linkCode=osi&th=1&psc=1">View Product</a></div><div class="product"><a href="https://www.amazon.com/dp/B002CI8G1I?tag=eloabder-20&linkCode=osi&th=1&psc=1"><img src="https://m.media-amazon.com/images/I/51PYQrQpbSL._SL500_.jpg" alt="Product Image"></a><p>EnviroCare Replacement Micro Filtration Vacuum Cleaner Dust Bags made to fit Kenmore Upright Type U/L/O 50688 and 50690, Panasonic Type U-2, Miele Type Z. 9 pack</p><p>$9.99</p><a href="https://www.amazon.com/dp/B002CI8G1I?tag=eloabder-20&linkCode=osi&th=1&psc=1">View Product</a></div>
<div class="product"><a href="https://www.amazon.com/dp/B07GNQJ67P?tag=eloabder-20&linkCode=osi&th=1&psc=1"><img src="https://m.media-amazon.com/images/I/41XHnKbgjAL._SL500_.jpg" alt="Product Image"></a><p>Kenmore 53292 Type Q HEPA Replacement Dust Bags for Canister Vacuum 81214, 81414, 81714, 21814, BC2005, BC3005, 81615, BC7005, 6 Count (Pack of 1)</p><p>$13.24 ($2.21 / Count)</p><a href="https://www.amazon.com/dp/B07GNQJ67P?tag=eloabder-20&linkCode=osi&th=1&psc=1">View Product</a></div><div class="product"><a href="https://www.amazon.com/dp/B01L0C0FVK?tag=eloabder-20&linkCode=osi&th=1&psc=1"><img src="https://m.media-amazon.com/images/I/51ZIjbo9NVL._SL500_.jpg" alt="Product Image"></a><p>Envirocare Replacement Vacuum Bags Compatible with Kenmore Canister Type C/Q. 5055, 50557 and 50558 Panasonic Type C-5 Vacuums,15 pack</p><p>$16.16</p><a href="https://www.amazon.com/dp/B01L0C0FVK?tag=eloabder-20&linkCode=osi&th=1&psc=1">View Product</a></div><div class="product"><a href="https://www.amazon.com/dp/B0BTRTP2PM?tag=eloabder-20&linkCode=osi&th=1&psc=1"><img src="https://m.media-amazon.com/images/I/41K295aRv9L._SL500_.jpg" alt="Product Image"></a><p>Vacuum Cleaner Bags Fit for Kenmore Canister Type C/Q 50555 50557 50558 and Type C-5, 10PCs</p><p>$15.99</p><a href="https://www.amazon.com/dp/B0BTRTP2PM?tag=eloabder-20&linkCode=osi&th=1&psc=1">View Product</a></div><div class="product"><a href="https://www.amazon.com/dp/B0CRQYGLZX?tag=eloabder-20&linkCode=osi&th=1&psc=1"><img src="https://m.media-amazon.com/images/I/413iXp+j3ML._SL500_.jpg" alt="Product Image"></a><p>15 Pack Canister Vacuum Cleaner Bags Compatible with Kenmore Canister Type C/Q 5055, 50555, 50557, 50558 and Type C-5, C-18, 53292, 200 Series, 400 Series, 600 Series, 700 Series, 800 Series Vacuum</p><p>$11.69</p><a href="https://www.amazon.com/dp/B0CRQYGLZX?tag=eloabder-20&linkCode=osi&th=1&psc=1">View Product</a></div><div class="product"><a href="https://www.amazon.com/dp/B00QGD3SBI?tag=eloabder-20&linkCode=osi&th=1&psc=1"><img src="https://m.media-amazon.com/images/I/51xw0asyqTL._SL500_.jpg" alt="Product Image"></a><p>EnviroCare Replacement Vacuum Bags made to fit Kenmore Canister Type C or Q 50555, 50558, 50557 and Panasonic Type C-5 Vacuums, 9 pack</p><p>$9.79</p><a href="https://www.amazon.com/dp/B00QGD3SBI?tag=eloabder-20&linkCode=osi&th=1&psc=1">View Product</a></div><div class="product"><a href="https://www.amazon.com/dp/B0CQP9NP5N?tag=eloabder-20&linkCode=osi&th=1&psc=1"><img src="https://m.media-amazon.com/images/I/41WnNkTz8zL._SL500_.jpg" alt="Product Image"></a><p>8 Pack Replacement Vacuum Bags Compatible with Kenmore Canister Type C/Q. 5055, 50104, 50557 and 50558 Panasonic Type C-5 Vacuums</p><p>$9.99 ($1.25 / Count)</p><a href="https://www.amazon.com/dp/B0CQP9NP5N?tag=eloabder-20&linkCode=osi&th=1&psc=1">View Product</a></div>
<div class="product"><a href="https://www.amazon.com/dp/B09M3Y2BHR?tag=eloabder-20&linkCode=osi&th=1&psc=1"><img src="https://m.media-amazon.com/images/I/31tevngai1L._SL500_.jpg" alt="Product Image"></a><p>Ymimi Vacuum Filter Compatible with Eureka WhirlWind Bagless Canister Vacuum Cleaner,Fits NEN110A,NEN110B,NEN110Dï¼ˆ2-Packï¼‰</p><p>$11.99 ($6.00 / Count)</p><a href="https://www.amazon.com/dp/B09M3Y2BHR?tag=eloabder-20&linkCode=osi&th=1&psc=1">View Product</a></div><div class="product"><a href="https://www.amazon.com/dp/B07J1WWBHN?tag=eloabder-20&linkCode=osi&th=1&psc=1"><img src="https://m.media-amazon.com/images/I/51gmkDrnR2L._SL500_.jpg" alt="Product Image"></a><p>Bissell Powerforce Helix Bagless Washable Premotor Filter #1608225, Black</p><p>$7.78</p><a href="https://www.amazon.com/dp/B07J1WWBHN?tag=eloabder-20&linkCode=osi&th=1&psc=1">View Product</a></div><div class="product"><a href="https://www.amazon.com/dp/B0BK64TMMK?tag=eloabder-20&linkCode=osi&th=1&psc=1"><img src="https://m.media-amazon.com/images/I/41OBMvET7eL._SL500_.jpg" alt="Product Image"></a><p>Vacuum Belt Replacement for Bissell Cleanview Swivel Pet Upright Bagless/Powerlifter Vacuum Cleaner, fits model: 2252, 2254, 22543, 2258,2259, 2260,2316, 2739, 1793, Parts # 3031120, 32074</p><p>$6.99</p><a href="https://www.amazon.com/dp/B0BK64TMMK?tag=eloabder-20&linkCode=osi&th=1&psc=1">View Product</a></div><div class="product"><a href="https://www.amazon.com/dp/B0BKKL3WRB?tag=eloabder-20&linkCode=osi&th=1&psc=1"><img src="https://m.media-amazon.com/images/I/410jMe-FjIL._SL500_.jpg" alt="Product Image"></a><p>Aolleteau F1 HEPA Filter Compatible with Dirt Devil Bagless Upright Cleaner Models Extra Lite, Breeze, Featherlite Bagless, Jaguar Bagless,Platinum Force Vision, Scorpion and Vision Bagless (2 Pack)</p><p>$13.99 ($7.00 / Count)</p><a href="https://www.amazon.com/dp/B0BKKL3WRB?tag=eloabder-20&linkCode=osi&th=1&psc=1">View Product</a></div><div class="product"><a href="https://www.amazon.com/dp/B09SG1P4WN?tag=eloabder-20&linkCode=osi&th=1&psc=1"><img src="https://m.media-amazon.com/images/I/51+Mr+Wq5ML._SL500_.jpg" alt="Product Image"></a><p>NEN110A Vacuum Filter, Inlet Frame and Sponge Filter Compatible with Eureka Whirlwind Bagless Canister Vacuum Cleaner, Fits NEN110A, NEN110B, NEN110D(4-Pack)</p><p>$15.99 ($4.00 / Count)</p><a href="https://www.amazon.com/dp/B09SG1P4WN?tag=eloabder-20&linkCode=osi&th=1&psc=1">View Product</a></div>
<div class="product"><a href="https://www.amazon.com/dp/B07GT9VB9X?tag=eloabder-20&linkCode=osi&th=1&psc=1"><img src="https://m.media-amazon.com/images/I/41IokheYtNL._SL500_.jpg" alt="Product Image"></a><p>6 Pack 1940 Bissell Steam Mop Pads for Bissell PowerFresh Steam Mop 1806 1544 1440 2075A 2685A 1940W 19404 Series, Model 19402 19408 1940a 1940f 1940q 1940t B0006 B0017, Part #5938#203-2633</p><p>$16.99 ($2.83 / Count)</p><a href="https://www.amazon.com/dp/B07GT9VB9X?tag=eloabder-20&linkCode=osi&th=1&psc=1">View Product</a></div><div class="product"><a href="https://www.amazon.com/dp/B07H3MYZLD?tag=eloabder-20&linkCode=osi&th=1&psc=1"><img src="https://m.media-amazon.com/images/I/511p6MPxQ0L._SL500_.jpg" alt="Product Image"></a><p>Flammi Steam Pocket Mop Replacement Pads for Shark S3500 Series S3501 S3601 S3550 S3901 SE450 S3801CO S3601D S2901 S2902 Steam Pocket Mop, 4 Pack</p><p>$16.97 ($4.24 / Count)</p><a href="https://www.amazon.com/dp/B07H3MYZLD?tag=eloabder-20&linkCode=osi&th=1&psc=1">View Product</a></div><div class="product"><a href="https://www.amazon.com/dp/B0C8SH97HN?tag=eloabder-20&linkCode=osi&th=1&psc=1"><img src="https://m.media-amazon.com/images/I/31Mex4y7odL._SL500_.jpg" alt="Product Image"></a><p>HOMEXCEL Steam Mop Replacement Pads Compatible with Bissell Powerfresh Steam Mop 1940 1806 1440 1544 Series, Model 19402 19404 19408 2685A 2075A 1940A 1940Q 1940T 1940W, Steam Mop Pads Refills,4 Pack</p><p>$9.99 ($2.50 / Count)</p><a href="https://www.amazon.com/dp/B0C8SH97HN?tag=eloabder-20&linkCode=osi&th=1&psc=1">View Product</a></div><div class="product"><a href="https://www.amazon.com/dp/B0BFWTXS33?tag=eloabder-20&linkCode=osi&th=1&psc=1"><img src="https://m.media-amazon.com/images/I/51pa2h7o0EL._SL500_.jpg" alt="Product Image"></a><p>12 Pack 1940 Steam Mop Replacement Pads for Bissell Powerfresh Steam Mop 1940 1440 1806 1544 2075 2685A 2814 Series, Model 19402 19404 19408 19409 1940A 1940F 1940Q 1940T 1940W B0006 B0017 2075A 15441</p><p>$24.99</p><a href="https://www.amazon.com/dp/B0BFWTXS33?tag=eloabder-20&linkCode=osi&th=1&psc=1">View Product</a></div><div class="product"><a href="https://www.amazon.com/dp/B0CLP5QGTY?tag=eloabder-20&linkCode=osi&th=1&psc=1"><img src="https://m.media-amazon.com/images/I/414HqpKde9L._SL500_.jpg" alt="Product Image"></a><p>10 Pack 1940 1806 2685A Steam Mop Pads For Bissell Powerfresh Steam Mop Deluxe Pet Lift-Off Plus Slim Scrubbing Steam Mop Replacement Pad 1940A 2814 1544A 2075A Power Fresh Steamer Pad Refill Washable</p><p>$22.99 ($2.30 / Count)</p><a href="https://www.amazon.com/dp/B0CLP5QGTY?tag=eloabder-20&linkCode=osi&th=1&psc=1">View Product</a></div><div class="product"><a href="https://www.amazon.com/dp/B078BBKBPV?tag=eloabder-20&linkCode=osi&th=1&psc=1"><img src="https://m.media-amazon.com/images/I/51WcJqtOUIL._SL500_.jpg" alt="Product Image"></a><p>Tidy Monster Steam Mop Replacement Pads Compatible with Bissell Powerfresh Steam Mop 1940 1806 1544 1440 2075A 2685A Series, Part # 5938 & 203-2633, 1606668 & 1606669 (4 Pack Scrub Plush)</p><p>$9.99</p><a href="https://www.amazon.com/dp/B078BBKBPV?tag=eloabder-20&linkCode=osi&th=1&psc=1">View Product</a></div><div class="product"><a href="https://www.amazon.com/dp/B00A6G37SU?tag=eloabder-20&linkCode=osi&th=1&psc=1"><img src="https://m.media-amazon.com/images/I/51xo0LB-SpL._SL500_.jpg" alt="Product Image"></a><p>BISSELL PowerFresh Steam Mop Pads (Pack of 2) with Fragrance discs (4 ct), 5938</p><p>$21.26 ($10.63 / Count)</p><a href="https://www.amazon.com/dp/B00A6G37SU?tag=eloabder-20&linkCode=osi&th=1&psc=1">View Product</a></div>
<div class="product"><a href="https://www.amazon.com/dp/B0D2QFVY7H?tag=eloabder-20&linkCode=osi&th=1&psc=1"><img src="https://m.media-amazon.com/images/I/417B7H+vvML._SL500_.jpg" alt="Product Image"></a><p>Kenmore KS1010 Deep Clean & Revitalize Pet Carpet Cleaner Formula, 64 oz, White, 64 Fl Oz</p><p>$22.73 ($0.36 / Fl Oz)</p><a href="https://www.amazon.com/dp/B0D2QFVY7H?tag=eloabder-20&linkCode=osi&th=1&psc=1">View Product</a></div><div class="product"><a href="https://www.amazon.com/dp/B0BNK8ZJJ1?tag=eloabder-20&linkCode=osi&th=1&psc=1"><img src="https://m.media-amazon.com/images/I/51z0Pc4xcNL._SL500_.jpg" alt="Product Image"></a><p>Bissell Spotlifter Pet Carpet and Upholstery Cleaner with Brush Head - 4 Pack, 93523</p><p>$23.88 ($0.50 / Fl Oz)</p><a href="https://www.amazon.com/dp/B0BNK8ZJJ1?tag=eloabder-20&linkCode=osi&th=1&psc=1">View Product</a></div><div class="product"><a href="https://www.amazon.com/dp/B0CX245D26?tag=eloabder-20&linkCode=osi&th=1&psc=1"><img src="https://m.media-amazon.com/images/I/411CSXvvO1L._SL500_.jpg" alt="Product Image"></a><p>BISSELLÂ® Spot & Stain with Febreze + Gain Original Scent Formula for Little Green Devices, Portable Carpet Cleaners (3968)</p><p>$12.99 ($0.41 / Fl Oz)</p><a href="https://www.amazon.com/dp/B0CX245D26?tag=eloabder-20&linkCode=osi&th=1&psc=1">View Product</a></div><div class="product"><a href="https://www.amazon.com/dp/B083VZW4R5?tag=eloabder-20&linkCode=osi&th=1&psc=1"><img src="https://m.media-amazon.com/images/I/413BULPLmBL._SL500_.jpg" alt="Product Image"></a><p>BISSELL Multi-Surface Pet Formula with Febreze Freshness for Crosswave (80 oz), 2295L</p><p>$22.99 ($0.29 / Fl Oz)</p><a href="https://www.amazon.com/dp/B083VZW4R5?tag=eloabder-20&linkCode=osi&th=1&psc=1">View Product</a></div><div class="product"><a href="https://www.amazon.com/dp/B0D2RGW219?tag=eloabder-20&linkCode=osi&th=1&psc=1"><img src="https://m.media-amazon.com/images/I/41gD+82tnAL._SL500_.jpg" alt="Product Image"></a><p>Vacmaster Clean & Restore Carpet Cleaner Formula â€“ CCS03</p><p>$19.99 ($0.31 / Fl Oz)</p><a href="https://www.amazon.com/dp/B0D2RGW219?tag=eloabder-20&linkCode=osi&th=1&psc=1">View Product</a></div>






<div class="product"><a href="https://www.amazon.com/dp/B0BY64HQTP?tag=eloabder-20&linkCode=osi&th=1&psc=1"><img src="https://m.media-amazon.com/images/I/41hUxHuASYL._SL500_.jpg" alt="Product Image"></a><p>Air Conditioning Motor WZDK13-38G-1(RD-310-13-8) DC Brushless Fan Motor, 13W Inverter air Conditioner Motor DC Motor for Central air Conditioner</p><p>$39.95</p><a href="https://www.amazon.com/dp/B0BY64HQTP?tag=eloabder-20&linkCode=osi&th=1&psc=1">View Product</a></div><div class="product"><a href="https://www.amazon.com/dp/B0CM5YB884?tag=eloabder-20&linkCode=osi&th=1&psc=1"><img src="https://m.media-amazon.com/images/I/310lQ2tAvLL._SL500_.jpg" alt="Product Image"></a><p>Sparkfix OEM WZDK20-38G (ZKFP-20-8-6) Air Conditioner Replacement Motors DC280V 20W Air Conditioning Fan Motor Inverter Air Conditioner Brushless DC Motor 1300RPM CCW</p><p>$42.79</p><a href="https://www.amazon.com/dp/B0CM5YB884?tag=eloabder-20&linkCode=osi&th=1&psc=1">View Product</a></div>













<div class="product"><a href="https://www.amazon.com/dp/B009PCI2JU?tag=eloabder-20&linkCode=osi&th=1&psc=1"><img src="https://m.media-amazon.com/images/I/310ZJurANUL._SL500_.jpg" alt="Product Image"></a><p>GE RPWFE Refrigerator Water Filter | Certified to Reduce Lead, Sulfur, and 50+ Other Impurities | Replace Every 6 Months for Best Results | Pack of 1</p><p>$49.98</p><a href="https://www.amazon.com/dp/B009PCI2JU?tag=eloabder-20&linkCode=osi&th=1&psc=1">View Product</a></div><div class="product"><a href="https://www.amazon.com/dp/B0882ZJ48W?tag=eloabder-20&linkCode=osi&th=1&psc=1"><img src="https://m.media-amazon.com/images/I/41110o9sUoL._SL500_.jpg" alt="Product Image"></a><p>GE XWFE Refrigerator Water Filter | Certified to Reduce Lead, Sulfur, and 50+ Other Impurities | Replace Every 6 Months for Best Results | Pack of 1, White</p><p>$49.00</p><a href="https://www.amazon.com/dp/B0882ZJ48W?tag=eloabder-20&linkCode=osi&th=1&psc=1">View Product</a></div><div class="product"><a href="https://www.amazon.com/dp/B074HLRXMP?tag=eloabder-20&linkCode=osi&th=1&psc=1"><img src="https://m.media-amazon.com/images/I/21oDpGCQXiL._SL500_.jpg" alt="Product Image"></a><p>LG LT1000P - 6 Month / 200 Gallon Capacity Replacement Refrigerator Water Filter (NSF42, NSF53, and NSF401) ADQ74793501, ADQ75795105, or AGF80300704 , White</p><p>$47.00</p><a href="https://www.amazon.com/dp/B074HLRXMP?tag=eloabder-20&linkCode=osi&th=1&psc=1">View Product</a></div><div class="product"><a href="https://www.amazon.com/dp/B01BKWSHHE?tag=eloabder-20&linkCode=osi&th=1&psc=1"><img src="https://m.media-amazon.com/images/I/31E2+zlkvjL._SL500_.jpg" alt="Product Image"></a><p>Frigidaire EPTWFU01 Water Filtration Filter, 1 Count, White</p><p>$42.99</p><a href="https://www.amazon.com/dp/B01BKWSHHE?tag=eloabder-20&linkCode=osi&th=1&psc=1">View Product</a></div><div class="product"><a href="https://www.amazon.com/dp/B08V6JB9R7?tag=eloabder-20&linkCode=osi&th=1&psc=1"><img src="https://m.media-amazon.com/images/I/31PRPEffCZL._SL500_.jpg" alt="Product Image"></a><p>Frigidaire FPPWFU01 PurePour PWF-1 Water Filter 1 Count (Pack of 1)</p><p>$45.81</p><a href="https://www.amazon.com/dp/B08V6JB9R7?tag=eloabder-20&linkCode=osi&th=1&psc=1">View Product</a></div><div class="product"><a href="https://www.amazon.com/dp/B000AST3AK?tag=eloabder-20&linkCode=osi&th=1&psc=1"><img src="https://m.media-amazon.com/images/I/41DUoSxpwTS._SL500_.jpg" alt="Product Image"></a><p>GE MWF Refrigerator Water Filter | Certified to Reduce Lead, Sulfur, and 50+ Other Impurities | Replace Every 6 Months for Best Results | Pack of 1</p><p>$39.98</p><a href="https://www.amazon.com/dp/B000AST3AK?tag=eloabder-20&linkCode=osi&th=1&psc=1">View Product</a></div><div class="product"><a href="https://www.amazon.com/dp/B0CFZR7K8D?tag=eloabder-20&linkCode=osi&th=1&psc=1"><img src="https://m.media-amazon.com/images/I/31WM5sdhKLL._SL500_.jpg" alt="Product Image"></a><p>HMASAV W10295370A water filter replacement, Compatible with EDR1RXD1,EDR1RXD1B,W10295370,Filter 1,WHR1RXD1,KAD1RXD1,P4RFWB,P8RFWB2L,46-9930,46-9081 2PACK</p><p>$29.99 ($15.00 / Count)</p><a href="https://www.amazon.com/dp/B0CFZR7K8D?tag=eloabder-20&linkCode=osi&th=1&psc=1">View Product</a></div><div class="product"><a href="https://www.amazon.com/dp/B07JM9TTTT?tag=eloabder-20&linkCode=osi&th=1&psc=1"><img src="https://m.media-amazon.com/images/I/41CfAtJ8TPL._SL500_.jpg" alt="Product Image"></a><p>GLACIER FRESH LT1000PC Replacement Water Filter, Compatible with LT1000PC/PCS, LT1000PC, LT-1000PC, MDJ64844601, ADQ747935 ADQ74793504 Filter and LT120F ADQ73334008 Fresh Air (3+3)</p><p>$39.99 ($13.33 / Count)</p><a href="https://www.amazon.com/dp/B07JM9TTTT?tag=eloabder-20&linkCode=osi&th=1&psc=1">View Product</a></div><div class="product"><a href="https://www.amazon.com/dp/B003N1ZSYG?tag=eloabder-20&linkCode=osi&th=1&psc=1"><img src="https://m.media-amazon.com/images/I/31Mbrkrxu1L._SL500_.jpg" alt="Product Image"></a><p>SAMSUNG Genuine Filter for Refrigerator Water and Ice, Carbon Block Filtration for Clean, Clear Drinking Water, 6-Month Life, HAF-CIN/EXP, 1 Pack</p><p>$39.99</p><a href="https://www.amazon.com/dp/B003N1ZSYG?tag=eloabder-20&linkCode=osi&th=1&psc=1">View Product</a></div>









<div class="product"><a href="https://www.amazon.com/dp/B0B2NZ47HN?tag=eloabder-20&linkCode=osi&th=1&psc=1"><img src="https://m.media-amazon.com/images/I/41nC6c2XxJL._SL500_.jpg" alt="Product Image"></a><p>OTE Portable Sparkling Water Maker Soda Maker Machine for home with 20PCS Cylinders 450ml Personal seltzer Carbonators Electroless Double Layer PET Bottle BPA Free Double Pressure Relief Valves -Pink</p><p>$49.99</p><a href="https://www.amazon.com/dp/B0B2NZ47HN?tag=eloabder-20&linkCode=osi&th=1&psc=1">View Product</a></div><div class="product"><a href="https://www.amazon.com/dp/B09DY54L7M?tag=eloabder-20&linkCode=osi&th=1&psc=1"><img src="https://m.media-amazon.com/images/I/31LSpnm3G8L._SL500_.jpg" alt="Product Image"></a><p>MOSOLAN Bottle Cleaning Brush, 17 Inches Extra Long Handle Water Bottle Brush, Flexible Bendable Cleaner for Washing Narrow Neck Bottles, Wine Decanter, Kombucha, Pipes, Beer Brewing Supplies, 2 Pack</p><p>$11.95 ($5.98 / Count)</p><a href="https://www.amazon.com/dp/B09DY54L7M?tag=eloabder-20&linkCode=osi&th=1&psc=1">View Product</a></div><div class="product"><a href="https://www.amazon.com/dp/B0736CBNDN?tag=eloabder-20&linkCode=osi&th=1&psc=1"><img src="https://m.media-amazon.com/images/I/41tWXmwP5KL._SL500_.jpg" alt="Product Image"></a><p>#2 Filter Pads (10 Pack Bulk) Compatible with Mini Jet Machine | #2 1.8-2.5 micron | 2 Micron Filtering pads. Filter Wine Beer, Kombucha, Mead Mash. Polishing filtration| Not a Buon Vino product.</p><p>$18.99</p><a href="https://www.amazon.com/dp/B0736CBNDN?tag=eloabder-20&linkCode=osi&th=1&psc=1">View Product</a></div>









<div class="product"><a href="https://www.amazon.com/dp/B07YGN577Y?tag=eloabder-20&linkCode=osi&th=1&psc=1"><img src="https://m.media-amazon.com/images/I/31kfZiyDMUL._SL500_.jpg" alt="Product Image"></a><p>9870163 Trash Power Nut WP9870163 L8</p><p>$50.36</p><a href="https://www.amazon.com/dp/B07YGN577Y?tag=eloabder-20&linkCode=osi&th=1&psc=1">View Product</a></div>

<div class="product"><a href="https://www.amazon.com/dp/B0CWQLM4C7?tag=eloabder-20&linkCode=osi&th=1&psc=1"><img src="https://m.media-amazon.com/images/I/41gTEIOjtlL._SL500_.jpg" alt="Product Image"></a><p>7" Seven Seconds Lazy Kitchen Food Making Tools - Multifunctional Fruit Vegetable Chopper Quick Garlic Peeling Machine Convenient Food Chopper for Slicing,Juice,Grinding</p><p>$32.99</p><a href="https://www.amazon.com/dp/B0CWQLM4C7?tag=eloabder-20&linkCode=osi&th=1&psc=1">View Product</a></div>







<div class="product"><a href="https://www.amazon.com/dp/B0CNKFM9WR?tag=eloabder-20&linkCode=osi&th=1&psc=1"><img src="https://m.media-amazon.com/images/I/31sGGIDic9L._SL500_.jpg" alt="Product Image"></a><p>hobbyme Pack of 4 Plastic Coffee Scoops with Brush & Espresso Grinder Brush for Ground Coffee Cleaning Tea Power Coffee Grinder Spoon</p><p>$6.49</p><a href="https://www.amazon.com/dp/B0CNKFM9WR?tag=eloabder-20&linkCode=osi&th=1&psc=1">View Product</a></div>





<div class="product"><a href="https://www.amazon.com/dp/B07798328B?tag=eloabder-20&linkCode=osi&th=1&psc=1"><img src="https://m.media-amazon.com/images/I/31Vpin+sgUS._SL500_.jpg" alt="Product Image"></a><p>Prime-Line MP10513 Standard Plastic Ice Cube Trays (5 Pack)</p><p>$12.69</p><a href="https://www.amazon.com/dp/B07798328B?tag=eloabder-20&linkCode=osi&th=1&psc=1">View Product</a></div><div class="product"><a href="https://www.amazon.com/dp/B077965JDB?tag=eloabder-20&linkCode=osi&th=1&psc=1"><img src="https://m.media-amazon.com/images/I/31H1hNlH6RL._SL500_.jpg" alt="Product Image"></a><p>Prime-Line MP10863 Standard Plastic Ice Cube Trays (2 Pack)</p><p>$9.69</p><a href="https://www.amazon.com/dp/B077965JDB?tag=eloabder-20&linkCode=osi&th=1&psc=1">View Product</a></div>

<div class="product"><a href="https://www.amazon.com/dp/B08MPLY84K?tag=eloabder-20&linkCode=osi&th=1&psc=1"><img src="https://m.media-amazon.com/images/I/31kWTfzQJBL._SL500_.jpg" alt="Product Image"></a><p>Syntus Vacuum Sealer Bags, 6 Pack 3 Rolls 11" x 20' and 3 Rolls 8" x 20' Commercial Grade BPA Free Bag Rolls, Food Vac Bags for Storage, Meal Prep or Sous Vide</p><p>$19.99</p><a href="https://www.amazon.com/dp/B08MPLY84K?tag=eloabder-20&linkCode=osi&th=1&psc=1">View Product</a></div><div class="product"><a href="https://www.amazon.com/dp/B0C5BWRMQL?tag=eloabder-20&linkCode=osi&th=1&psc=1"><img src="https://m.media-amazon.com/images/I/41yPpkb6oeL._SL500_.jpg" alt="Product Image"></a><p>Bonsenkitchen Vacuum Sealer Rolls Bags, 6 Pack 3 Rolls 11" x 20' + 3 Rolls 8" x 20' Commercial Grade BPA Free Bag Rolls, Durable Customized Size Food Vac Bags for Storage and Sous Vide Cooking VB3211</p><p>$19.99 ($3.33 / Count)</p><a href="https://www.amazon.com/dp/B0C5BWRMQL?tag=eloabder-20&linkCode=osi&th=1&psc=1">View Product</a></div><div class="product"><a href="https://www.amazon.com/dp/B0C5C1JTC4?tag=eloabder-20&linkCode=osi&th=1&psc=1"><img src="https://m.media-amazon.com/images/I/31JpyYsm7YL._SL500_.jpg" alt="Product Image"></a><p>Bonsenkitchen Vacuum Food Sealer Bags 200 Quart 8" x 12", BPA Free, Commercial Grade Textured Food Vacuum Sealer Bag, Thick Embossed Bags for Food Storage and Sous Vide Cooking VB3208</p><p>$18.39 ($0.09 / Count)</p><a href="https://www.amazon.com/dp/B0C5C1JTC4?tag=eloabder-20&linkCode=osi&th=1&psc=1">View Product</a></div><div class="product"><a href="https://www.amazon.com/dp/B07TMZDGQ1?tag=eloabder-20&linkCode=osi&th=1&psc=1"><img src="https://m.media-amazon.com/images/I/31cRCu-JIsL._SL500_.jpg" alt="Product Image"></a><p>Wevac Vacuum Sealer Bags 11x50 Rolls 2 pack for Food Saver, Seal a Meal, Weston. Commercial Grade, BPA Free, Heavy Duty, Great for vac storage, Meal Prep or Sous Vide</p><p>$20.99 ($0.21 / Count)</p><a href="https://www.amazon.com/dp/B07TMZDGQ1?tag=eloabder-20&linkCode=osi&th=1&psc=1">View Product</a></div><div class="product"><a href="https://www.amazon.com/dp/B07TV4KRCL?tag=eloabder-20&linkCode=osi&th=1&psc=1"><img src="https://m.media-amazon.com/images/I/31uv3qtc9bL._SL500_.jpg" alt="Product Image"></a><p>Wevac Vacuum Sealer Bags 100 Gallon 11x16 Inch for Food Saver, Seal a Meal, Weston. Commercial Grade, BPA Free, Heavy Duty, Great for vac storage, Meal Prep and Sous Vide</p><p>$21.24</p><a href="https://www.amazon.com/dp/B07TV4KRCL?tag=eloabder-20&linkCode=osi&th=1&psc=1">View Product</a></div>


<div class="product"><a href="https://www.amazon.com/dp/B093G5XCVF?tag=eloabder-20&linkCode=osi&th=1&psc=1"><img src="https://m.media-amazon.com/images/I/313Cq6ASf0S._SL500_.jpg" alt="Product Image"></a><p>2 Multipurpose Pastry Brush Basting & Coffee Grinders Cleaning Brush Wooden Handle Natural Boar Bristles Baking Cooking Sauce egg wash Bakery Supply Espresso Bean Barista</p><p>$7.21</p><a href="https://www.amazon.com/dp/B093G5XCVF?tag=eloabder-20&linkCode=osi&th=1&psc=1">View Product</a></div><div class="product"><a href="https://www.amazon.com/dp/B07JGRYG31?tag=eloabder-20&linkCode=osi&th=1&psc=1"><img src="https://m.media-amazon.com/images/I/31nd-jhgzdL._SL500_.jpg" alt="Product Image"></a><p>Coffee Grinder Cleaning Brush + Coffee Brush Wood Handle & Natural Bristles Pastry Brush</p><p>$5.99</p><a href="https://www.amazon.com/dp/B07JGRYG31?tag=eloabder-20&linkCode=osi&th=1&psc=1">View Product</a></div><div class="product"><a href="https://www.amazon.com/dp/B0C53G4T7X?tag=eloabder-20&linkCode=osi&th=1&psc=1"><img src="https://m.media-amazon.com/images/I/21Hrgmpj8YL._SL500_.jpg" alt="Product Image"></a><p>Leadigol Cleaning Tool Coffee Machine Home Pastry Brush Multifunctional Wooden Handle Baking Soft Bristles Coffee Grinder Brush</p><p>$7.99</p><a href="https://www.amazon.com/dp/B0C53G4T7X?tag=eloabder-20&linkCode=osi&th=1&psc=1">View Product</a></div><div class="product"><a href="https://www.amazon.com/dp/B07W5WM2LF?tag=eloabder-20&linkCode=osi&th=1&psc=1"><img src="https://m.media-amazon.com/images/I/41-7fWE9tSL._SL500_.jpg" alt="Product Image"></a><p>Redecker Waffle Machine Brush with Oiled Beechwood Handle, Stiff Heat-resistant Tampico Fiber Bristles, 6-1/2 inches, Made in Germany</p><p>$21.99</p><a href="https://www.amazon.com/dp/B07W5WM2LF?tag=eloabder-20&linkCode=osi&th=1&psc=1">View Product</a></div>


















<div class="product"><a href="https://www.amazon.com/dp/B00UTFZAII?tag=eloabder-20&linkCode=osi&th=1&psc=1"><img src="https://m.media-amazon.com/images/I/31z7hZ6KbXL._SL500_.jpg" alt="Product Image"></a><p>Miele 10123210 AirClean 3D Efficiency Dust Bag, Type GN, 4 Bags & 2 Filters, White</p><p>$21.86 ($21.86 / Count)</p><a href="https://www.amazon.com/dp/B00UTFZAII?tag=eloabder-20&linkCode=osi&th=1&psc=1">View Product</a></div><div class="product"><a href="https://www.amazon.com/dp/B07WHG6J5S?tag=eloabder-20&linkCode=osi&th=1&psc=1"><img src="https://m.media-amazon.com/images/I/41hnaEOxB9L._SL500_.jpg" alt="Product Image"></a><p>KEEPOW Vacuum Filters for Eureka, Power Speed Vacuum Filters Replacement for Eureka NEU182A, NEU182B, NEU280, NEU180, NEU181, NEU188, NEU202 Bagless Upright Vacuum Cleaner, Part E0202 (4 Pack)</p><p>$9.99 ($2.50 / Count)</p><a href="https://www.amazon.com/dp/B07WHG6J5S?tag=eloabder-20&linkCode=osi&th=1&psc=1">View Product</a></div><div class="product"><a href="https://www.amazon.com/dp/B00UTFZB82?tag=eloabder-20&linkCode=osi&th=1&psc=1"><img src="https://m.media-amazon.com/images/I/41WdlL5T0dL._SL500_.jpg" alt="Product Image"></a><p>Miele AirClean 3D Efficiency Dust Bag, Type FJM, 4 Bags & 2 Filters, White</p><p>$18.99</p><a href="https://www.amazon.com/dp/B00UTFZB82?tag=eloabder-20&linkCode=osi&th=1&psc=1">View Product</a></div><div class="product"><a href="https://www.amazon.com/dp/B09NKP346M?tag=eloabder-20&linkCode=osi&th=1&psc=1"><img src="https://m.media-amazon.com/images/I/41o25nqkODL._SL500_.jpg" alt="Product Image"></a><p>Anewise 6 Pack Filter Replacement for Bissell Powerforce Compact Lightweight Upright 2112 1520 for Bissel Turbo Bagless 2690 Cleanview 3437 3508 Vacuum Cleaner, Compare to Parts #1604896/160-4896</p><p>$12.99</p><a href="https://www.amazon.com/dp/B09NKP346M?tag=eloabder-20&linkCode=osi&th=1&psc=1">View Product</a></div><div class="product"><a href="https://www.amazon.com/dp/B01MQ5NITB?tag=eloabder-20&linkCode=osi&th=1&psc=1"><img src="https://m.media-amazon.com/images/I/41J6lG4H1bL._SL500_.jpg" alt="Product Image"></a><p>Bissell Style 7 3 Pack Vacuum Cleaner Bags, White, 3 Count</p><p>$8.69 ($2.90 / Count)</p><a href="https://www.amazon.com/dp/B01MQ5NITB?tag=eloabder-20&linkCode=osi&th=1&psc=1">View Product</a></div><div class="product"><a href="https://www.amazon.com/dp/B0CDH1JY5D?tag=eloabder-20&linkCode=osi&th=1&psc=1"><img src="https://m.media-amazon.com/images/I/516DPXu4siL._SL500_.jpg" alt="Product Image"></a><p>4 Pack Replacement Filters Compatiable with Wyze Cordless Vacuum Cleaner, Removable and Washable HEPA Filter Accessories Part Set with 1 Cleaning Brush for Wyze Handheld Cordless Vacuum Cleaner</p><p>$15.99 ($4.00 / Count)</p><a href="https://www.amazon.com/dp/B0CDH1JY5D?tag=eloabder-20&linkCode=osi&th=1&psc=1">View Product</a></div><div class="product"><a href="https://www.amazon.com/dp/B07P3WB37F?tag=eloabder-20&linkCode=osi&th=1&psc=1"><img src="https://m.media-amazon.com/images/I/51WaYrkiVXL._SL500_.jpg" alt="Product Image"></a><p>Miele AirClean 3D Efficiency Dust Bag, Type GN, XL Value Pack, 8 Bags and 4 Filters</p><p>$36.99</p><a href="https://www.amazon.com/dp/B07P3WB37F?tag=eloabder-20&linkCode=osi&th=1&psc=1">View Product</a></div><div class="product"><a href="https://www.amazon.com/dp/B09DSY4Z2T?tag=eloabder-20&linkCode=osi&th=1&psc=1"><img src="https://m.media-amazon.com/images/I/51+ref3EeAL._SL500_.jpg" alt="Product Image"></a><p>Filter Replacement for Tineco A10 A11 Hero A10/A11 Master PURE ONE S11 Series, S12, X Cordless Vacuum Cleaner (3 PACK) â€¦</p><p>$12.99 ($4.33 / Count)</p><a href="https://www.amazon.com/dp/B09DSY4Z2T?tag=eloabder-20&linkCode=osi&th=1&psc=1">View Product</a></div>


<div class="product"><a href="https://www.amazon.com/dp/B0BXRR5QFV?tag=eloabder-20&linkCode=osi&th=1&psc=1"><img src="https://m.media-amazon.com/images/I/41sjdBkCp8L._SL500_.jpg" alt="Product Image"></a><p>AC Infinity CLOUDFORGE T7, Plant Humidifier 15L with VPD Humidity Controls, 10-Level Precision Vaporizer, Extendable Hose, Targeting Pipe, and No-Leak Seal for Grow Tents</p><p>$159.00</p><a href="https://www.amazon.com/dp/B0BXRR5QFV?tag=eloabder-20&linkCode=osi&th=1&psc=1">View Product</a></div><div class="product"><a href="https://www.amazon.com/dp/B01N6MV8SA?tag=eloabder-20&linkCode=osi&th=1&psc=1"><img src="https://m.media-amazon.com/images/I/41hX08+W1xL._SL500_.jpg" alt="Product Image"></a><p>Protec Humidifier Tank Cleaner, 1 Count - Colors May Vary</p><p>$5.98</p><a href="https://www.amazon.com/dp/B01N6MV8SA?tag=eloabder-20&linkCode=osi&th=1&psc=1">View Product</a></div><div class="product"><a href="https://www.amazon.com/dp/B07GXBTH82?tag=eloabder-20&linkCode=osi&th=1&psc=1"><img src="https://m.media-amazon.com/images/I/41ibxK12JPL._SL500_.jpg" alt="Product Image"></a><p>Essick Air 1970-2 Humidifier, 2-Quart Bacteriostatic Treatment, 2 Pack, Clear, 2</p><p>$22.99</p><a href="https://www.amazon.com/dp/B07GXBTH82?tag=eloabder-20&linkCode=osi&th=1&psc=1">View Product</a></div><div class="product"><a href="https://www.amazon.com/dp/B08TTT3K9B?tag=eloabder-20&linkCode=osi&th=1&psc=1"><img src="https://m.media-amazon.com/images/I/41U6j9SexmL._SL500_.jpg" alt="Product Image"></a><p>Leemone Humidifier Cleaner 12 Pack, Demineralization Cleaning Ball, Works in All humidifiers and Fish Tanks, Purifies Water, Prevents Hard Water Build-Up, Eliminates White Dust and Odor</p><p>$14.44</p><a href="https://www.amazon.com/dp/B08TTT3K9B?tag=eloabder-20&linkCode=osi&th=1&psc=1">View Product</a></div>
<div class="product"><a href="https://www.amazon.com/dp/B07YD4XCT3?tag=eloabder-20&linkCode=osi&th=1&psc=1"><img src="https://m.media-amazon.com/images/I/41hR81iKyJL._SL500_.jpg" alt="Product Image"></a><p>Vacplus Moisture Absorber Packets, Fragrance Free(10 Pack), Humidity Packs, Hanging Closet Dehumidifier Bags, Desiccant 9.8OZ</p><p>$21.99</p><a href="https://www.amazon.com/dp/B07YD4XCT3?tag=eloabder-20&linkCode=osi&th=1&psc=1">View Product</a></div><div class="product"><a href="https://www.amazon.com/dp/B09LQF5V5K?tag=eloabder-20&linkCode=osi&th=1&psc=1"><img src="https://m.media-amazon.com/images/I/51Cx5ECAotL._SL500_.jpg" alt="Product Image"></a><p>CLEVAST Moisture Absorbers Packets 10 Pack, Dehumidifier Bags for Closet, Unscented Hanging Humidity Absorber in Wardrobes, Bedrooms, Bathrooms(230g/pack)</p><p>$16.98</p><a href="https://www.amazon.com/dp/B09LQF5V5K?tag=eloabder-20&linkCode=osi&th=1&psc=1">View Product</a></div><div class="product"><a href="https://www.amazon.com/dp/B0B8L9QRW8?tag=eloabder-20&linkCode=osi&th=1&psc=1"><img src="https://m.media-amazon.com/images/I/518LgtpPi8L._SL500_.jpg" alt="Product Image"></a><p>Arm & Hammer Essentials Disposable Moisture Absorber and Odor Eliminator Tub, Fragrance Free, 1 lb, 3-Pack, Attracts and Traps Excess Moisture, Ideal Closet Dehumidifier, White</p><p>$24.94 ($0.52 / Ounce)</p><a href="https://www.amazon.com/dp/B0B8L9QRW8?tag=eloabder-20&linkCode=osi&th=1&psc=1">View Product</a></div><div class="product"><a href="https://www.amazon.com/dp/B09W9TPJGZ?tag=eloabder-20&linkCode=osi&th=1&psc=1"><img src="https://m.media-amazon.com/images/I/51pVTVMwHbL._SL500_.jpg" alt="Product Image"></a><p>THECOSKY Dehumidifier and Air Purifier Combo,HEPA H13 Filter and Negative Air Ion Function,54oz(1.6L) Water Tank with Drain Hose,24hrs Auto-Off Timer,Idea for Bedroom,Bathroom,Closet,RV</p><p>$109.99</p><a href="https://www.amazon.com/dp/B09W9TPJGZ?tag=eloabder-20&linkCode=osi&th=1&psc=1">View Product</a></div><div class="product"><a href="https://www.amazon.com/dp/B0CXDG65LZ?tag=eloabder-20&linkCode=osi&th=1&psc=1"><img src="https://m.media-amazon.com/images/I/41HNflmbKHL._SL500_.jpg" alt="Product Image"></a><p>14 x 17.5 x1.75 MERV 13 Replacement Dehumidifier Filter Compatible with Santa Fe Advance90, Advance100, Advance120, Honeywell DR90 & DR120 dehumidifier models, 2 Pack</p><p>$42.99</p><a href="https://www.amazon.com/dp/B0CXDG65LZ?tag=eloabder-20&linkCode=osi&th=1&psc=1">View Product</a></div>
<div class="product"><a href="https://www.amazon.com/dp/B088B921NQ?tag=eloabder-20&linkCode=osi&th=1&psc=1"><img src="https://m.media-amazon.com/images/I/612e4cT3RYL._SL500_.jpg" alt="Product Image"></a><p>ULTTY H13 HEPA Replacement Filter with Medical Coating, True HEPA Filter For R021/ R020 Purifying Fan, Medium</p><p>$29.99</p><a href="https://www.amazon.com/dp/B088B921NQ?tag=eloabder-20&linkCode=osi&th=1&psc=1">View Product</a></div><div class="product"><a href="https://www.amazon.com/dp/B0D2MZ4Y7Z?tag=eloabder-20&linkCode=osi&th=1&psc=1"><img src="https://m.media-amazon.com/images/I/51KgTHizWyL._SL500_.jpg" alt="Product Image"></a><p>Butto 5-Pack Ceiling Fan Filters for Blades - Strong Adhesive Ceiling Fan Filters for Common Household Contaminants - Unscented Coconut Carbon Fan Air Purifier Pads to Make Air Fresh and Natural</p><p>$9.98</p><a href="https://www.amazon.com/dp/B0D2MZ4Y7Z?tag=eloabder-20&linkCode=osi&th=1&psc=1">View Product</a></div><div class="product"><a href="https://www.amazon.com/dp/B0C42HCM21?tag=eloabder-20&linkCode=osi&th=1&psc=1"><img src="https://m.media-amazon.com/images/I/31jk3lpoygL._SL500_.jpg" alt="Product Image"></a><p>Barnakl Ceiling Fan Filters | Activated Coconut Shell Carbon Filter | Easy-Stick Universal Ceiling Fan Air Filters | Unscented Ceiling Fan Blade Filters for Common Household Contaminants, (3-Count)</p><p>$19.99 ($6.66 / Count)</p><a href="https://www.amazon.com/dp/B0C42HCM21?tag=eloabder-20&linkCode=osi&th=1&psc=1">View Product</a></div>
<div class="product"><a href="https://www.amazon.com/dp/B08LZWP29P?tag=eloabder-20&linkCode=osi&th=1&psc=1"><img src="https://m.media-amazon.com/images/I/41NLuzzFW9L._SL500_.jpg" alt="Product Image"></a><p>Chromex Tankless Water Heater Descaling Solution | Highly Effective Descaler Restores Heating Efficiency, Quart, 32 fl oz (1)</p><p>$26.99</p><a href="https://www.amazon.com/dp/B08LZWP29P?tag=eloabder-20&linkCode=osi&th=1&psc=1">View Product</a></div>

<div class="product"><a href="https://www.amazon.com/dp/B005UO4OWQ?tag=eloabder-20&linkCode=osi&th=1&psc=1"><img src="https://m.media-amazon.com/images/I/41oQPKFofoL._SL500_.jpg" alt="Product Image"></a><p>Bissell 203-7458 Brushroll, Bg10/86T3, Black</p><p>$21.26 ($21.26 / Count)</p><a href="https://www.amazon.com/dp/B005UO4OWQ?tag=eloabder-20&linkCode=osi&th=1&psc=1">View Product</a></div>





















<div class="product"><a href="https://www.amazon.com/dp/B0014J7FUY?tag=eloabder-20&linkCode=osi&th=1&psc=1"><img src="https://m.media-amazon.com/images/I/31QrM+IPxOL._SL500_.jpg" alt="Product Image"></a><p>Urnex Grindz Professional Coffee Grinder Cleaning Tablets - 430 Grams - All Natural Food Safe Gluten Free - Cleans Burr and Casing - Help Extend Life of Your Grinder</p><p>$25.99 ($1.71 / Ounce)</p><a href="https://www.amazon.com/dp/B0014J7FUY?tag=eloabder-20&linkCode=osi&th=1&psc=1">View Product</a></div>



<div class="product"><a href="https://www.amazon.com/dp/B0CHW317SG?tag=eloabder-20&linkCode=osi&th=1&psc=1"><img src="https://m.media-amazon.com/images/I/41Qd5Iu3qBL._SL500_.jpg" alt="Product Image"></a><p>EUHOMY 55 Can Beverage Refrigerator cooler-Mini Fridge Glass Door for Beer Drinks Wines, Freestanding Beverage Fridge with Adjustable Shelves Blue LED for Home/Office/Dorm/Bar (1.3cu.ft)</p><p>$128.99</p><a href="https://www.amazon.com/dp/B0CHW317SG?tag=eloabder-20&linkCode=osi&th=1&psc=1">View Product</a></div>

<div class="product"><a href="https://www.amazon.com/dp/B099CN2MRK?tag=eloabder-20&linkCode=osi&th=1&psc=1"><img src="https://m.media-amazon.com/images/I/31CvUCIUX5L._SL500_.jpg" alt="Product Image"></a><p>Genuine PuroAir 240 Replacement Filter - Replacement HEPA Filter for PuroAir 240 Purifier - Captures up to 99% of Pollen, Smoke, Pollen, Dust and Common Household Pollutants</p><p>$48.00</p><a href="https://www.amazon.com/dp/B099CN2MRK?tag=eloabder-20&linkCode=osi&th=1&psc=1">View Product</a></div><div class="product"><a href="https://www.amazon.com/dp/B0055521W0?tag=eloabder-20&linkCode=osi&th=1&psc=1"><img src="https://m.media-amazon.com/images/I/41Hs7ixdyXL._SL500_.jpg" alt="Product Image"></a><p>GermGuardian Filter B HEPA Pure Genuine Air Purifier Replacement Filter, Removes 99.97% of Pollutants for AC4825, AC4300, AC4900, AC4825DLX, AC4850, CDAP4500, AP2200, Black/Yellow, FLT4825</p><p>$17.90 ($17.90 / Count)</p><a href="https://www.amazon.com/dp/B0055521W0?tag=eloabder-20&linkCode=osi&th=1&psc=1">View Product</a></div><div class="product"><a href="https://www.amazon.com/dp/B0BNMYKZPV?tag=eloabder-20&linkCode=osi&th=1&psc=1"><img src="https://m.media-amazon.com/images/I/41-K3mB6KkL._SL500_.jpg" alt="Product Image"></a><p>2 Pack True HEPA KILO Filter Compatible with Afloia KILO, KILOPLUS, KILOPRO, MIRO,MIRO PRO and MORENTO MR-Kilo, Kalo Air Purifier, 360Â° 3-Stage Filtration</p><p>$34.99 ($17.50 / Count)</p><a href="https://www.amazon.com/dp/B0BNMYKZPV?tag=eloabder-20&linkCode=osi&th=1&psc=1">View Product</a></div><div class="product"><a href="https://www.amazon.com/dp/B0D3M4Y9W7?tag=eloabder-20&linkCode=osi&th=1&psc=1"><img src="https://m.media-amazon.com/images/I/41tzW+mkZuL._SL500_.jpg" alt="Product Image"></a><p>Breshair 14 True HEPA Filter Replacement Compatible with PuroAir 240 Air Purifier, 3-in-1 Filtration System with Activated Carbon Filter, 2-Pack</p><p>$31.56 ($15.78 / Count)</p><a href="https://www.amazon.com/dp/B0D3M4Y9W7?tag=eloabder-20&linkCode=osi&th=1&psc=1">View Product</a></div><div class="product"><a href="https://www.amazon.com/dp/B0CB18MVX6?tag=eloabder-20&linkCode=osi&th=1&psc=1"><img src="https://m.media-amazon.com/images/I/519ZmmLOrzL._SL500_.jpg" alt="Product Image"></a><p>2 Pack 3-in-1 H13 True HEPA Replacement Filter Compatible with Pure Enrichment PureZone Air Purifier Part# PEAIRPLG</p><p>$23.99 ($12.00 / Count)</p><a href="https://www.amazon.com/dp/B0CB18MVX6?tag=eloabder-20&linkCode=osi&th=1&psc=1">View Product</a></div><div class="product"><a href="https://www.amazon.com/dp/B08JTZMRML?tag=eloabder-20&linkCode=osi&th=1&psc=1"><img src="https://m.media-amazon.com/images/I/51yx60sCjHL._SL500_.jpg" alt="Product Image"></a><p>6 Pack HPA300 HEPA Filter Replacement for Honeywell HPA300 Series Air Purifiers HPA300, HPA300VP, HPA304, HPA3300, Replace HRF-R3 (6 Ture HEPA R Replacement Filter + 8 Activated Carbon Pre-Filter)</p><p>$47.99 ($3.43 / Count)</p><a href="https://www.amazon.com/dp/B08JTZMRML?tag=eloabder-20&linkCode=osi&th=1&psc=1">View Product</a></div><div class="product"><a href="https://www.amazon.com/dp/B0CF1GLSYS?tag=eloabder-20&linkCode=osi&th=1&psc=1"><img src="https://m.media-amazon.com/images/I/41709EXRzXL._SL500_.jpg" alt="Product Image"></a><p>CHIVALZ 4 Pack HY4866 True HEPA Replacement Filters Compatible with MORENTO HY4866 Air Purifier, WESTHEY HY4866 Air Purifier and YIOU M1 Air Cleaner Purifier, Original Version</p><p>$39.99 ($10.00 / Count)</p><a href="https://www.amazon.com/dp/B0CF1GLSYS?tag=eloabder-20&linkCode=osi&th=1&psc=1">View Product</a></div>







<div class="product"><a href="https://www.amazon.com/dp/B0CYKMFKR9?tag=eloabder-20&linkCode=osi&th=1&psc=1"><img src="https://m.media-amazon.com/images/I/316zU-ozoxL._SL500_.jpg" alt="Product Image"></a><p>Air Purifier Replacement Filter for Space Heater Bladeless Fan</p><p>$29.99</p><a href="https://www.amazon.com/dp/B0CYKMFKR9?tag=eloabder-20&linkCode=osi&th=1&psc=1">View Product</a></div>
<div class="product"><a href="https://www.amazon.com/dp/B07MRH6VY7?tag=eloabder-20&linkCode=osi&th=1&psc=1"><img src="https://m.media-amazon.com/images/I/51g-nuN4A5L._SL500_.jpg" alt="Product Image"></a><p>Colorfullife Replacement Air Purifier Filter for Dyson Tower Purifier Pure Cool Link TP01, TP02, TP03, BP01, Compare to Part 968126-03ï¼Œ2 Pack</p><p>$26.99</p><a href="https://www.amazon.com/dp/B07MRH6VY7?tag=eloabder-20&linkCode=osi&th=1&psc=1">View Product</a></div><div class="product"><a href="https://www.amazon.com/dp/B07TX5SW7J?tag=eloabder-20&linkCode=osi&th=1&psc=1"><img src="https://m.media-amazon.com/images/I/512Kn+cPglL._SL500_.jpg" alt="Product Image"></a><p>TP01 HEPA Filter Replacement Compatible with Dyson Tower Purifier Pure Cool Link TP01, TP02, TP03, AM11, BP01 Models, Compare to Part # 968126-03 (Pack of 2)</p><p>$27.95 ($13.98 / Count)</p><a href="https://www.amazon.com/dp/B07TX5SW7J?tag=eloabder-20&linkCode=osi&th=1&psc=1">View Product</a></div><div class="product"><a href="https://www.amazon.com/dp/B0CC24GZGB?tag=eloabder-20&linkCode=osi&th=1&psc=1"><img src="https://m.media-amazon.com/images/I/41woNpZ9VgL._SL500_.jpg" alt="Product Image"></a><p>TP01 TP02 Filter Compatible with Dyson Pure Cool Link Purifying Tower Fan TP00 TP03 AM11 and Cool Me BP01 Personal Series, 360Â° Air Purifier Filter Replacement 968126-03, 1-Pack</p><p>$25.99</p><a href="https://www.amazon.com/dp/B0CC24GZGB?tag=eloabder-20&linkCode=osi&th=1&psc=1">View Product</a></div><div class="product"><a href="https://www.amazon.com/dp/B0CX23N2JJ?tag=eloabder-20&linkCode=osi&th=1&psc=1"><img src="https://m.media-amazon.com/images/I/3145hmd5j7L._SL500_.jpg" alt="Product Image"></a><p>Dreo Air Purifiers Replacement Filter, HEPA Filter for Dreo Purifier Tower Fan MC710S, with 2 Stage Filtration, Black, Standard(DR-HPA019)</p><p>$39.99</p><a href="https://www.amazon.com/dp/B0CX23N2JJ?tag=eloabder-20&linkCode=osi&th=1&psc=1">View Product</a></div>










<div class="product"><a href="https://www.amazon.com/dp/B001U0OJ7O?tag=eloabder-20&linkCode=osi&th=1&psc=1"><img src="https://m.media-amazon.com/images/I/41XEg3QV-wL._SL500_.jpg" alt="Product Image"></a><p>Whirlpool W10165294RB 15-Inch Plastic Trash Compactor ct, 60 Bags, Count</p><p>$48.34</p><a href="https://www.amazon.com/dp/B001U0OJ7O?tag=eloabder-20&linkCode=osi&th=1&psc=1">View Product</a></div><div class="product"><a href="https://www.amazon.com/dp/B0CC3V4ZZ4?tag=eloabder-20&linkCode=osi&th=1&psc=1"><img src="https://m.media-amazon.com/images/I/31bbvodHnjL._SL500_.jpg" alt="Product Image"></a><p>Waste Smasher- Hand-Held Manual Trash Compactor Dishwasher Safe Black</p><p>$24.95</p><a href="https://www.amazon.com/dp/B0CC3V4ZZ4?tag=eloabder-20&linkCode=osi&th=1&psc=1">View Product</a></div><div class="product"><a href="https://www.amazon.com/dp/B00IYO5914?tag=eloabder-20&linkCode=osi&th=1&psc=1"><img src="https://m.media-amazon.com/images/I/51SLpTXIYNL._SL500_.jpg" alt="Product Image"></a><p>Kitchen Master Super Strong Compactor Bags Pre Cuffed (12 Pack)</p><p>$34.95</p><a href="https://www.amazon.com/dp/B00IYO5914?tag=eloabder-20&linkCode=osi&th=1&psc=1">View Product</a></div><div class="product"><a href="https://www.amazon.com/dp/B075DJ4ZVQ?tag=eloabder-20&linkCode=osi&th=1&psc=1"><img src="https://m.media-amazon.com/images/I/51Vaek4I89L._SL500_.jpg" alt="Product Image"></a><p>Dano Pre-Cuffed Compactor Bags</p><p>$32.95 ($2.75 / Count)</p><a href="https://www.amazon.com/dp/B075DJ4ZVQ?tag=eloabder-20&linkCode=osi&th=1&psc=1">View Product</a></div><div class="product"><a href="https://www.amazon.com/dp/B0C2DCVCBJ?tag=eloabder-20&linkCode=osi&th=1&psc=1"><img src="https://m.media-amazon.com/images/I/51072CtaKuL._SL500_.jpg" alt="Product Image"></a><p>60-pack W10165294RB Trash Compactor Bags - leak-proof trash compactor bags for kitchen 60-ct 15 inches - Fits 15-inch Rectangular Drawer Compactors</p><p>$45.99 ($0.77 / Count)</p><a href="https://www.amazon.com/dp/B0C2DCVCBJ?tag=eloabder-20&linkCode=osi&th=1&psc=1">View Product</a></div><div class="product"><a href="https://www.amazon.com/dp/B001U0OJ7E?tag=eloabder-20&linkCode=osi&th=1&psc=1"><img src="https://m.media-amazon.com/images/I/41c0z26RyvL._SL500_.jpg" alt="Product Image"></a><p>Whirlpool W10165293RB Genuine OEM 60 Pack-Plastic Compactor Bags-18" Models â€“ 1394369, 4178058, 4318932, 4318933, 4318935, 4318937, 4318939, AH1964576, EA1964576, PS1964576</p><p>$48.64 ($0.81 / Count)</p><a href="https://www.amazon.com/dp/B001U0OJ7E?tag=eloabder-20&linkCode=osi&th=1&psc=1">View Product</a></div><div class="product"><a href="https://www.amazon.com/dp/B00W27J16S?tag=eloabder-20&linkCode=osi&th=1&psc=1"><img src="https://m.media-amazon.com/images/I/41RaOjAGlrL._SL500_.jpg" alt="Product Image"></a><p>Compactor Bags Pre Cuffed (50 Pack)</p><p>$84.95 ($1.70 / count)</p><a href="https://www.amazon.com/dp/B00W27J16S?tag=eloabder-20&linkCode=osi&th=1&psc=1">View Product</a></div><div class="product"><a href="https://www.amazon.com/dp/B00MOCYY2W?tag=eloabder-20&linkCode=osi&th=1&psc=1"><img src="https://m.media-amazon.com/images/I/41SH8mDsAnL._SL500_.jpg" alt="Product Image"></a><p>GE WX60X1 Genuine OEM Universal Trash Compactor Bags for GE Trash Compactors</p><p>$19.00</p><a href="https://www.amazon.com/dp/B00MOCYY2W?tag=eloabder-20&linkCode=osi&th=1&psc=1">View Product</a></div><div class="product"><a href="https://www.amazon.com/dp/B0D7SFSTNG?tag=eloabder-20&linkCode=osi&th=1&psc=1"><img src="https://m.media-amazon.com/images/I/41szt9tZJPL._SL500_.jpg" alt="Product Image"></a><p>4PCS Trash Compactor Charcoal Air Filter Fit for Whirlpool/KitchenAid/Maytag/Jenn-Air/Amana/Inglis/Magic Chef Trash Compactor, Replaces 4151750 554358 WP4151750 AP6009134 PS11742279</p><p>$23.59 ($5.90 / Count)</p><a href="https://www.amazon.com/dp/B0D7SFSTNG?tag=eloabder-20&linkCode=osi&th=1&psc=1">View Product</a></div>
<div class="product"><a href="https://www.amazon.com/dp/B0CGLX5ZB9?tag=eloabder-20&linkCode=osi&th=1&psc=1"><img src="https://m.media-amazon.com/images/I/51qeRZQS98L._SL500_.jpg" alt="Product Image"></a><p>Spare Replacement Parts Compatible with MAMNV BR150 BR151, ZCWA BR150 BR151, MANVINS G20 Robot Vacuum and Mop Combo Accessories Include: 3 Hepa Filters 3 Mop Pads 6 Side Spin Brushes</p><p>$9.98</p><a href="https://www.amazon.com/dp/B0CGLX5ZB9?tag=eloabder-20&linkCode=osi&th=1&psc=1">View Product</a></div><div class="product"><a href="https://www.amazon.com/dp/B0B28DGZBG?tag=eloabder-20&linkCode=osi&th=1&psc=1"><img src="https://m.media-amazon.com/images/I/51ooMN4RqML._SL500_.jpg" alt="Product Image"></a><p>Replacement Parts for Shark AI AV2511AE AV2501S AV2610WA AV2501AE RV2502AE RV2610WA RV2520 AV2510 2-In-1 AI Ultra Robot Vacuum Cleaner Accessories Kits. Main Brush, HEPA Filter, Foam Filter,Side Brush</p><p>$19.99 ($1.05 / Count)</p><a href="https://www.amazon.com/dp/B0B28DGZBG?tag=eloabder-20&linkCode=osi&th=1&psc=1">View Product</a></div><div class="product"><a href="https://www.amazon.com/dp/B0782T7L6P?tag=eloabder-20&linkCode=osi&th=1&psc=1"><img src="https://m.media-amazon.com/images/I/41hTVkuzMJL._SL500_.jpg" alt="Product Image"></a><p>10pcs HEPA Filters Replacement for ILIFE V3s V3s pro V5 V5s V5s Pro V5s Pro 2 V5s Plus Noisz S5 Robotic Vacuum Cleaner ILIFE V3s pro Filters ILIFE Robot Vacuum Filter</p><p>$9.80 ($0.98 / Count)</p><a href="https://www.amazon.com/dp/B0782T7L6P?tag=eloabder-20&linkCode=osi&th=1&psc=1">View Product</a></div><div class="product"><a href="https://www.amazon.com/dp/B0CXLVHTTC?tag=eloabder-20&linkCode=osi&th=1&psc=1"><img src="https://m.media-amazon.com/images/I/51BT3phYzKL._SL500_.jpg" alt="Product Image"></a><p>HUIZHEN Spare Accessories for MAMNV BR150/BR151, for ZCWA BR150/BR151, for MANVINS G20,for GTTVO BR150/BR151,for ONSON BR150/BR151 Robot Vacuum Replacement Parts,6 Side Brush,4 HEPA Filters,4 Mop Pads</p><p>$9.99</p><a href="https://www.amazon.com/dp/B0CXLVHTTC?tag=eloabder-20&linkCode=osi&th=1&psc=1">View Product</a></div><div class="product"><a href="https://www.amazon.com/dp/B08RYDDQL8?tag=eloabder-20&linkCode=osi&th=1&psc=1"><img src="https://m.media-amazon.com/images/I/314Xd7+oBXL._SL500_.jpg" alt="Product Image"></a><p>AirClean 4 Pack 3.7" High Replacement Base Pre-Motor Foam Filters Compatible with Shark IQ Robot Vacuum R101AE RV1001AE UR1005AE Self-Empty Base</p><p>$12.99 ($3.25 / Count)</p><a href="https://www.amazon.com/dp/B08RYDDQL8?tag=eloabder-20&linkCode=osi&th=1&psc=1">View Product</a></div><div class="product"><a href="https://www.amazon.com/dp/B0CJLHJ557?tag=eloabder-20&linkCode=osi&th=1&psc=1"><img src="https://m.media-amazon.com/images/I/41iQm8hUjiL._SL500_.jpg" alt="Product Image"></a><p>Replacement Parts Compatible with WYZE Robot Vacuum Cleaner WVCR200S Accessories, 2 Main Brushes, 6 Hepa Filters, 8 Side Brushes Attachment Spare Pack</p><p>$14.99 ($0.94 / Count)</p><a href="https://www.amazon.com/dp/B0CJLHJ557?tag=eloabder-20&linkCode=osi&th=1&psc=1">View Product</a></div>
<div class="product"><a href="https://www.amazon.com/dp/B0C4595Q8P?tag=eloabder-20&linkCode=osi&th=1&psc=1"><img src="https://m.media-amazon.com/images/I/51k23SAtRxL._SL500_.jpg" alt="Product Image"></a><p>4 Pack FSV001 HEPA Filter Compatiable with Fabuletta FSV101, FSV001, Girnoor G160&G165, Afoddon A300, Lubluelu 202, Oraimo Cordless Vacuum Cleaner, Besswin W26 Cordless Stick Vacuum Cleaners</p><p>$15.99 ($4.00 / Count)</p><a href="https://www.amazon.com/dp/B0C4595Q8P?tag=eloabder-20&linkCode=osi&th=1&psc=1">View Product</a></div>
<div class="product"><a href="https://www.amazon.com/dp/B0BNKJX96X?tag=eloabder-20&linkCode=osi&th=1&psc=1"><img src="https://m.media-amazon.com/images/I/41OPeLFppoL._SL500_.jpg" alt="Product Image"></a><p>6 PACK 2033 Replacement Filter Compatible with Bissell Featherweight Stick Lightweight Bagless Vacuum Cleaner 20331, 20333, 20334, 20336, 20339, 2033M,6 Mesh Filter 6 Foam Filters, Replace # 1611508</p><p>$14.99 ($2.50 / Count)</p><a href="https://www.amazon.com/dp/B0BNKJX96X?tag=eloabder-20&linkCode=osi&th=1&psc=1">View Product</a></div><div class="product"><a href="https://www.amazon.com/dp/B0CMBWLTSM?tag=eloabder-20&linkCode=osi&th=1&psc=1"><img src="https://m.media-amazon.com/images/I/41PHqKaLTDL._SL500_.jpg" alt="Product Image"></a><p>18V ONE + Cordless Pet Stick Vacuum Filter for Ryobi, PCL720, PBLSV716, PBLSV717 Stick Vacuum, Reusable Washable Filters, Compare to Part A32SV720N, 6 Pack</p><p>$15.99 ($2.66 / Count)</p><a href="https://www.amazon.com/dp/B0CMBWLTSM?tag=eloabder-20&linkCode=osi&th=1&psc=1">View Product</a></div><div class="product"><a href="https://www.amazon.com/dp/B0CXDYWWT9?tag=eloabder-20&linkCode=osi&th=1&psc=1"><img src="https://m.media-amazon.com/images/I/41F1csTT8jL._SL500_.jpg" alt="Product Image"></a><p>2 Replacement Filters for Craftsman V20 Cordless Stick Vacuum CMCVS001D1, for Black Decker BSVF1 BSV2020 BSV2020G BSV2020P Cordless Stick Vacuum Cleaner with 1 Cleaning Brush</p><p>$14.99</p><a href="https://www.amazon.com/dp/B0CXDYWWT9?tag=eloabder-20&linkCode=osi&th=1&psc=1">View Product</a></div><div class="product"><a href="https://www.amazon.com/dp/B0CCJ5N5DH?tag=eloabder-20&linkCode=osi&th=1&psc=1"><img src="https://m.media-amazon.com/images/I/41xmhDPqk8L._SL500_.jpg" alt="Product Image"></a><p>Aolleteau 1 Pack Brush Roller Compatible with Black + Decker BSV2020, BSV2020P, BSV2020G Powerseries Extreme Cordless Stick Vacuum and Compatible with Craftsman V20 Cordless Stick Vacuum CMCVS001D1</p><p>$17.99</p><a href="https://www.amazon.com/dp/B0CCJ5N5DH?tag=eloabder-20&linkCode=osi&th=1&psc=1">View Product</a></div><div class="product"><a href="https://www.amazon.com/dp/B0CQY61LFD?tag=eloabder-20&linkCode=osi&th=1&psc=1"><img src="https://m.media-amazon.com/images/I/31swBBC444L._SL500_.jpg" alt="Product Image"></a><p>Tablenco for Shark HZ602 Filter Replacement Ultralight Pet Pro Corded Stick Vacuum and HZ2002 Vertex DuoClean PowerFins fit HZ2000 HZ251 HZ250 HH200 HH202,4 Foam Felt 4 Motor Kit (No cleaning brush)</p><p>$9.98</p><a href="https://www.amazon.com/dp/B0CQY61LFD?tag=eloabder-20&linkCode=osi&th=1&psc=1">View Product</a></div><div class="product"><a href="https://www.amazon.com/dp/B09Q55KW8W?tag=eloabder-20&linkCode=osi&th=1&psc=1"><img src="https://m.media-amazon.com/images/I/51MKsJy6nSL._SL500_.jpg" alt="Product Image"></a><p>Anicell 2033 Featherweight Filter for Bissell Featherweight Stick Lightweight Bagless Vacuum 20331 20333 20334 20336 20339 2033M, 4 Mesh Filters 6 Foam Filters Replacement, Replace part# 1611508</p><p>$11.99</p><a href="https://www.amazon.com/dp/B09Q55KW8W?tag=eloabder-20&linkCode=osi&th=1&psc=1">View Product</a></div><div class="product"><a href="https://www.amazon.com/dp/B0CDVG7LHD?tag=eloabder-20&linkCode=osi&th=1&psc=1"><img src="https://m.media-amazon.com/images/I/41hjN1Te6sL._SL500_.jpg" alt="Product Image"></a><p>Moreffi 3 Pack Filter Replacement For HART Cordless Stick Vacuum HPSV01 and HPSV50, Compare to Part Number HASV01</p><p>$19.99 ($6.66 / Count)</p><a href="https://www.amazon.com/dp/B0CDVG7LHD?tag=eloabder-20&linkCode=osi&th=1&psc=1">View Product</a></div>
<div class="product"><a href="https://www.amazon.com/dp/B07DQ9TZC8?tag=eloabder-20&linkCode=osi&th=1&psc=1"><img src="https://m.media-amazon.com/images/I/41PHyZ20FuL._SL500_.jpg" alt="Product Image"></a><p>Kenmore 53294 Style O HEPA Cloth Vacuum Bags for Kenmore Upright Vacuum Cleaners 6 Pack,White</p><p>$20.99 ($3.50 / Count)</p><a href="https://www.amazon.com/dp/B07DQ9TZC8?tag=eloabder-20&linkCode=osi&th=1&psc=1">View Product</a></div><div class="product"><a href="https://www.amazon.com/dp/B08MXVTTT2?tag=eloabder-20&linkCode=osi&th=1&psc=1"><img src="https://m.media-amazon.com/images/I/41T6wRpIMzL._SL500_.jpg" alt="Product Image"></a><p>Kenmore IB600 HEPA Replacement Intuition Upright Vacuum Cleaner Bags for BU4022, BU4020, BU4018, BU4050, BU3040,White</p><p>$18.75</p><a href="https://www.amazon.com/dp/B08MXVTTT2?tag=eloabder-20&linkCode=osi&th=1&psc=1">View Product</a></div><div class="product"><a href="https://www.amazon.com/dp/B01010JVYO?tag=eloabder-20&linkCode=osi&th=1&psc=1"><img src="https://m.media-amazon.com/images/I/51Anluh47GL._SL500_.jpg" alt="Product Image"></a><p>EnviroCare Replacement Micro Filtration Vacuum Cleaner Dust Bags Designed to fit Hoover Windtunnel Upright Type Y 9 pack</p><p>$9.89 ($1.10 / Count)</p><a href="https://www.amazon.com/dp/B01010JVYO?tag=eloabder-20&linkCode=osi&th=1&psc=1">View Product</a></div><div class="product"><a href="https://www.amazon.com/dp/B0D5CP3WBY?tag=eloabder-20&linkCode=osi&th=1&psc=1"><img src="https://m.media-amazon.com/images/I/31MaGmsVOwL._SL500_.jpg" alt="Product Image"></a><p>Bagless Upright Kenmore Vacuum HEPA Filters, Compatible with Foam Filters, Felt Filters and Upright vacuum cleaner for Models K4010,DU2015,DU2012(includes 1 Hepa Filters,2 Foam and 2 Felt Filters)</p><p>$12.99</p><a href="https://www.amazon.com/dp/B0D5CP3WBY?tag=eloabder-20&linkCode=osi&th=1&psc=1">View Product</a></div><div class="product"><a href="https://www.amazon.com/dp/B0CBFV28WX?tag=eloabder-20&linkCode=osi&th=1&psc=1"><img src="https://m.media-amazon.com/images/I/51LIYI0wXSL._SL500_.jpg" alt="Product Image"></a><p>16 Packs Vacuum Bags for Oreck Type CC, Compatible with All Oreck XL Upright Vacuum Cleaner - Replaces Part # CCPK8DW</p><p>$21.99 ($1.37 / Count)</p><a href="https://www.amazon.com/dp/B0CBFV28WX?tag=eloabder-20&linkCode=osi&th=1&psc=1">View Product</a></div><div class="product"><a href="https://www.amazon.com/dp/B00F9GQMHA?tag=eloabder-20&linkCode=osi&th=1&psc=1"><img src="https://m.media-amazon.com/images/I/51lhelurelL._SL500_.jpg" alt="Product Image"></a><p>EnviroCare Replacement Premium Vacuum Cleaner Dust Bags made to fit Eureka F&G Uprights 9 bags</p><p>$11.09</p><a href="https://www.amazon.com/dp/B00F9GQMHA?tag=eloabder-20&linkCode=osi&th=1&psc=1">View Product</a></div><div class="product"><a href="https://www.amazon.com/dp/B002CI8G1I?tag=eloabder-20&linkCode=osi&th=1&psc=1"><img src="https://m.media-amazon.com/images/I/51PYQrQpbSL._SL500_.jpg" alt="Product Image"></a><p>EnviroCare Replacement Micro Filtration Vacuum Cleaner Dust Bags made to fit Kenmore Upright Type U/L/O 50688 and 50690, Panasonic Type U-2, Miele Type Z. 9 pack</p><p>$9.99</p><a href="https://www.amazon.com/dp/B002CI8G1I?tag=eloabder-20&linkCode=osi&th=1&psc=1">View Product</a></div>
<div class="product"><a href="https://www.amazon.com/dp/B07GNQJ67P?tag=eloabder-20&linkCode=osi&th=1&psc=1"><img src="https://m.media-amazon.com/images/I/41XHnKbgjAL._SL500_.jpg" alt="Product Image"></a><p>Kenmore 53292 Type Q HEPA Replacement Dust Bags for Canister Vacuum 81214, 81414, 81714, 21814, BC2005, BC3005, 81615, BC7005, 6 Count (Pack of 1)</p><p>$13.24 ($2.21 / Count)</p><a href="https://www.amazon.com/dp/B07GNQJ67P?tag=eloabder-20&linkCode=osi&th=1&psc=1">View Product</a></div><div class="product"><a href="https://www.amazon.com/dp/B01L0C0FVK?tag=eloabder-20&linkCode=osi&th=1&psc=1"><img src="https://m.media-amazon.com/images/I/51ZIjbo9NVL._SL500_.jpg" alt="Product Image"></a><p>Envirocare Replacement Vacuum Bags Compatible with Kenmore Canister Type C/Q. 5055, 50557 and 50558 Panasonic Type C-5 Vacuums,15 pack</p><p>$16.16</p><a href="https://www.amazon.com/dp/B01L0C0FVK?tag=eloabder-20&linkCode=osi&th=1&psc=1">View Product</a></div><div class="product"><a href="https://www.amazon.com/dp/B0BTRTP2PM?tag=eloabder-20&linkCode=osi&th=1&psc=1"><img src="https://m.media-amazon.com/images/I/41K295aRv9L._SL500_.jpg" alt="Product Image"></a><p>Vacuum Cleaner Bags Fit for Kenmore Canister Type C/Q 50555 50557 50558 and Type C-5, 10PCs</p><p>$15.99</p><a href="https://www.amazon.com/dp/B0BTRTP2PM?tag=eloabder-20&linkCode=osi&th=1&psc=1">View Product</a></div><div class="product"><a href="https://www.amazon.com/dp/B0CRQYGLZX?tag=eloabder-20&linkCode=osi&th=1&psc=1"><img src="https://m.media-amazon.com/images/I/413iXp+j3ML._SL500_.jpg" alt="Product Image"></a><p>15 Pack Canister Vacuum Cleaner Bags Compatible with Kenmore Canister Type C/Q 5055, 50555, 50557, 50558 and Type C-5, C-18, 53292, 200 Series, 400 Series, 600 Series, 700 Series, 800 Series Vacuum</p><p>$11.69</p><a href="https://www.amazon.com/dp/B0CRQYGLZX?tag=eloabder-20&linkCode=osi&th=1&psc=1">View Product</a></div><div class="product"><a href="https://www.amazon.com/dp/B00QGD3SBI?tag=eloabder-20&linkCode=osi&th=1&psc=1"><img src="https://m.media-amazon.com/images/I/51xw0asyqTL._SL500_.jpg" alt="Product Image"></a><p>EnviroCare Replacement Vacuum Bags made to fit Kenmore Canister Type C or Q 50555, 50558, 50557 and Panasonic Type C-5 Vacuums, 9 pack</p><p>$9.79</p><a href="https://www.amazon.com/dp/B00QGD3SBI?tag=eloabder-20&linkCode=osi&th=1&psc=1">View Product</a></div><div class="product"><a href="https://www.amazon.com/dp/B0CQP9NP5N?tag=eloabder-20&linkCode=osi&th=1&psc=1"><img src="https://m.media-amazon.com/images/I/41WnNkTz8zL._SL500_.jpg" alt="Product Image"></a><p>8 Pack Replacement Vacuum Bags Compatible with Kenmore Canister Type C/Q. 5055, 50104, 50557 and 50558 Panasonic Type C-5 Vacuums</p><p>$9.99 ($1.25 / Count)</p><a href="https://www.amazon.com/dp/B0CQP9NP5N?tag=eloabder-20&linkCode=osi&th=1&psc=1">View Product</a></div>
<div class="product"><a href="https://www.amazon.com/dp/B09M3Y2BHR?tag=eloabder-20&linkCode=osi&th=1&psc=1"><img src="https://m.media-amazon.com/images/I/31tevngai1L._SL500_.jpg" alt="Product Image"></a><p>Ymimi Vacuum Filter Compatible with Eureka WhirlWind Bagless Canister Vacuum Cleaner,Fits NEN110A,NEN110B,NEN110Dï¼ˆ2-Packï¼‰</p><p>$11.99 ($6.00 / Count)</p><a href="https://www.amazon.com/dp/B09M3Y2BHR?tag=eloabder-20&linkCode=osi&th=1&psc=1">View Product</a></div><div class="product"><a href="https://www.amazon.com/dp/B07J1WWBHN?tag=eloabder-20&linkCode=osi&th=1&psc=1"><img src="https://m.media-amazon.com/images/I/51gmkDrnR2L._SL500_.jpg" alt="Product Image"></a><p>Bissell Powerforce Helix Bagless Washable Premotor Filter #1608225, Black</p><p>$7.78</p><a href="https://www.amazon.com/dp/B07J1WWBHN?tag=eloabder-20&linkCode=osi&th=1&psc=1">View Product</a></div><div class="product"><a href="https://www.amazon.com/dp/B0BK64TMMK?tag=eloabder-20&linkCode=osi&th=1&psc=1"><img src="https://m.media-amazon.com/images/I/41OBMvET7eL._SL500_.jpg" alt="Product Image"></a><p>Vacuum Belt Replacement for Bissell Cleanview Swivel Pet Upright Bagless/Powerlifter Vacuum Cleaner, fits model: 2252, 2254, 22543, 2258,2259, 2260,2316, 2739, 1793, Parts # 3031120, 32074</p><p>$6.99</p><a href="https://www.amazon.com/dp/B0BK64TMMK?tag=eloabder-20&linkCode=osi&th=1&psc=1">View Product</a></div><div class="product"><a href="https://www.amazon.com/dp/B0BKKL3WRB?tag=eloabder-20&linkCode=osi&th=1&psc=1"><img src="https://m.media-amazon.com/images/I/410jMe-FjIL._SL500_.jpg" alt="Product Image"></a><p>Aolleteau F1 HEPA Filter Compatible with Dirt Devil Bagless Upright Cleaner Models Extra Lite, Breeze, Featherlite Bagless, Jaguar Bagless,Platinum Force Vision, Scorpion and Vision Bagless (2 Pack)</p><p>$13.99 ($7.00 / Count)</p><a href="https://www.amazon.com/dp/B0BKKL3WRB?tag=eloabder-20&linkCode=osi&th=1&psc=1">View Product</a></div><div class="product"><a href="https://www.amazon.com/dp/B09SG1P4WN?tag=eloabder-20&linkCode=osi&th=1&psc=1"><img src="https://m.media-amazon.com/images/I/51+Mr+Wq5ML._SL500_.jpg" alt="Product Image"></a><p>NEN110A Vacuum Filter, Inlet Frame and Sponge Filter Compatible with Eureka Whirlwind Bagless Canister Vacuum Cleaner, Fits NEN110A, NEN110B, NEN110D(4-Pack)</p><p>$15.99 ($4.00 / Count)</p><a href="https://www.amazon.com/dp/B09SG1P4WN?tag=eloabder-20&linkCode=osi&th=1&psc=1">View Product</a></div>
<div class="product"><a href="https://www.amazon.com/dp/B07GT9VB9X?tag=eloabder-20&linkCode=osi&th=1&psc=1"><img src="https://m.media-amazon.com/images/I/41IokheYtNL._SL500_.jpg" alt="Product Image"></a><p>6 Pack 1940 Bissell Steam Mop Pads for Bissell PowerFresh Steam Mop 1806 1544 1440 2075A 2685A 1940W 19404 Series, Model 19402 19408 1940a 1940f 1940q 1940t B0006 B0017, Part #5938#203-2633</p><p>$16.99 ($2.83 / Count)</p><a href="https://www.amazon.com/dp/B07GT9VB9X?tag=eloabder-20&linkCode=osi&th=1&psc=1">View Product</a></div><div class="product"><a href="https://www.amazon.com/dp/B07H3MYZLD?tag=eloabder-20&linkCode=osi&th=1&psc=1"><img src="https://m.media-amazon.com/images/I/511p6MPxQ0L._SL500_.jpg" alt="Product Image"></a><p>Flammi Steam Pocket Mop Replacement Pads for Shark S3500 Series S3501 S3601 S3550 S3901 SE450 S3801CO S3601D S2901 S2902 Steam Pocket Mop, 4 Pack</p><p>$16.97 ($4.24 / Count)</p><a href="https://www.amazon.com/dp/B07H3MYZLD?tag=eloabder-20&linkCode=osi&th=1&psc=1">View Product</a></div><div class="product"><a href="https://www.amazon.com/dp/B0C8SH97HN?tag=eloabder-20&linkCode=osi&th=1&psc=1"><img src="https://m.media-amazon.com/images/I/31Mex4y7odL._SL500_.jpg" alt="Product Image"></a><p>HOMEXCEL Steam Mop Replacement Pads Compatible with Bissell Powerfresh Steam Mop 1940 1806 1440 1544 Series, Model 19402 19404 19408 2685A 2075A 1940A 1940Q 1940T 1940W, Steam Mop Pads Refills,4 Pack</p><p>$9.99 ($2.50 / Count)</p><a href="https://www.amazon.com/dp/B0C8SH97HN?tag=eloabder-20&linkCode=osi&th=1&psc=1">View Product</a></div><div class="product"><a href="https://www.amazon.com/dp/B0BFWTXS33?tag=eloabder-20&linkCode=osi&th=1&psc=1"><img src="https://m.media-amazon.com/images/I/51pa2h7o0EL._SL500_.jpg" alt="Product Image"></a><p>12 Pack 1940 Steam Mop Replacement Pads for Bissell Powerfresh Steam Mop 1940 1440 1806 1544 2075 2685A 2814 Series, Model 19402 19404 19408 19409 1940A 1940F 1940Q 1940T 1940W B0006 B0017 2075A 15441</p><p>$24.99</p><a href="https://www.amazon.com/dp/B0BFWTXS33?tag=eloabder-20&linkCode=osi&th=1&psc=1">View Product</a></div><div class="product"><a href="https://www.amazon.com/dp/B0CLP5QGTY?tag=eloabder-20&linkCode=osi&th=1&psc=1"><img src="https://m.media-amazon.com/images/I/414HqpKde9L._SL500_.jpg" alt="Product Image"></a><p>10 Pack 1940 1806 2685A Steam Mop Pads For Bissell Powerfresh Steam Mop Deluxe Pet Lift-Off Plus Slim Scrubbing Steam Mop Replacement Pad 1940A 2814 1544A 2075A Power Fresh Steamer Pad Refill Washable</p><p>$22.99 ($2.30 / Count)</p><a href="https://www.amazon.com/dp/B0CLP5QGTY?tag=eloabder-20&linkCode=osi&th=1&psc=1">View Product</a></div><div class="product"><a href="https://www.amazon.com/dp/B078BBKBPV?tag=eloabder-20&linkCode=osi&th=1&psc=1"><img src="https://m.media-amazon.com/images/I/51WcJqtOUIL._SL500_.jpg" alt="Product Image"></a><p>Tidy Monster Steam Mop Replacement Pads Compatible with Bissell Powerfresh Steam Mop 1940 1806 1544 1440 2075A 2685A Series, Part # 5938 & 203-2633, 1606668 & 1606669 (4 Pack Scrub Plush)</p><p>$9.99</p><a href="https://www.amazon.com/dp/B078BBKBPV?tag=eloabder-20&linkCode=osi&th=1&psc=1">View Product</a></div><div class="product"><a href="https://www.amazon.com/dp/B00A6G37SU?tag=eloabder-20&linkCode=osi&th=1&psc=1"><img src="https://m.media-amazon.com/images/I/51xo0LB-SpL._SL500_.jpg" alt="Product Image"></a><p>BISSELL PowerFresh Steam Mop Pads (Pack of 2) with Fragrance discs (4 ct), 5938</p><p>$21.26 ($10.63 / Count)</p><a href="https://www.amazon.com/dp/B00A6G37SU?tag=eloabder-20&linkCode=osi&th=1&psc=1">View Product</a></div>
<div class="product"><a href="https://www.amazon.com/dp/B0D2QFVY7H?tag=eloabder-20&linkCode=osi&th=1&psc=1"><img src="https://m.media-amazon.com/images/I/417B7H+vvML._SL500_.jpg" alt="Product Image"></a><p>Kenmore KS1010 Deep Clean & Revitalize Pet Carpet Cleaner Formula, 64 oz, White, 64 Fl Oz</p><p>$22.73 ($0.36 / Fl Oz)</p><a href="https://www.amazon.com/dp/B0D2QFVY7H?tag=eloabder-20&linkCode=osi&th=1&psc=1">View Product</a></div><div class="product"><a href="https://www.amazon.com/dp/B0BNK8ZJJ1?tag=eloabder-20&linkCode=osi&th=1&psc=1"><img src="https://m.media-amazon.com/images/I/51z0Pc4xcNL._SL500_.jpg" alt="Product Image"></a><p>Bissell Spotlifter Pet Carpet and Upholstery Cleaner with Brush Head - 4 Pack, 93523</p><p>$23.88 ($0.50 / Fl Oz)</p><a href="https://www.amazon.com/dp/B0BNK8ZJJ1?tag=eloabder-20&linkCode=osi&th=1&psc=1">View Product</a></div><div class="product"><a href="https://www.amazon.com/dp/B0CX245D26?tag=eloabder-20&linkCode=osi&th=1&psc=1"><img src="https://m.media-amazon.com/images/I/411CSXvvO1L._SL500_.jpg" alt="Product Image"></a><p>BISSELLÂ® Spot & Stain with Febreze + Gain Original Scent Formula for Little Green Devices, Portable Carpet Cleaners (3968)</p><p>$12.99 ($0.41 / Fl Oz)</p><a href="https://www.amazon.com/dp/B0CX245D26?tag=eloabder-20&linkCode=osi&th=1&psc=1">View Product</a></div><div class="product"><a href="https://www.amazon.com/dp/B083VZW4R5?tag=eloabder-20&linkCode=osi&th=1&psc=1"><img src="https://m.media-amazon.com/images/I/413BULPLmBL._SL500_.jpg" alt="Product Image"></a><p>BISSELL Multi-Surface Pet Formula with Febreze Freshness for Crosswave (80 oz), 2295L</p><p>$22.99 ($0.29 / Fl Oz)</p><a href="https://www.amazon.com/dp/B083VZW4R5?tag=eloabder-20&linkCode=osi&th=1&psc=1">View Product</a></div><div class="product"><a href="https://www.amazon.com/dp/B0D2RGW219?tag=eloabder-20&linkCode=osi&th=1&psc=1"><img src="https://m.media-amazon.com/images/I/41gD+82tnAL._SL500_.jpg" alt="Product Image"></a><p>Vacmaster Clean & Restore Carpet Cleaner Formula â€“ CCS03</p><p>$19.99 ($0.31 / Fl Oz)</p><a href="https://www.amazon.com/dp/B0D2RGW219?tag=eloabder-20&linkCode=osi&th=1&psc=1">View Product</a></div>






<div class="product"><a href="https://www.amazon.com/dp/B0BY64HQTP?tag=eloabder-20&linkCode=osi&th=1&psc=1"><img src="https://m.media-amazon.com/images/I/41hUxHuASYL._SL500_.jpg" alt="Product Image"></a><p>Air Conditioning Motor WZDK13-38G-1(RD-310-13-8) DC Brushless Fan Motor, 13W Inverter air Conditioner Motor DC Motor for Central air Conditioner</p><p>$39.95</p><a href="https://www.amazon.com/dp/B0BY64HQTP?tag=eloabder-20&linkCode=osi&th=1&psc=1">View Product</a></div><div class="product"><a href="https://www.amazon.com/dp/B0CM5YB884?tag=eloabder-20&linkCode=osi&th=1&psc=1"><img src="https://m.media-amazon.com/images/I/310lQ2tAvLL._SL500_.jpg" alt="Product Image"></a><p>Sparkfix OEM WZDK20-38G (ZKFP-20-8-6) Air Conditioner Replacement Motors DC280V 20W Air Conditioning Fan Motor Inverter Air Conditioner Brushless DC Motor 1300RPM CCW</p><p>$42.79</p><a href="https://www.amazon.com/dp/B0CM5YB884?tag=eloabder-20&linkCode=osi&th=1&psc=1">View Product</a></div>













<div class="product"><a href="https://www.amazon.com/dp/B009PCI2JU?tag=eloabder-20&linkCode=osi&th=1&psc=1"><img src="https://m.media-amazon.com/images/I/310ZJurANUL._SL500_.jpg" alt="Product Image"></a><p>GE RPWFE Refrigerator Water Filter | Certified to Reduce Lead, Sulfur, and 50+ Other Impurities | Replace Every 6 Months for Best Results | Pack of 1</p><p>$49.98</p><a href="https://www.amazon.com/dp/B009PCI2JU?tag=eloabder-20&linkCode=osi&th=1&psc=1">View Product</a></div><div class="product"><a href="https://www.amazon.com/dp/B0882ZJ48W?tag=eloabder-20&linkCode=osi&th=1&psc=1"><img src="https://m.media-amazon.com/images/I/41110o9sUoL._SL500_.jpg" alt="Product Image"></a><p>GE XWFE Refrigerator Water Filter | Certified to Reduce Lead, Sulfur, and 50+ Other Impurities | Replace Every 6 Months for Best Results | Pack of 1, White</p><p>$49.00</p><a href="https://www.amazon.com/dp/B0882ZJ48W?tag=eloabder-20&linkCode=osi&th=1&psc=1">View Product</a></div><div class="product"><a href="https://www.amazon.com/dp/B074HLRXMP?tag=eloabder-20&linkCode=osi&th=1&psc=1"><img src="https://m.media-amazon.com/images/I/21oDpGCQXiL._SL500_.jpg" alt="Product Image"></a><p>LG LT1000P - 6 Month / 200 Gallon Capacity Replacement Refrigerator Water Filter (NSF42, NSF53, and NSF401) ADQ74793501, ADQ75795105, or AGF80300704 , White</p><p>$47.00</p><a href="https://www.amazon.com/dp/B074HLRXMP?tag=eloabder-20&linkCode=osi&th=1&psc=1">View Product</a></div><div class="product"><a href="https://www.amazon.com/dp/B01BKWSHHE?tag=eloabder-20&linkCode=osi&th=1&psc=1"><img src="https://m.media-amazon.com/images/I/31E2+zlkvjL._SL500_.jpg" alt="Product Image"></a><p>Frigidaire EPTWFU01 Water Filtration Filter, 1 Count, White</p><p>$42.99</p><a href="https://www.amazon.com/dp/B01BKWSHHE?tag=eloabder-20&linkCode=osi&th=1&psc=1">View Product</a></div><div class="product"><a href="https://www.amazon.com/dp/B08V6JB9R7?tag=eloabder-20&linkCode=osi&th=1&psc=1"><img src="https://m.media-amazon.com/images/I/31PRPEffCZL._SL500_.jpg" alt="Product Image"></a><p>Frigidaire FPPWFU01 PurePour PWF-1 Water Filter 1 Count (Pack of 1)</p><p>$45.81</p><a href="https://www.amazon.com/dp/B08V6JB9R7?tag=eloabder-20&linkCode=osi&th=1&psc=1">View Product</a></div><div class="product"><a href="https://www.amazon.com/dp/B000AST3AK?tag=eloabder-20&linkCode=osi&th=1&psc=1"><img src="https://m.media-amazon.com/images/I/41DUoSxpwTS._SL500_.jpg" alt="Product Image"></a><p>GE MWF Refrigerator Water Filter | Certified to Reduce Lead, Sulfur, and 50+ Other Impurities | Replace Every 6 Months for Best Results | Pack of 1</p><p>$39.98</p><a href="https://www.amazon.com/dp/B000AST3AK?tag=eloabder-20&linkCode=osi&th=1&psc=1">View Product</a></div><div class="product"><a href="https://www.amazon.com/dp/B0CFZR7K8D?tag=eloabder-20&linkCode=osi&th=1&psc=1"><img src="https://m.media-amazon.com/images/I/31WM5sdhKLL._SL500_.jpg" alt="Product Image"></a><p>HMASAV W10295370A water filter replacement, Compatible with EDR1RXD1,EDR1RXD1B,W10295370,Filter 1,WHR1RXD1,KAD1RXD1,P4RFWB,P8RFWB2L,46-9930,46-9081 2PACK</p><p>$29.99 ($15.00 / Count)</p><a href="https://www.amazon.com/dp/B0CFZR7K8D?tag=eloabder-20&linkCode=osi&th=1&psc=1">View Product</a></div><div class="product"><a href="https://www.amazon.com/dp/B07JM9TTTT?tag=eloabder-20&linkCode=osi&th=1&psc=1"><img src="https://m.media-amazon.com/images/I/41CfAtJ8TPL._SL500_.jpg" alt="Product Image"></a><p>GLACIER FRESH LT1000PC Replacement Water Filter, Compatible with LT1000PC/PCS, LT1000PC, LT-1000PC, MDJ64844601, ADQ747935 ADQ74793504 Filter and LT120F ADQ73334008 Fresh Air (3+3)</p><p>$39.99 ($13.33 / Count)</p><a href="https://www.amazon.com/dp/B07JM9TTTT?tag=eloabder-20&linkCode=osi&th=1&psc=1">View Product</a></div><div class="product"><a href="https://www.amazon.com/dp/B003N1ZSYG?tag=eloabder-20&linkCode=osi&th=1&psc=1"><img src="https://m.media-amazon.com/images/I/31Mbrkrxu1L._SL500_.jpg" alt="Product Image"></a><p>SAMSUNG Genuine Filter for Refrigerator Water and Ice, Carbon Block Filtration for Clean, Clear Drinking Water, 6-Month Life, HAF-CIN/EXP, 1 Pack</p><p>$39.99</p><a href="https://www.amazon.com/dp/B003N1ZSYG?tag=eloabder-20&linkCode=osi&th=1&psc=1">View Product</a></div>









<div class="product"><a href="https://www.amazon.com/dp/B0B2NZ47HN?tag=eloabder-20&linkCode=osi&th=1&psc=1"><img src="https://m.media-amazon.com/images/I/41nC6c2XxJL._SL500_.jpg" alt="Product Image"></a><p>OTE Portable Sparkling Water Maker Soda Maker Machine for home with 20PCS Cylinders 450ml Personal seltzer Carbonators Electroless Double Layer PET Bottle BPA Free Double Pressure Relief Valves -Pink</p><p>$49.99</p><a href="https://www.amazon.com/dp/B0B2NZ47HN?tag=eloabder-20&linkCode=osi&th=1&psc=1">View Product</a></div><div class="product"><a href="https://www.amazon.com/dp/B09DY54L7M?tag=eloabder-20&linkCode=osi&th=1&psc=1"><img src="https://m.media-amazon.com/images/I/31LSpnm3G8L._SL500_.jpg" alt="Product Image"></a><p>MOSOLAN Bottle Cleaning Brush, 17 Inches Extra Long Handle Water Bottle Brush, Flexible Bendable Cleaner for Washing Narrow Neck Bottles, Wine Decanter, Kombucha, Pipes, Beer Brewing Supplies, 2 Pack</p><p>$11.95 ($5.98 / Count)</p><a href="https://www.amazon.com/dp/B09DY54L7M?tag=eloabder-20&linkCode=osi&th=1&psc=1">View Product</a></div><div class="product"><a href="https://www.amazon.com/dp/B0736CBNDN?tag=eloabder-20&linkCode=osi&th=1&psc=1"><img src="https://m.media-amazon.com/images/I/41tWXmwP5KL._SL500_.jpg" alt="Product Image"></a><p>#2 Filter Pads (10 Pack Bulk) Compatible with Mini Jet Machine | #2 1.8-2.5 micron | 2 Micron Filtering pads. Filter Wine Beer, Kombucha, Mead Mash. Polishing filtration| Not a Buon Vino product.</p><p>$18.99</p><a href="https://www.amazon.com/dp/B0736CBNDN?tag=eloabder-20&linkCode=osi&th=1&psc=1">View Product</a></div>









<div class="product"><a href="https://www.amazon.com/dp/B07YGN577Y?tag=eloabder-20&linkCode=osi&th=1&psc=1"><img src="https://m.media-amazon.com/images/I/31kfZiyDMUL._SL500_.jpg" alt="Product Image"></a><p>9870163 Trash Power Nut WP9870163 L8</p><p>$50.36</p><a href="https://www.amazon.com/dp/B07YGN577Y?tag=eloabder-20&linkCode=osi&th=1&psc=1">View Product</a></div>

<div class="product"><a href="https://www.amazon.com/dp/B0CWQLM4C7?tag=eloabder-20&linkCode=osi&th=1&psc=1"><img src="https://m.media-amazon.com/images/I/41gTEIOjtlL._SL500_.jpg" alt="Product Image"></a><p>7" Seven Seconds Lazy Kitchen Food Making Tools - Multifunctional Fruit Vegetable Chopper Quick Garlic Peeling Machine Convenient Food Chopper for Slicing,Juice,Grinding</p><p>$32.99</p><a href="https://www.amazon.com/dp/B0CWQLM4C7?tag=eloabder-20&linkCode=osi&th=1&psc=1">View Product</a></div>







<div class="product"><a href="https://www.amazon.com/dp/B0CNKFM9WR?tag=eloabder-20&linkCode=osi&th=1&psc=1"><img src="https://m.media-amazon.com/images/I/31sGGIDic9L._SL500_.jpg" alt="Product Image"></a><p>hobbyme Pack of 4 Plastic Coffee Scoops with Brush & Espresso Grinder Brush for Ground Coffee Cleaning Tea Power Coffee Grinder Spoon</p><p>$6.49</p><a href="https://www.amazon.com/dp/B0CNKFM9WR?tag=eloabder-20&linkCode=osi&th=1&psc=1">View Product</a></div>





<div class="product"><a href="https://www.amazon.com/dp/B07798328B?tag=eloabder-20&linkCode=osi&th=1&psc=1"><img src="https://m.media-amazon.com/images/I/31Vpin+sgUS._SL500_.jpg" alt="Product Image"></a><p>Prime-Line MP10513 Standard Plastic Ice Cube Trays (5 Pack)</p><p>$12.69</p><a href="https://www.amazon.com/dp/B07798328B?tag=eloabder-20&linkCode=osi&th=1&psc=1">View Product</a></div><div class="product"><a href="https://www.amazon.com/dp/B077965JDB?tag=eloabder-20&linkCode=osi&th=1&psc=1"><img src="https://m.media-amazon.com/images/I/31H1hNlH6RL._SL500_.jpg" alt="Product Image"></a><p>Prime-Line MP10863 Standard Plastic Ice Cube Trays (2 Pack)</p><p>$9.69</p><a href="https://www.amazon.com/dp/B077965JDB?tag=eloabder-20&linkCode=osi&th=1&psc=1">View Product</a></div>

<div class="product"><a href="https://www.amazon.com/dp/B08MPLY84K?tag=eloabder-20&linkCode=osi&th=1&psc=1"><img src="https://m.media-amazon.com/images/I/31kWTfzQJBL._SL500_.jpg" alt="Product Image"></a><p>Syntus Vacuum Sealer Bags, 6 Pack 3 Rolls 11" x 20' and 3 Rolls 8" x 20' Commercial Grade BPA Free Bag Rolls, Food Vac Bags for Storage, Meal Prep or Sous Vide</p><p>$19.99</p><a href="https://www.amazon.com/dp/B08MPLY84K?tag=eloabder-20&linkCode=osi&th=1&psc=1">View Product</a></div><div class="product"><a href="https://www.amazon.com/dp/B0C5BWRMQL?tag=eloabder-20&linkCode=osi&th=1&psc=1"><img src="https://m.media-amazon.com/images/I/41yPpkb6oeL._SL500_.jpg" alt="Product Image"></a><p>Bonsenkitchen Vacuum Sealer Rolls Bags, 6 Pack 3 Rolls 11" x 20' + 3 Rolls 8" x 20' Commercial Grade BPA Free Bag Rolls, Durable Customized Size Food Vac Bags for Storage and Sous Vide Cooking VB3211</p><p>$19.99 ($3.33 / Count)</p><a href="https://www.amazon.com/dp/B0C5BWRMQL?tag=eloabder-20&linkCode=osi&th=1&psc=1">View Product</a></div><div class="product"><a href="https://www.amazon.com/dp/B0C5C1JTC4?tag=eloabder-20&linkCode=osi&th=1&psc=1"><img src="https://m.media-amazon.com/images/I/31JpyYsm7YL._SL500_.jpg" alt="Product Image"></a><p>Bonsenkitchen Vacuum Food Sealer Bags 200 Quart 8" x 12", BPA Free, Commercial Grade Textured Food Vacuum Sealer Bag, Thick Embossed Bags for Food Storage and Sous Vide Cooking VB3208</p><p>$18.39 ($0.09 / Count)</p><a href="https://www.amazon.com/dp/B0C5C1JTC4?tag=eloabder-20&linkCode=osi&th=1&psc=1">View Product</a></div><div class="product"><a href="https://www.amazon.com/dp/B07TMZDGQ1?tag=eloabder-20&linkCode=osi&th=1&psc=1"><img src="https://m.media-amazon.com/images/I/31cRCu-JIsL._SL500_.jpg" alt="Product Image"></a><p>Wevac Vacuum Sealer Bags 11x50 Rolls 2 pack for Food Saver, Seal a Meal, Weston. Commercial Grade, BPA Free, Heavy Duty, Great for vac storage, Meal Prep or Sous Vide</p><p>$20.99 ($0.21 / Count)</p><a href="https://www.amazon.com/dp/B07TMZDGQ1?tag=eloabder-20&linkCode=osi&th=1&psc=1">View Product</a></div><div class="product"><a href="https://www.amazon.com/dp/B07TV4KRCL?tag=eloabder-20&linkCode=osi&th=1&psc=1"><img src="https://m.media-amazon.com/images/I/31uv3qtc9bL._SL500_.jpg" alt="Product Image"></a><p>Wevac Vacuum Sealer Bags 100 Gallon 11x16 Inch for Food Saver, Seal a Meal, Weston. Commercial Grade, BPA Free, Heavy Duty, Great for vac storage, Meal Prep and Sous Vide</p><p>$21.24</p><a href="https://www.amazon.com/dp/B07TV4KRCL?tag=eloabder-20&linkCode=osi&th=1&psc=1">View Product</a></div>


<div class="product"><a href="https://www.amazon.com/dp/B093G5XCVF?tag=eloabder-20&linkCode=osi&th=1&psc=1"><img src="https://m.media-amazon.com/images/I/313Cq6ASf0S._SL500_.jpg" alt="Product Image"></a><p>2 Multipurpose Pastry Brush Basting & Coffee Grinders Cleaning Brush Wooden Handle Natural Boar Bristles Baking Cooking Sauce egg wash Bakery Supply Espresso Bean Barista</p><p>$7.21</p><a href="https://www.amazon.com/dp/B093G5XCVF?tag=eloabder-20&linkCode=osi&th=1&psc=1">View Product</a></div><div class="product"><a href="https://www.amazon.com/dp/B07JGRYG31?tag=eloabder-20&linkCode=osi&th=1&psc=1"><img src="https://m.media-amazon.com/images/I/31nd-jhgzdL._SL500_.jpg" alt="Product Image"></a><p>Coffee Grinder Cleaning Brush + Coffee Brush Wood Handle & Natural Bristles Pastry Brush</p><p>$5.99</p><a href="https://www.amazon.com/dp/B07JGRYG31?tag=eloabder-20&linkCode=osi&th=1&psc=1">View Product</a></div><div class="product"><a href="https://www.amazon.com/dp/B0C53G4T7X?tag=eloabder-20&linkCode=osi&th=1&psc=1"><img src="https://m.media-amazon.com/images/I/21Hrgmpj8YL._SL500_.jpg" alt="Product Image"></a><p>Leadigol Cleaning Tool Coffee Machine Home Pastry Brush Multifunctional Wooden Handle Baking Soft Bristles Coffee Grinder Brush</p><p>$7.99</p><a href="https://www.amazon.com/dp/B0C53G4T7X?tag=eloabder-20&linkCode=osi&th=1&psc=1">View Product</a></div><div class="product"><a href="https://www.amazon.com/dp/B07W5WM2LF?tag=eloabder-20&linkCode=osi&th=1&psc=1"><img src="https://m.media-amazon.com/images/I/41-7fWE9tSL._SL500_.jpg" alt="Product Image"></a><p>Redecker Waffle Machine Brush with Oiled Beechwood Handle, Stiff Heat-resistant Tampico Fiber Bristles, 6-1/2 inches, Made in Germany</p><p>$21.99</p><a href="https://www.amazon.com/dp/B07W5WM2LF?tag=eloabder-20&linkCode=osi&th=1&psc=1">View Product</a></div>






Aucun rÃ©sultat trouvÃ©.












<div class="product"><a href="https://www.amazon.com/dp/B00UTFZAII?tag=eloabder-20&linkCode=osi&th=1&psc=1"><img src="https://m.media-amazon.com/images/I/31z7hZ6KbXL._SL500_.jpg" alt="Product Image"></a><p>Miele 10123210 AirClean 3D Efficiency Dust Bag, Type GN, 4 Bags & 2 Filters, White</p><p>$21.86 ($21.86 / Count)</p><a href="https://www.amazon.com/dp/B00UTFZAII?tag=eloabder-20&linkCode=osi&th=1&psc=1">View Product</a></div><div class="product"><a href="https://www.amazon.com/dp/B07WHG6J5S?tag=eloabder-20&linkCode=osi&th=1&psc=1"><img src="https://m.media-amazon.com/images/I/41hnaEOxB9L._SL500_.jpg" alt="Product Image"></a><p>KEEPOW Vacuum Filters for Eureka, Power Speed Vacuum Filters Replacement for Eureka NEU182A, NEU182B, NEU280, NEU180, NEU181, NEU188, NEU202 Bagless Upright Vacuum Cleaner, Part E0202 (4 Pack)</p><p>$9.99 ($2.50 / Count)</p><a href="https://www.amazon.com/dp/B07WHG6J5S?tag=eloabder-20&linkCode=osi&th=1&psc=1">View Product</a></div><div class="product"><a href="https://www.amazon.com/dp/B00UTFZB82?tag=eloabder-20&linkCode=osi&th=1&psc=1"><img src="https://m.media-amazon.com/images/I/41WdlL5T0dL._SL500_.jpg" alt="Product Image"></a><p>Miele AirClean 3D Efficiency Dust Bag, Type FJM, 4 Bags & 2 Filters, White</p><p>$18.99</p><a href="https://www.amazon.com/dp/B00UTFZB82?tag=eloabder-20&linkCode=osi&th=1&psc=1">View Product</a></div><div class="product"><a href="https://www.amazon.com/dp/B09NKP346M?tag=eloabder-20&linkCode=osi&th=1&psc=1"><img src="https://m.media-amazon.com/images/I/41o25nqkODL._SL500_.jpg" alt="Product Image"></a><p>Anewise 6 Pack Filter Replacement for Bissell Powerforce Compact Lightweight Upright 2112 1520 for Bissel Turbo Bagless 2690 Cleanview 3437 3508 Vacuum Cleaner, Compare to Parts #1604896/160-4896</p><p>$12.99</p><a href="https://www.amazon.com/dp/B09NKP346M?tag=eloabder-20&linkCode=osi&th=1&psc=1">View Product</a></div><div class="product"><a href="https://www.amazon.com/dp/B01MQ5NITB?tag=eloabder-20&linkCode=osi&th=1&psc=1"><img src="https://m.media-amazon.com/images/I/41J6lG4H1bL._SL500_.jpg" alt="Product Image"></a><p>Bissell Style 7 3 Pack Vacuum Cleaner Bags, White, 3 Count</p><p>$8.69 ($2.90 / Count)</p><a href="https://www.amazon.com/dp/B01MQ5NITB?tag=eloabder-20&linkCode=osi&th=1&psc=1">View Product</a></div><div class="product"><a href="https://www.amazon.com/dp/B0CDH1JY5D?tag=eloabder-20&linkCode=osi&th=1&psc=1"><img src="https://m.media-amazon.com/images/I/516DPXu4siL._SL500_.jpg" alt="Product Image"></a><p>4 Pack Replacement Filters Compatiable with Wyze Cordless Vacuum Cleaner, Removable and Washable HEPA Filter Accessories Part Set with 1 Cleaning Brush for Wyze Handheld Cordless Vacuum Cleaner</p><p>$15.99 ($4.00 / Count)</p><a href="https://www.amazon.com/dp/B0CDH1JY5D?tag=eloabder-20&linkCode=osi&th=1&psc=1">View Product</a></div><div class="product"><a href="https://www.amazon.com/dp/B07P3WB37F?tag=eloabder-20&linkCode=osi&th=1&psc=1"><img src="https://m.media-amazon.com/images/I/51WaYrkiVXL._SL500_.jpg" alt="Product Image"></a><p>Miele AirClean 3D Efficiency Dust Bag, Type GN, XL Value Pack, 8 Bags and 4 Filters</p><p>$36.99</p><a href="https://www.amazon.com/dp/B07P3WB37F?tag=eloabder-20&linkCode=osi&th=1&psc=1">View Product</a></div><div class="product"><a href="https://www.amazon.com/dp/B09DSY4Z2T?tag=eloabder-20&linkCode=osi&th=1&psc=1"><img src="https://m.media-amazon.com/images/I/51+ref3EeAL._SL500_.jpg" alt="Product Image"></a><p>Filter Replacement for Tineco A10 A11 Hero A10/A11 Master PURE ONE S11 Series, S12, X Cordless Vacuum Cleaner (3 PACK) â€¦</p><p>$12.99 ($4.33 / Count)</p><a href="https://www.amazon.com/dp/B09DSY4Z2T?tag=eloabder-20&linkCode=osi&th=1&psc=1">View Product</a></div>


<div class="product"><a href="https://www.amazon.com/dp/B0BXRR5QFV?tag=eloabder-20&linkCode=osi&th=1&psc=1"><img src="https://m.media-amazon.com/images/I/41sjdBkCp8L._SL500_.jpg" alt="Product Image"></a><p>AC Infinity CLOUDFORGE T7, Plant Humidifier 15L with VPD Humidity Controls, 10-Level Precision Vaporizer, Extendable Hose, Targeting Pipe, and No-Leak Seal for Grow Tents</p><p>$159.00</p><a href="https://www.amazon.com/dp/B0BXRR5QFV?tag=eloabder-20&linkCode=osi&th=1&psc=1">View Product</a></div><div class="product"><a href="https://www.amazon.com/dp/B01N6MV8SA?tag=eloabder-20&linkCode=osi&th=1&psc=1"><img src="https://m.media-amazon.com/images/I/41hX08+W1xL._SL500_.jpg" alt="Product Image"></a><p>Protec Humidifier Tank Cleaner, 1 Count - Colors May Vary</p><p>$5.98</p><a href="https://www.amazon.com/dp/B01N6MV8SA?tag=eloabder-20&linkCode=osi&th=1&psc=1">View Product</a></div><div class="product"><a href="https://www.amazon.com/dp/B07GXBTH82?tag=eloabder-20&linkCode=osi&th=1&psc=1"><img src="https://m.media-amazon.com/images/I/41ibxK12JPL._SL500_.jpg" alt="Product Image"></a><p>Essick Air 1970-2 Humidifier, 2-Quart Bacteriostatic Treatment, 2 Pack, Clear, 2</p><p>$22.99</p><a href="https://www.amazon.com/dp/B07GXBTH82?tag=eloabder-20&linkCode=osi&th=1&psc=1">View Product</a></div><div class="product"><a href="https://www.amazon.com/dp/B08TTT3K9B?tag=eloabder-20&linkCode=osi&th=1&psc=1"><img src="https://m.media-amazon.com/images/I/41U6j9SexmL._SL500_.jpg" alt="Product Image"></a><p>Leemone Humidifier Cleaner 12 Pack, Demineralization Cleaning Ball, Works in All humidifiers and Fish Tanks, Purifies Water, Prevents Hard Water Build-Up, Eliminates White Dust and Odor</p><p>$14.44</p><a href="https://www.amazon.com/dp/B08TTT3K9B?tag=eloabder-20&linkCode=osi&th=1&psc=1">View Product</a></div>
<div class="product"><a href="https://www.amazon.com/dp/B07YD4XCT3?tag=eloabder-20&linkCode=osi&th=1&psc=1"><img src="https://m.media-amazon.com/images/I/41hR81iKyJL._SL500_.jpg" alt="Product Image"></a><p>Vacplus Moisture Absorber Packets, Fragrance Free(10 Pack), Humidity Packs, Hanging Closet Dehumidifier Bags, Desiccant 9.8OZ</p><p>$21.99</p><a href="https://www.amazon.com/dp/B07YD4XCT3?tag=eloabder-20&linkCode=osi&th=1&psc=1">View Product</a></div><div class="product"><a href="https://www.amazon.com/dp/B09LQF5V5K?tag=eloabder-20&linkCode=osi&th=1&psc=1"><img src="https://m.media-amazon.com/images/I/51Cx5ECAotL._SL500_.jpg" alt="Product Image"></a><p>CLEVAST Moisture Absorbers Packets 10 Pack, Dehumidifier Bags for Closet, Unscented Hanging Humidity Absorber in Wardrobes, Bedrooms, Bathrooms(230g/pack)</p><p>$16.98</p><a href="https://www.amazon.com/dp/B09LQF5V5K?tag=eloabder-20&linkCode=osi&th=1&psc=1">View Product</a></div><div class="product"><a href="https://www.amazon.com/dp/B0B8L9QRW8?tag=eloabder-20&linkCode=osi&th=1&psc=1"><img src="https://m.media-amazon.com/images/I/518LgtpPi8L._SL500_.jpg" alt="Product Image"></a><p>Arm & Hammer Essentials Disposable Moisture Absorber and Odor Eliminator Tub, Fragrance Free, 1 lb, 3-Pack, Attracts and Traps Excess Moisture, Ideal Closet Dehumidifier, White</p><p>$24.94 ($0.52 / Ounce)</p><a href="https://www.amazon.com/dp/B0B8L9QRW8?tag=eloabder-20&linkCode=osi&th=1&psc=1">View Product</a></div><div class="product"><a href="https://www.amazon.com/dp/B09W9TPJGZ?tag=eloabder-20&linkCode=osi&th=1&psc=1"><img src="https://m.media-amazon.com/images/I/51pVTVMwHbL._SL500_.jpg" alt="Product Image"></a><p>THECOSKY Dehumidifier and Air Purifier Combo,HEPA H13 Filter and Negative Air Ion Function,54oz(1.6L) Water Tank with Drain Hose,24hrs Auto-Off Timer,Idea for Bedroom,Bathroom,Closet,RV</p><p>$109.99</p><a href="https://www.amazon.com/dp/B09W9TPJGZ?tag=eloabder-20&linkCode=osi&th=1&psc=1">View Product</a></div><div class="product"><a href="https://www.amazon.com/dp/B0CXDG65LZ?tag=eloabder-20&linkCode=osi&th=1&psc=1"><img src="https://m.media-amazon.com/images/I/41HNflmbKHL._SL500_.jpg" alt="Product Image"></a><p>14 x 17.5 x1.75 MERV 13 Replacement Dehumidifier Filter Compatible with Santa Fe Advance90, Advance100, Advance120, Honeywell DR90 & DR120 dehumidifier models, 2 Pack</p><p>$42.99</p><a href="https://www.amazon.com/dp/B0CXDG65LZ?tag=eloabder-20&linkCode=osi&th=1&psc=1">View Product</a></div>
<div class="product"><a href="https://www.amazon.com/dp/B088B921NQ?tag=eloabder-20&linkCode=osi&th=1&psc=1"><img src="https://m.media-amazon.com/images/I/612e4cT3RYL._SL500_.jpg" alt="Product Image"></a><p>ULTTY H13 HEPA Replacement Filter with Medical Coating, True HEPA Filter For R021/ R020 Purifying Fan, Medium</p><p>$29.99</p><a href="https://www.amazon.com/dp/B088B921NQ?tag=eloabder-20&linkCode=osi&th=1&psc=1">View Product</a></div><div class="product"><a href="https://www.amazon.com/dp/B0D2MZ4Y7Z?tag=eloabder-20&linkCode=osi&th=1&psc=1"><img src="https://m.media-amazon.com/images/I/51KgTHizWyL._SL500_.jpg" alt="Product Image"></a><p>Butto 5-Pack Ceiling Fan Filters for Blades - Strong Adhesive Ceiling Fan Filters for Common Household Contaminants - Unscented Coconut Carbon Fan Air Purifier Pads to Make Air Fresh and Natural</p><p>$9.98</p><a href="https://www.amazon.com/dp/B0D2MZ4Y7Z?tag=eloabder-20&linkCode=osi&th=1&psc=1">View Product</a></div><div class="product"><a href="https://www.amazon.com/dp/B0C42HCM21?tag=eloabder-20&linkCode=osi&th=1&psc=1"><img src="https://m.media-amazon.com/images/I/31jk3lpoygL._SL500_.jpg" alt="Product Image"></a><p>Barnakl Ceiling Fan Filters | Activated Coconut Shell Carbon Filter | Easy-Stick Universal Ceiling Fan Air Filters | Unscented Ceiling Fan Blade Filters for Common Household Contaminants, (3-Count)</p><p>$19.99 ($6.66 / Count)</p><a href="https://www.amazon.com/dp/B0C42HCM21?tag=eloabder-20&linkCode=osi&th=1&psc=1">View Product</a></div>
<div class="product"><a href="https://www.amazon.com/dp/B08LZWP29P?tag=eloabder-20&linkCode=osi&th=1&psc=1"><img src="https://m.media-amazon.com/images/I/41NLuzzFW9L._SL500_.jpg" alt="Product Image"></a><p>Chromex Tankless Water Heater Descaling Solution | Highly Effective Descaler Restores Heating Efficiency, Quart, 32 fl oz (1)</p><p>$26.99</p><a href="https://www.amazon.com/dp/B08LZWP29P?tag=eloabder-20&linkCode=osi&th=1&psc=1">View Product</a></div>

<div class="product"><a href="https://www.amazon.com/dp/B005UO4OWQ?tag=eloabder-20&linkCode=osi&th=1&psc=1"><img src="https://m.media-amazon.com/images/I/41oQPKFofoL._SL500_.jpg" alt="Product Image"></a><p>Bissell 203-7458 Brushroll, Bg10/86T3, Black</p><p>$21.26 ($21.26 / Count)</p><a href="https://www.amazon.com/dp/B005UO4OWQ?tag=eloabder-20&linkCode=osi&th=1&psc=1">View Product</a></div>





















<div class="product"><a href="https://www.amazon.com/dp/B0014J7FUY?tag=eloabder-20&linkCode=osi&th=1&psc=1"><img src="https://m.media-amazon.com/images/I/31QrM+IPxOL._SL500_.jpg" alt="Product Image"></a><p>Urnex Grindz Professional Coffee Grinder Cleaning Tablets - 430 Grams - All Natural Food Safe Gluten Free - Cleans Burr and Casing - Help Extend Life of Your Grinder</p><p>$25.99 ($1.71 / Ounce)</p><a href="https://www.amazon.com/dp/B0014J7FUY?tag=eloabder-20&linkCode=osi&th=1&psc=1">View Product</a></div>



<div class="product"><a href="https://www.amazon.com/dp/B0CHW317SG?tag=eloabder-20&linkCode=osi&th=1&psc=1"><img src="https://m.media-amazon.com/images/I/41Qd5Iu3qBL._SL500_.jpg" alt="Product Image"></a><p>EUHOMY 55 Can Beverage Refrigerator cooler-Mini Fridge Glass Door for Beer Drinks Wines, Freestanding Beverage Fridge with Adjustable Shelves Blue LED for Home/Office/Dorm/Bar (1.3cu.ft)</p><p>$128.99</p><a href="https://www.amazon.com/dp/B0CHW317SG?tag=eloabder-20&linkCode=osi&th=1&psc=1">View Product</a></div>

<div class="product"><a href="https://www.amazon.com/dp/B099CN2MRK?tag=eloabder-20&linkCode=osi&th=1&psc=1"><img src="https://m.media-amazon.com/images/I/31CvUCIUX5L._SL500_.jpg" alt="Product Image"></a><p>Genuine PuroAir 240 Replacement Filter - Replacement HEPA Filter for PuroAir 240 Purifier - Captures up to 99% of Pollen, Smoke, Pollen, Dust and Common Household Pollutants</p><p>$48.00</p><a href="https://www.amazon.com/dp/B099CN2MRK?tag=eloabder-20&linkCode=osi&th=1&psc=1">View Product</a></div><div class="product"><a href="https://www.amazon.com/dp/B0055521W0?tag=eloabder-20&linkCode=osi&th=1&psc=1"><img src="https://m.media-amazon.com/images/I/41Hs7ixdyXL._SL500_.jpg" alt="Product Image"></a><p>GermGuardian Filter B HEPA Pure Genuine Air Purifier Replacement Filter, Removes 99.97% of Pollutants for AC4825, AC4300, AC4900, AC4825DLX, AC4850, CDAP4500, AP2200, Black/Yellow, FLT4825</p><p>$17.90 ($17.90 / Count)</p><a href="https://www.amazon.com/dp/B0055521W0?tag=eloabder-20&linkCode=osi&th=1&psc=1">View Product</a></div><div class="product"><a href="https://www.amazon.com/dp/B0BNMYKZPV?tag=eloabder-20&linkCode=osi&th=1&psc=1"><img src="https://m.media-amazon.com/images/I/41-K3mB6KkL._SL500_.jpg" alt="Product Image"></a><p>2 Pack True HEPA KILO Filter Compatible with Afloia KILO, KILOPLUS, KILOPRO, MIRO,MIRO PRO and MORENTO MR-Kilo, Kalo Air Purifier, 360Â° 3-Stage Filtration</p><p>$34.99 ($17.50 / Count)</p><a href="https://www.amazon.com/dp/B0BNMYKZPV?tag=eloabder-20&linkCode=osi&th=1&psc=1">View Product</a></div><div class="product"><a href="https://www.amazon.com/dp/B0D3M4Y9W7?tag=eloabder-20&linkCode=osi&th=1&psc=1"><img src="https://m.media-amazon.com/images/I/41tzW+mkZuL._SL500_.jpg" alt="Product Image"></a><p>Breshair 14 True HEPA Filter Replacement Compatible with PuroAir 240 Air Purifier, 3-in-1 Filtration System with Activated Carbon Filter, 2-Pack</p><p>$31.56 ($15.78 / Count)</p><a href="https://www.amazon.com/dp/B0D3M4Y9W7?tag=eloabder-20&linkCode=osi&th=1&psc=1">View Product</a></div><div class="product"><a href="https://www.amazon.com/dp/B0CB18MVX6?tag=eloabder-20&linkCode=osi&th=1&psc=1"><img src="https://m.media-amazon.com/images/I/519ZmmLOrzL._SL500_.jpg" alt="Product Image"></a><p>2 Pack 3-in-1 H13 True HEPA Replacement Filter Compatible with Pure Enrichment PureZone Air Purifier Part# PEAIRPLG</p><p>$23.99 ($12.00 / Count)</p><a href="https://www.amazon.com/dp/B0CB18MVX6?tag=eloabder-20&linkCode=osi&th=1&psc=1">View Product</a></div><div class="product"><a href="https://www.amazon.com/dp/B08JTZMRML?tag=eloabder-20&linkCode=osi&th=1&psc=1"><img src="https://m.media-amazon.com/images/I/51yx60sCjHL._SL500_.jpg" alt="Product Image"></a><p>6 Pack HPA300 HEPA Filter Replacement for Honeywell HPA300 Series Air Purifiers HPA300, HPA300VP, HPA304, HPA3300, Replace HRF-R3 (6 Ture HEPA R Replacement Filter + 8 Activated Carbon Pre-Filter)</p><p>$47.99 ($3.43 / Count)</p><a href="https://www.amazon.com/dp/B08JTZMRML?tag=eloabder-20&linkCode=osi&th=1&psc=1">View Product</a></div><div class="product"><a href="https://www.amazon.com/dp/B0CF1GLSYS?tag=eloabder-20&linkCode=osi&th=1&psc=1"><img src="https://m.media-amazon.com/images/I/41709EXRzXL._SL500_.jpg" alt="Product Image"></a><p>CHIVALZ 4 Pack HY4866 True HEPA Replacement Filters Compatible with MORENTO HY4866 Air Purifier, WESTHEY HY4866 Air Purifier and YIOU M1 Air Cleaner Purifier, Original Version</p><p>$39.99 ($10.00 / Count)</p><a href="https://www.amazon.com/dp/B0CF1GLSYS?tag=eloabder-20&linkCode=osi&th=1&psc=1">View Product</a></div>







<div class="product"><a href="https://www.amazon.com/dp/B0CYKMFKR9?tag=eloabder-20&linkCode=osi&th=1&psc=1"><img src="https://m.media-amazon.com/images/I/316zU-ozoxL._SL500_.jpg" alt="Product Image"></a><p>Air Purifier Replacement Filter for Space Heater Bladeless Fan</p><p>$29.99</p><a href="https://www.amazon.com/dp/B0CYKMFKR9?tag=eloabder-20&linkCode=osi&th=1&psc=1">View Product</a></div>
<div class="product"><a href="https://www.amazon.com/dp/B07MRH6VY7?tag=eloabder-20&linkCode=osi&th=1&psc=1"><img src="https://m.media-amazon.com/images/I/51g-nuN4A5L._SL500_.jpg" alt="Product Image"></a><p>Colorfullife Replacement Air Purifier Filter for Dyson Tower Purifier Pure Cool Link TP01, TP02, TP03, BP01, Compare to Part 968126-03ï¼Œ2 Pack</p><p>$26.99</p><a href="https://www.amazon.com/dp/B07MRH6VY7?tag=eloabder-20&linkCode=osi&th=1&psc=1">View Product</a></div><div class="product"><a href="https://www.amazon.com/dp/B07TX5SW7J?tag=eloabder-20&linkCode=osi&th=1&psc=1"><img src="https://m.media-amazon.com/images/I/512Kn+cPglL._SL500_.jpg" alt="Product Image"></a><p>TP01 HEPA Filter Replacement Compatible with Dyson Tower Purifier Pure Cool Link TP01, TP02, TP03, AM11, BP01 Models, Compare to Part # 968126-03 (Pack of 2)</p><p>$27.95 ($13.98 / Count)</p><a href="https://www.amazon.com/dp/B07TX5SW7J?tag=eloabder-20&linkCode=osi&th=1&psc=1">View Product</a></div><div class="product"><a href="https://www.amazon.com/dp/B0CC24GZGB?tag=eloabder-20&linkCode=osi&th=1&psc=1"><img src="https://m.media-amazon.com/images/I/41woNpZ9VgL._SL500_.jpg" alt="Product Image"></a><p>TP01 TP02 Filter Compatible with Dyson Pure Cool Link Purifying Tower Fan TP00 TP03 AM11 and Cool Me BP01 Personal Series, 360Â° Air Purifier Filter Replacement 968126-03, 1-Pack</p><p>$25.99</p><a href="https://www.amazon.com/dp/B0CC24GZGB?tag=eloabder-20&linkCode=osi&th=1&psc=1">View Product</a></div><div class="product"><a href="https://www.amazon.com/dp/B0CX23N2JJ?tag=eloabder-20&linkCode=osi&th=1&psc=1"><img src="https://m.media-amazon.com/images/I/3145hmd5j7L._SL500_.jpg" alt="Product Image"></a><p>Dreo Air Purifiers Replacement Filter, HEPA Filter for Dreo Purifier Tower Fan MC710S, with 2 Stage Filtration, Black, Standard(DR-HPA019)</p><p>$39.99</p><a href="https://www.amazon.com/dp/B0CX23N2JJ?tag=eloabder-20&linkCode=osi&th=1&psc=1">View Product</a></div>










<div class="product"><a href="https://www.amazon.com/dp/B001U0OJ7O?tag=eloabder-20&linkCode=osi&th=1&psc=1"><img src="https://m.media-amazon.com/images/I/41XEg3QV-wL._SL500_.jpg" alt="Product Image"></a><p>Whirlpool W10165294RB 15-Inch Plastic Trash Compactor ct, 60 Bags, Count</p><p>$48.34</p><a href="https://www.amazon.com/dp/B001U0OJ7O?tag=eloabder-20&linkCode=osi&th=1&psc=1">View Product</a></div><div class="product"><a href="https://www.amazon.com/dp/B0CC3V4ZZ4?tag=eloabder-20&linkCode=osi&th=1&psc=1"><img src="https://m.media-amazon.com/images/I/31bbvodHnjL._SL500_.jpg" alt="Product Image"></a><p>Waste Smasher- Hand-Held Manual Trash Compactor Dishwasher Safe Black</p><p>$24.95</p><a href="https://www.amazon.com/dp/B0CC3V4ZZ4?tag=eloabder-20&linkCode=osi&th=1&psc=1">View Product</a></div><div class="product"><a href="https://www.amazon.com/dp/B00IYO5914?tag=eloabder-20&linkCode=osi&th=1&psc=1"><img src="https://m.media-amazon.com/images/I/51SLpTXIYNL._SL500_.jpg" alt="Product Image"></a><p>Kitchen Master Super Strong Compactor Bags Pre Cuffed (12 Pack)</p><p>$34.95</p><a href="https://www.amazon.com/dp/B00IYO5914?tag=eloabder-20&linkCode=osi&th=1&psc=1">View Product</a></div><div class="product"><a href="https://www.amazon.com/dp/B075DJ4ZVQ?tag=eloabder-20&linkCode=osi&th=1&psc=1"><img src="https://m.media-amazon.com/images/I/51Vaek4I89L._SL500_.jpg" alt="Product Image"></a><p>Dano Pre-Cuffed Compactor Bags</p><p>$32.95 ($2.75 / Count)</p><a href="https://www.amazon.com/dp/B075DJ4ZVQ?tag=eloabder-20&linkCode=osi&th=1&psc=1">View Product</a></div><div class="product"><a href="https://www.amazon.com/dp/B0C2DCVCBJ?tag=eloabder-20&linkCode=osi&th=1&psc=1"><img src="https://m.media-amazon.com/images/I/51072CtaKuL._SL500_.jpg" alt="Product Image"></a><p>60-pack W10165294RB Trash Compactor Bags - leak-proof trash compactor bags for kitchen 60-ct 15 inches - Fits 15-inch Rectangular Drawer Compactors</p><p>$45.99 ($0.77 / Count)</p><a href="https://www.amazon.com/dp/B0C2DCVCBJ?tag=eloabder-20&linkCode=osi&th=1&psc=1">View Product</a></div><div class="product"><a href="https://www.amazon.com/dp/B001U0OJ7E?tag=eloabder-20&linkCode=osi&th=1&psc=1"><img src="https://m.media-amazon.com/images/I/41c0z26RyvL._SL500_.jpg" alt="Product Image"></a><p>Whirlpool W10165293RB Genuine OEM 60 Pack-Plastic Compactor Bags-18" Models â€“ 1394369, 4178058, 4318932, 4318933, 4318935, 4318937, 4318939, AH1964576, EA1964576, PS1964576</p><p>$48.64 ($0.81 / Count)</p><a href="https://www.amazon.com/dp/B001U0OJ7E?tag=eloabder-20&linkCode=osi&th=1&psc=1">View Product</a></div><div class="product"><a href="https://www.amazon.com/dp/B00W27J16S?tag=eloabder-20&linkCode=osi&th=1&psc=1"><img src="https://m.media-amazon.com/images/I/41RaOjAGlrL._SL500_.jpg" alt="Product Image"></a><p>Compactor Bags Pre Cuffed (50 Pack)</p><p>$84.95 ($1.70 / count)</p><a href="https://www.amazon.com/dp/B00W27J16S?tag=eloabder-20&linkCode=osi&th=1&psc=1">View Product</a></div><div class="product"><a href="https://www.amazon.com/dp/B00MOCYY2W?tag=eloabder-20&linkCode=osi&th=1&psc=1"><img src="https://m.media-amazon.com/images/I/41SH8mDsAnL._SL500_.jpg" alt="Product Image"></a><p>GE WX60X1 Genuine OEM Universal Trash Compactor Bags for GE Trash Compactors</p><p>$19.00</p><a href="https://www.amazon.com/dp/B00MOCYY2W?tag=eloabder-20&linkCode=osi&th=1&psc=1">View Product</a></div><div class="product"><a href="https://www.amazon.com/dp/B0D7SFSTNG?tag=eloabder-20&linkCode=osi&th=1&psc=1"><img src="https://m.media-amazon.com/images/I/41szt9tZJPL._SL500_.jpg" alt="Product Image"></a><p>4PCS Trash Compactor Charcoal Air Filter Fit for Whirlpool/KitchenAid/Maytag/Jenn-Air/Amana/Inglis/Magic Chef Trash Compactor, Replaces 4151750 554358 WP4151750 AP6009134 PS11742279</p><p>$23.59 ($5.90 / Count)</p><a href="https://www.amazon.com/dp/B0D7SFSTNG?tag=eloabder-20&linkCode=osi&th=1&psc=1">View Product</a></div>
<div class="product"><a href="https://www.amazon.com/dp/B0CGLX5ZB9?tag=eloabder-20&linkCode=osi&th=1&psc=1"><img src="https://m.media-amazon.com/images/I/51qeRZQS98L._SL500_.jpg" alt="Product Image"></a><p>Spare Replacement Parts Compatible with MAMNV BR150 BR151, ZCWA BR150 BR151, MANVINS G20 Robot Vacuum and Mop Combo Accessories Include: 3 Hepa Filters 3 Mop Pads 6 Side Spin Brushes</p><p>$9.98</p><a href="https://www.amazon.com/dp/B0CGLX5ZB9?tag=eloabder-20&linkCode=osi&th=1&psc=1">View Product</a></div><div class="product"><a href="https://www.amazon.com/dp/B0B28DGZBG?tag=eloabder-20&linkCode=osi&th=1&psc=1"><img src="https://m.media-amazon.com/images/I/51ooMN4RqML._SL500_.jpg" alt="Product Image"></a><p>Replacement Parts for Shark AI AV2511AE AV2501S AV2610WA AV2501AE RV2502AE RV2610WA RV2520 AV2510 2-In-1 AI Ultra Robot Vacuum Cleaner Accessories Kits. Main Brush, HEPA Filter, Foam Filter,Side Brush</p><p>$19.99 ($1.05 / Count)</p><a href="https://www.amazon.com/dp/B0B28DGZBG?tag=eloabder-20&linkCode=osi&th=1&psc=1">View Product</a></div><div class="product"><a href="https://www.amazon.com/dp/B0782T7L6P?tag=eloabder-20&linkCode=osi&th=1&psc=1"><img src="https://m.media-amazon.com/images/I/41hTVkuzMJL._SL500_.jpg" alt="Product Image"></a><p>10pcs HEPA Filters Replacement for ILIFE V3s V3s pro V5 V5s V5s Pro V5s Pro 2 V5s Plus Noisz S5 Robotic Vacuum Cleaner ILIFE V3s pro Filters ILIFE Robot Vacuum Filter</p><p>$9.80 ($0.98 / Count)</p><a href="https://www.amazon.com/dp/B0782T7L6P?tag=eloabder-20&linkCode=osi&th=1&psc=1">View Product</a></div><div class="product"><a href="https://www.amazon.com/dp/B0CXLVHTTC?tag=eloabder-20&linkCode=osi&th=1&psc=1"><img src="https://m.media-amazon.com/images/I/51BT3phYzKL._SL500_.jpg" alt="Product Image"></a><p>HUIZHEN Spare Accessories for MAMNV BR150/BR151, for ZCWA BR150/BR151, for MANVINS G20,for GTTVO BR150/BR151,for ONSON BR150/BR151 Robot Vacuum Replacement Parts,6 Side Brush,4 HEPA Filters,4 Mop Pads</p><p>$9.99</p><a href="https://www.amazon.com/dp/B0CXLVHTTC?tag=eloabder-20&linkCode=osi&th=1&psc=1">View Product</a></div><div class="product"><a href="https://www.amazon.com/dp/B08RYDDQL8?tag=eloabder-20&linkCode=osi&th=1&psc=1"><img src="https://m.media-amazon.com/images/I/314Xd7+oBXL._SL500_.jpg" alt="Product Image"></a><p>AirClean 4 Pack 3.7" High Replacement Base Pre-Motor Foam Filters Compatible with Shark IQ Robot Vacuum R101AE RV1001AE UR1005AE Self-Empty Base</p><p>$12.99 ($3.25 / Count)</p><a href="https://www.amazon.com/dp/B08RYDDQL8?tag=eloabder-20&linkCode=osi&th=1&psc=1">View Product</a></div><div class="product"><a href="https://www.amazon.com/dp/B0CJLHJ557?tag=eloabder-20&linkCode=osi&th=1&psc=1"><img src="https://m.media-amazon.com/images/I/41iQm8hUjiL._SL500_.jpg" alt="Product Image"></a><p>Replacement Parts Compatible with WYZE Robot Vacuum Cleaner WVCR200S Accessories, 2 Main Brushes, 6 Hepa Filters, 8 Side Brushes Attachment Spare Pack</p><p>$14.99 ($0.94 / Count)</p><a href="https://www.amazon.com/dp/B0CJLHJ557?tag=eloabder-20&linkCode=osi&th=1&psc=1">View Product</a></div>
<div class="product"><a href="https://www.amazon.com/dp/B0C4595Q8P?tag=eloabder-20&linkCode=osi&th=1&psc=1"><img src="https://m.media-amazon.com/images/I/51k23SAtRxL._SL500_.jpg" alt="Product Image"></a><p>4 Pack FSV001 HEPA Filter Compatiable with Fabuletta FSV101, FSV001, Girnoor G160&G165, Afoddon A300, Lubluelu 202, Oraimo Cordless Vacuum Cleaner, Besswin W26 Cordless Stick Vacuum Cleaners</p><p>$15.99 ($4.00 / Count)</p><a href="https://www.amazon.com/dp/B0C4595Q8P?tag=eloabder-20&linkCode=osi&th=1&psc=1">View Product</a></div>
<div class="product"><a href="https://www.amazon.com/dp/B0BNKJX96X?tag=eloabder-20&linkCode=osi&th=1&psc=1"><img src="https://m.media-amazon.com/images/I/41OPeLFppoL._SL500_.jpg" alt="Product Image"></a><p>6 PACK 2033 Replacement Filter Compatible with Bissell Featherweight Stick Lightweight Bagless Vacuum Cleaner 20331, 20333, 20334, 20336, 20339, 2033M,6 Mesh Filter 6 Foam Filters, Replace # 1611508</p><p>$14.99 ($2.50 / Count)</p><a href="https://www.amazon.com/dp/B0BNKJX96X?tag=eloabder-20&linkCode=osi&th=1&psc=1">View Product</a></div><div class="product"><a href="https://www.amazon.com/dp/B0CMBWLTSM?tag=eloabder-20&linkCode=osi&th=1&psc=1"><img src="https://m.media-amazon.com/images/I/41PHqKaLTDL._SL500_.jpg" alt="Product Image"></a><p>18V ONE + Cordless Pet Stick Vacuum Filter for Ryobi, PCL720, PBLSV716, PBLSV717 Stick Vacuum, Reusable Washable Filters, Compare to Part A32SV720N, 6 Pack</p><p>$15.99 ($2.66 / Count)</p><a href="https://www.amazon.com/dp/B0CMBWLTSM?tag=eloabder-20&linkCode=osi&th=1&psc=1">View Product</a></div><div class="product"><a href="https://www.amazon.com/dp/B0CXDYWWT9?tag=eloabder-20&linkCode=osi&th=1&psc=1"><img src="https://m.media-amazon.com/images/I/41F1csTT8jL._SL500_.jpg" alt="Product Image"></a><p>2 Replacement Filters for Craftsman V20 Cordless Stick Vacuum CMCVS001D1, for Black Decker BSVF1 BSV2020 BSV2020G BSV2020P Cordless Stick Vacuum Cleaner with 1 Cleaning Brush</p><p>$14.99</p><a href="https://www.amazon.com/dp/B0CXDYWWT9?tag=eloabder-20&linkCode=osi&th=1&psc=1">View Product</a></div><div class="product"><a href="https://www.amazon.com/dp/B0CCJ5N5DH?tag=eloabder-20&linkCode=osi&th=1&psc=1"><img src="https://m.media-amazon.com/images/I/41xmhDPqk8L._SL500_.jpg" alt="Product Image"></a><p>Aolleteau 1 Pack Brush Roller Compatible with Black + Decker BSV2020, BSV2020P, BSV2020G Powerseries Extreme Cordless Stick Vacuum and Compatible with Craftsman V20 Cordless Stick Vacuum CMCVS001D1</p><p>$17.99</p><a href="https://www.amazon.com/dp/B0CCJ5N5DH?tag=eloabder-20&linkCode=osi&th=1&psc=1">View Product</a></div><div class="product"><a href="https://www.amazon.com/dp/B0CQY61LFD?tag=eloabder-20&linkCode=osi&th=1&psc=1"><img src="https://m.media-amazon.com/images/I/31swBBC444L._SL500_.jpg" alt="Product Image"></a><p>Tablenco for Shark HZ602 Filter Replacement Ultralight Pet Pro Corded Stick Vacuum and HZ2002 Vertex DuoClean PowerFins fit HZ2000 HZ251 HZ250 HH200 HH202,4 Foam Felt 4 Motor Kit (No cleaning brush)</p><p>$9.98</p><a href="https://www.amazon.com/dp/B0CQY61LFD?tag=eloabder-20&linkCode=osi&th=1&psc=1">View Product</a></div><div class="product"><a href="https://www.amazon.com/dp/B09Q55KW8W?tag=eloabder-20&linkCode=osi&th=1&psc=1"><img src="https://m.media-amazon.com/images/I/51MKsJy6nSL._SL500_.jpg" alt="Product Image"></a><p>Anicell 2033 Featherweight Filter for Bissell Featherweight Stick Lightweight Bagless Vacuum 20331 20333 20334 20336 20339 2033M, 4 Mesh Filters 6 Foam Filters Replacement, Replace part# 1611508</p><p>$11.99</p><a href="https://www.amazon.com/dp/B09Q55KW8W?tag=eloabder-20&linkCode=osi&th=1&psc=1">View Product</a></div><div class="product"><a href="https://www.amazon.com/dp/B0CDVG7LHD?tag=eloabder-20&linkCode=osi&th=1&psc=1"><img src="https://m.media-amazon.com/images/I/41hjN1Te6sL._SL500_.jpg" alt="Product Image"></a><p>Moreffi 3 Pack Filter Replacement For HART Cordless Stick Vacuum HPSV01 and HPSV50, Compare to Part Number HASV01</p><p>$19.99 ($6.66 / Count)</p><a href="https://www.amazon.com/dp/B0CDVG7LHD?tag=eloabder-20&linkCode=osi&th=1&psc=1">View Product</a></div>
<div class="product"><a href="https://www.amazon.com/dp/B07DQ9TZC8?tag=eloabder-20&linkCode=osi&th=1&psc=1"><img src="https://m.media-amazon.com/images/I/41PHyZ20FuL._SL500_.jpg" alt="Product Image"></a><p>Kenmore 53294 Style O HEPA Cloth Vacuum Bags for Kenmore Upright Vacuum Cleaners 6 Pack,White</p><p>$20.99 ($3.50 / Count)</p><a href="https://www.amazon.com/dp/B07DQ9TZC8?tag=eloabder-20&linkCode=osi&th=1&psc=1">View Product</a></div><div class="product"><a href="https://www.amazon.com/dp/B08MXVTTT2?tag=eloabder-20&linkCode=osi&th=1&psc=1"><img src="https://m.media-amazon.com/images/I/41T6wRpIMzL._SL500_.jpg" alt="Product Image"></a><p>Kenmore IB600 HEPA Replacement Intuition Upright Vacuum Cleaner Bags for BU4022, BU4020, BU4018, BU4050, BU3040,White</p><p>$18.75</p><a href="https://www.amazon.com/dp/B08MXVTTT2?tag=eloabder-20&linkCode=osi&th=1&psc=1">View Product</a></div><div class="product"><a href="https://www.amazon.com/dp/B01010JVYO?tag=eloabder-20&linkCode=osi&th=1&psc=1"><img src="https://m.media-amazon.com/images/I/51Anluh47GL._SL500_.jpg" alt="Product Image"></a><p>EnviroCare Replacement Micro Filtration Vacuum Cleaner Dust Bags Designed to fit Hoover Windtunnel Upright Type Y 9 pack</p><p>$9.89 ($1.10 / Count)</p><a href="https://www.amazon.com/dp/B01010JVYO?tag=eloabder-20&linkCode=osi&th=1&psc=1">View Product</a></div><div class="product"><a href="https://www.amazon.com/dp/B0D5CP3WBY?tag=eloabder-20&linkCode=osi&th=1&psc=1"><img src="https://m.media-amazon.com/images/I/31MaGmsVOwL._SL500_.jpg" alt="Product Image"></a><p>Bagless Upright Kenmore Vacuum HEPA Filters, Compatible with Foam Filters, Felt Filters and Upright vacuum cleaner for Models K4010,DU2015,DU2012(includes 1 Hepa Filters,2 Foam and 2 Felt Filters)</p><p>$12.99</p><a href="https://www.amazon.com/dp/B0D5CP3WBY?tag=eloabder-20&linkCode=osi&th=1&psc=1">View Product</a></div><div class="product"><a href="https://www.amazon.com/dp/B0CBFV28WX?tag=eloabder-20&linkCode=osi&th=1&psc=1"><img src="https://m.media-amazon.com/images/I/51LIYI0wXSL._SL500_.jpg" alt="Product Image"></a><p>16 Packs Vacuum Bags for Oreck Type CC, Compatible with All Oreck XL Upright Vacuum Cleaner - Replaces Part # CCPK8DW</p><p>$21.99 ($1.37 / Count)</p><a href="https://www.amazon.com/dp/B0CBFV28WX?tag=eloabder-20&linkCode=osi&th=1&psc=1">View Product</a></div><div class="product"><a href="https://www.amazon.com/dp/B00F9GQMHA?tag=eloabder-20&linkCode=osi&th=1&psc=1"><img src="https://m.media-amazon.com/images/I/51lhelurelL._SL500_.jpg" alt="Product Image"></a><p>EnviroCare Replacement Premium Vacuum Cleaner Dust Bags made to fit Eureka F&G Uprights 9 bags</p><p>$11.09</p><a href="https://www.amazon.com/dp/B00F9GQMHA?tag=eloabder-20&linkCode=osi&th=1&psc=1">View Product</a></div><div class="product"><a href="https://www.amazon.com/dp/B002CI8G1I?tag=eloabder-20&linkCode=osi&th=1&psc=1"><img src="https://m.media-amazon.com/images/I/51PYQrQpbSL._SL500_.jpg" alt="Product Image"></a><p>EnviroCare Replacement Micro Filtration Vacuum Cleaner Dust Bags made to fit Kenmore Upright Type U/L/O 50688 and 50690, Panasonic Type U-2, Miele Type Z. 9 pack</p><p>$9.99</p><a href="https://www.amazon.com/dp/B002CI8G1I?tag=eloabder-20&linkCode=osi&th=1&psc=1">View Product</a></div>
<div class="product"><a href="https://www.amazon.com/dp/B07GNQJ67P?tag=eloabder-20&linkCode=osi&th=1&psc=1"><img src="https://m.media-amazon.com/images/I/41XHnKbgjAL._SL500_.jpg" alt="Product Image"></a><p>Kenmore 53292 Type Q HEPA Replacement Dust Bags for Canister Vacuum 81214, 81414, 81714, 21814, BC2005, BC3005, 81615, BC7005, 6 Count (Pack of 1)</p><p>$13.24 ($2.21 / Count)</p><a href="https://www.amazon.com/dp/B07GNQJ67P?tag=eloabder-20&linkCode=osi&th=1&psc=1">View Product</a></div><div class="product"><a href="https://www.amazon.com/dp/B01L0C0FVK?tag=eloabder-20&linkCode=osi&th=1&psc=1"><img src="https://m.media-amazon.com/images/I/51ZIjbo9NVL._SL500_.jpg" alt="Product Image"></a><p>Envirocare Replacement Vacuum Bags Compatible with Kenmore Canister Type C/Q. 5055, 50557 and 50558 Panasonic Type C-5 Vacuums,15 pack</p><p>$16.16</p><a href="https://www.amazon.com/dp/B01L0C0FVK?tag=eloabder-20&linkCode=osi&th=1&psc=1">View Product</a></div><div class="product"><a href="https://www.amazon.com/dp/B0BTRTP2PM?tag=eloabder-20&linkCode=osi&th=1&psc=1"><img src="https://m.media-amazon.com/images/I/41K295aRv9L._SL500_.jpg" alt="Product Image"></a><p>Vacuum Cleaner Bags Fit for Kenmore Canister Type C/Q 50555 50557 50558 and Type C-5, 10PCs</p><p>$15.99</p><a href="https://www.amazon.com/dp/B0BTRTP2PM?tag=eloabder-20&linkCode=osi&th=1&psc=1">View Product</a></div><div class="product"><a href="https://www.amazon.com/dp/B0CRQYGLZX?tag=eloabder-20&linkCode=osi&th=1&psc=1"><img src="https://m.media-amazon.com/images/I/413iXp+j3ML._SL500_.jpg" alt="Product Image"></a><p>15 Pack Canister Vacuum Cleaner Bags Compatible with Kenmore Canister Type C/Q 5055, 50555, 50557, 50558 and Type C-5, C-18, 53292, 200 Series, 400 Series, 600 Series, 700 Series, 800 Series Vacuum</p><p>$11.69</p><a href="https://www.amazon.com/dp/B0CRQYGLZX?tag=eloabder-20&linkCode=osi&th=1&psc=1">View Product</a></div><div class="product"><a href="https://www.amazon.com/dp/B00QGD3SBI?tag=eloabder-20&linkCode=osi&th=1&psc=1"><img src="https://m.media-amazon.com/images/I/51xw0asyqTL._SL500_.jpg" alt="Product Image"></a><p>EnviroCare Replacement Vacuum Bags made to fit Kenmore Canister Type C or Q 50555, 50558, 50557 and Panasonic Type C-5 Vacuums, 9 pack</p><p>$9.79</p><a href="https://www.amazon.com/dp/B00QGD3SBI?tag=eloabder-20&linkCode=osi&th=1&psc=1">View Product</a></div><div class="product"><a href="https://www.amazon.com/dp/B0CQP9NP5N?tag=eloabder-20&linkCode=osi&th=1&psc=1"><img src="https://m.media-amazon.com/images/I/41WnNkTz8zL._SL500_.jpg" alt="Product Image"></a><p>8 Pack Replacement Vacuum Bags Compatible with Kenmore Canister Type C/Q. 5055, 50104, 50557 and 50558 Panasonic Type C-5 Vacuums</p><p>$9.99 ($1.25 / Count)</p><a href="https://www.amazon.com/dp/B0CQP9NP5N?tag=eloabder-20&linkCode=osi&th=1&psc=1">View Product</a></div>
<div class="product"><a href="https://www.amazon.com/dp/B09M3Y2BHR?tag=eloabder-20&linkCode=osi&th=1&psc=1"><img src="https://m.media-amazon.com/images/I/31tevngai1L._SL500_.jpg" alt="Product Image"></a><p>Ymimi Vacuum Filter Compatible with Eureka WhirlWind Bagless Canister Vacuum Cleaner,Fits NEN110A,NEN110B,NEN110Dï¼ˆ2-Packï¼‰</p><p>$11.99 ($6.00 / Count)</p><a href="https://www.amazon.com/dp/B09M3Y2BHR?tag=eloabder-20&linkCode=osi&th=1&psc=1">View Product</a></div><div class="product"><a href="https://www.amazon.com/dp/B07J1WWBHN?tag=eloabder-20&linkCode=osi&th=1&psc=1"><img src="https://m.media-amazon.com/images/I/51gmkDrnR2L._SL500_.jpg" alt="Product Image"></a><p>Bissell Powerforce Helix Bagless Washable Premotor Filter #1608225, Black</p><p>$7.78</p><a href="https://www.amazon.com/dp/B07J1WWBHN?tag=eloabder-20&linkCode=osi&th=1&psc=1">View Product</a></div><div class="product"><a href="https://www.amazon.com/dp/B0BK64TMMK?tag=eloabder-20&linkCode=osi&th=1&psc=1"><img src="https://m.media-amazon.com/images/I/41OBMvET7eL._SL500_.jpg" alt="Product Image"></a><p>Vacuum Belt Replacement for Bissell Cleanview Swivel Pet Upright Bagless/Powerlifter Vacuum Cleaner, fits model: 2252, 2254, 22543, 2258,2259, 2260,2316, 2739, 1793, Parts # 3031120, 32074</p><p>$6.99</p><a href="https://www.amazon.com/dp/B0BK64TMMK?tag=eloabder-20&linkCode=osi&th=1&psc=1">View Product</a></div><div class="product"><a href="https://www.amazon.com/dp/B0BKKL3WRB?tag=eloabder-20&linkCode=osi&th=1&psc=1"><img src="https://m.media-amazon.com/images/I/410jMe-FjIL._SL500_.jpg" alt="Product Image"></a><p>Aolleteau F1 HEPA Filter Compatible with Dirt Devil Bagless Upright Cleaner Models Extra Lite, Breeze, Featherlite Bagless, Jaguar Bagless,Platinum Force Vision, Scorpion and Vision Bagless (2 Pack)</p><p>$13.99 ($7.00 / Count)</p><a href="https://www.amazon.com/dp/B0BKKL3WRB?tag=eloabder-20&linkCode=osi&th=1&psc=1">View Product</a></div><div class="product"><a href="https://www.amazon.com/dp/B09SG1P4WN?tag=eloabder-20&linkCode=osi&th=1&psc=1"><img src="https://m.media-amazon.com/images/I/51+Mr+Wq5ML._SL500_.jpg" alt="Product Image"></a><p>NEN110A Vacuum Filter, Inlet Frame and Sponge Filter Compatible with Eureka Whirlwind Bagless Canister Vacuum Cleaner, Fits NEN110A, NEN110B, NEN110D(4-Pack)</p><p>$15.99 ($4.00 / Count)</p><a href="https://www.amazon.com/dp/B09SG1P4WN?tag=eloabder-20&linkCode=osi&th=1&psc=1">View Product</a></div>
<div class="product"><a href="https://www.amazon.com/dp/B07GT9VB9X?tag=eloabder-20&linkCode=osi&th=1&psc=1"><img src="https://m.media-amazon.com/images/I/41IokheYtNL._SL500_.jpg" alt="Product Image"></a><p>6 Pack 1940 Bissell Steam Mop Pads for Bissell PowerFresh Steam Mop 1806 1544 1440 2075A 2685A 1940W 19404 Series, Model 19402 19408 1940a 1940f 1940q 1940t B0006 B0017, Part #5938#203-2633</p><p>$16.99 ($2.83 / Count)</p><a href="https://www.amazon.com/dp/B07GT9VB9X?tag=eloabder-20&linkCode=osi&th=1&psc=1">View Product</a></div><div class="product"><a href="https://www.amazon.com/dp/B07H3MYZLD?tag=eloabder-20&linkCode=osi&th=1&psc=1"><img src="https://m.media-amazon.com/images/I/511p6MPxQ0L._SL500_.jpg" alt="Product Image"></a><p>Flammi Steam Pocket Mop Replacement Pads for Shark S3500 Series S3501 S3601 S3550 S3901 SE450 S3801CO S3601D S2901 S2902 Steam Pocket Mop, 4 Pack</p><p>$16.97 ($4.24 / Count)</p><a href="https://www.amazon.com/dp/B07H3MYZLD?tag=eloabder-20&linkCode=osi&th=1&psc=1">View Product</a></div><div class="product"><a href="https://www.amazon.com/dp/B0C8SH97HN?tag=eloabder-20&linkCode=osi&th=1&psc=1"><img src="https://m.media-amazon.com/images/I/31Mex4y7odL._SL500_.jpg" alt="Product Image"></a><p>HOMEXCEL Steam Mop Replacement Pads Compatible with Bissell Powerfresh Steam Mop 1940 1806 1440 1544 Series, Model 19402 19404 19408 2685A 2075A 1940A 1940Q 1940T 1940W, Steam Mop Pads Refills,4 Pack</p><p>$9.99 ($2.50 / Count)</p><a href="https://www.amazon.com/dp/B0C8SH97HN?tag=eloabder-20&linkCode=osi&th=1&psc=1">View Product</a></div><div class="product"><a href="https://www.amazon.com/dp/B0BFWTXS33?tag=eloabder-20&linkCode=osi&th=1&psc=1"><img src="https://m.media-amazon.com/images/I/51pa2h7o0EL._SL500_.jpg" alt="Product Image"></a><p>12 Pack 1940 Steam Mop Replacement Pads for Bissell Powerfresh Steam Mop 1940 1440 1806 1544 2075 2685A 2814 Series, Model 19402 19404 19408 19409 1940A 1940F 1940Q 1940T 1940W B0006 B0017 2075A 15441</p><p>$24.99</p><a href="https://www.amazon.com/dp/B0BFWTXS33?tag=eloabder-20&linkCode=osi&th=1&psc=1">View Product</a></div><div class="product"><a href="https://www.amazon.com/dp/B0CLP5QGTY?tag=eloabder-20&linkCode=osi&th=1&psc=1"><img src="https://m.media-amazon.com/images/I/414HqpKde9L._SL500_.jpg" alt="Product Image"></a><p>10 Pack 1940 1806 2685A Steam Mop Pads For Bissell Powerfresh Steam Mop Deluxe Pet Lift-Off Plus Slim Scrubbing Steam Mop Replacement Pad 1940A 2814 1544A 2075A Power Fresh Steamer Pad Refill Washable</p><p>$22.99 ($2.30 / Count)</p><a href="https://www.amazon.com/dp/B0CLP5QGTY?tag=eloabder-20&linkCode=osi&th=1&psc=1">View Product</a></div><div class="product"><a href="https://www.amazon.com/dp/B078BBKBPV?tag=eloabder-20&linkCode=osi&th=1&psc=1"><img src="https://m.media-amazon.com/images/I/51WcJqtOUIL._SL500_.jpg" alt="Product Image"></a><p>Tidy Monster Steam Mop Replacement Pads Compatible with Bissell Powerfresh Steam Mop 1940 1806 1544 1440 2075A 2685A Series, Part # 5938 & 203-2633, 1606668 & 1606669 (4 Pack Scrub Plush)</p><p>$9.99</p><a href="https://www.amazon.com/dp/B078BBKBPV?tag=eloabder-20&linkCode=osi&th=1&psc=1">View Product</a></div><div class="product"><a href="https://www.amazon.com/dp/B00A6G37SU?tag=eloabder-20&linkCode=osi&th=1&psc=1"><img src="https://m.media-amazon.com/images/I/51xo0LB-SpL._SL500_.jpg" alt="Product Image"></a><p>BISSELL PowerFresh Steam Mop Pads (Pack of 2) with Fragrance discs (4 ct), 5938</p><p>$21.26 ($10.63 / Count)</p><a href="https://www.amazon.com/dp/B00A6G37SU?tag=eloabder-20&linkCode=osi&th=1&psc=1">View Product</a></div>
<div class="product"><a href="https://www.amazon.com/dp/B0D2QFVY7H?tag=eloabder-20&linkCode=osi&th=1&psc=1"><img src="https://m.media-amazon.com/images/I/417B7H+vvML._SL500_.jpg" alt="Product Image"></a><p>Kenmore KS1010 Deep Clean & Revitalize Pet Carpet Cleaner Formula, 64 oz, White, 64 Fl Oz</p><p>$22.73 ($0.36 / Fl Oz)</p><a href="https://www.amazon.com/dp/B0D2QFVY7H?tag=eloabder-20&linkCode=osi&th=1&psc=1">View Product</a></div><div class="product"><a href="https://www.amazon.com/dp/B0BNK8ZJJ1?tag=eloabder-20&linkCode=osi&th=1&psc=1"><img src="https://m.media-amazon.com/images/I/51z0Pc4xcNL._SL500_.jpg" alt="Product Image"></a><p>Bissell Spotlifter Pet Carpet and Upholstery Cleaner with Brush Head - 4 Pack, 93523</p><p>$23.88 ($0.50 / Fl Oz)</p><a href="https://www.amazon.com/dp/B0BNK8ZJJ1?tag=eloabder-20&linkCode=osi&th=1&psc=1">View Product</a></div><div class="product"><a href="https://www.amazon.com/dp/B0CX245D26?tag=eloabder-20&linkCode=osi&th=1&psc=1"><img src="https://m.media-amazon.com/images/I/411CSXvvO1L._SL500_.jpg" alt="Product Image"></a><p>BISSELLÂ® Spot & Stain with Febreze + Gain Original Scent Formula for Little Green Devices, Portable Carpet Cleaners (3968)</p><p>$12.99 ($0.41 / Fl Oz)</p><a href="https://www.amazon.com/dp/B0CX245D26?tag=eloabder-20&linkCode=osi&th=1&psc=1">View Product</a></div><div class="product"><a href="https://www.amazon.com/dp/B083VZW4R5?tag=eloabder-20&linkCode=osi&th=1&psc=1"><img src="https://m.media-amazon.com/images/I/413BULPLmBL._SL500_.jpg" alt="Product Image"></a><p>BISSELL Multi-Surface Pet Formula with Febreze Freshness for Crosswave (80 oz), 2295L</p><p>$22.99 ($0.29 / Fl Oz)</p><a href="https://www.amazon.com/dp/B083VZW4R5?tag=eloabder-20&linkCode=osi&th=1&psc=1">View Product</a></div><div class="product"><a href="https://www.amazon.com/dp/B0D2RGW219?tag=eloabder-20&linkCode=osi&th=1&psc=1"><img src="https://m.media-amazon.com/images/I/41gD+82tnAL._SL500_.jpg" alt="Product Image"></a><p>Vacmaster Clean & Restore Carpet Cleaner Formula â€“ CCS03</p><p>$19.99 ($0.31 / Fl Oz)</p><a href="https://www.amazon.com/dp/B0D2RGW219?tag=eloabder-20&linkCode=osi&th=1&psc=1">View Product</a></div>






<div class="product"><a href="https://www.amazon.com/dp/B0BY64HQTP?tag=eloabder-20&linkCode=osi&th=1&psc=1"><img src="https://m.media-amazon.com/images/I/41hUxHuASYL._SL500_.jpg" alt="Product Image"></a><p>Air Conditioning Motor WZDK13-38G-1(RD-310-13-8) DC Brushless Fan Motor, 13W Inverter air Conditioner Motor DC Motor for Central air Conditioner</p><p>$39.95</p><a href="https://www.amazon.com/dp/B0BY64HQTP?tag=eloabder-20&linkCode=osi&th=1&psc=1">View Product</a></div><div class="product"><a href="https://www.amazon.com/dp/B0CM5YB884?tag=eloabder-20&linkCode=osi&th=1&psc=1"><img src="https://m.media-amazon.com/images/I/310lQ2tAvLL._SL500_.jpg" alt="Product Image"></a><p>Sparkfix OEM WZDK20-38G (ZKFP-20-8-6) Air Conditioner Replacement Motors DC280V 20W Air Conditioning Fan Motor Inverter Air Conditioner Brushless DC Motor 1300RPM CCW</p><p>$42.79</p><a href="https://www.amazon.com/dp/B0CM5YB884?tag=eloabder-20&linkCode=osi&th=1&psc=1">View Product</a></div>













<div class="product"><a href="https://www.amazon.com/dp/B009PCI2JU?tag=eloabder-20&linkCode=osi&th=1&psc=1"><img src="https://m.media-amazon.com/images/I/310ZJurANUL._SL500_.jpg" alt="Product Image"></a><p>GE RPWFE Refrigerator Water Filter | Certified to Reduce Lead, Sulfur, and 50+ Other Impurities | Replace Every 6 Months for Best Results | Pack of 1</p><p>$49.98</p><a href="https://www.amazon.com/dp/B009PCI2JU?tag=eloabder-20&linkCode=osi&th=1&psc=1">View Product</a></div><div class="product"><a href="https://www.amazon.com/dp/B0882ZJ48W?tag=eloabder-20&linkCode=osi&th=1&psc=1"><img src="https://m.media-amazon.com/images/I/41110o9sUoL._SL500_.jpg" alt="Product Image"></a><p>GE XWFE Refrigerator Water Filter | Certified to Reduce Lead, Sulfur, and 50+ Other Impurities | Replace Every 6 Months for Best Results | Pack of 1, White</p><p>$49.00</p><a href="https://www.amazon.com/dp/B0882ZJ48W?tag=eloabder-20&linkCode=osi&th=1&psc=1">View Product</a></div><div class="product"><a href="https://www.amazon.com/dp/B074HLRXMP?tag=eloabder-20&linkCode=osi&th=1&psc=1"><img src="https://m.media-amazon.com/images/I/21oDpGCQXiL._SL500_.jpg" alt="Product Image"></a><p>LG LT1000P - 6 Month / 200 Gallon Capacity Replacement Refrigerator Water Filter (NSF42, NSF53, and NSF401) ADQ74793501, ADQ75795105, or AGF80300704 , White</p><p>$47.00</p><a href="https://www.amazon.com/dp/B074HLRXMP?tag=eloabder-20&linkCode=osi&th=1&psc=1">View Product</a></div><div class="product"><a href="https://www.amazon.com/dp/B01BKWSHHE?tag=eloabder-20&linkCode=osi&th=1&psc=1"><img src="https://m.media-amazon.com/images/I/31E2+zlkvjL._SL500_.jpg" alt="Product Image"></a><p>Frigidaire EPTWFU01 Water Filtration Filter, 1 Count, White</p><p>$42.99</p><a href="https://www.amazon.com/dp/B01BKWSHHE?tag=eloabder-20&linkCode=osi&th=1&psc=1">View Product</a></div><div class="product"><a href="https://www.amazon.com/dp/B08V6JB9R7?tag=eloabder-20&linkCode=osi&th=1&psc=1"><img src="https://m.media-amazon.com/images/I/31PRPEffCZL._SL500_.jpg" alt="Product Image"></a><p>Frigidaire FPPWFU01 PurePour PWF-1 Water Filter 1 Count (Pack of 1)</p><p>$45.81</p><a href="https://www.amazon.com/dp/B08V6JB9R7?tag=eloabder-20&linkCode=osi&th=1&psc=1">View Product</a></div><div class="product"><a href="https://www.amazon.com/dp/B000AST3AK?tag=eloabder-20&linkCode=osi&th=1&psc=1"><img src="https://m.media-amazon.com/images/I/41DUoSxpwTS._SL500_.jpg" alt="Product Image"></a><p>GE MWF Refrigerator Water Filter | Certified to Reduce Lead, Sulfur, and 50+ Other Impurities | Replace Every 6 Months for Best Results | Pack of 1</p><p>$39.98</p><a href="https://www.amazon.com/dp/B000AST3AK?tag=eloabder-20&linkCode=osi&th=1&psc=1">View Product</a></div><div class="product"><a href="https://www.amazon.com/dp/B0CFZR7K8D?tag=eloabder-20&linkCode=osi&th=1&psc=1"><img src="https://m.media-amazon.com/images/I/31WM5sdhKLL._SL500_.jpg" alt="Product Image"></a><p>HMASAV W10295370A water filter replacement, Compatible with EDR1RXD1,EDR1RXD1B,W10295370,Filter 1,WHR1RXD1,KAD1RXD1,P4RFWB,P8RFWB2L,46-9930,46-9081 2PACK</p><p>$29.99 ($15.00 / Count)</p><a href="https://www.amazon.com/dp/B0CFZR7K8D?tag=eloabder-20&linkCode=osi&th=1&psc=1">View Product</a></div><div class="product"><a href="https://www.amazon.com/dp/B07JM9TTTT?tag=eloabder-20&linkCode=osi&th=1&psc=1"><img src="https://m.media-amazon.com/images/I/41CfAtJ8TPL._SL500_.jpg" alt="Product Image"></a><p>GLACIER FRESH LT1000PC Replacement Water Filter, Compatible with LT1000PC/PCS, LT1000PC, LT-1000PC, MDJ64844601, ADQ747935 ADQ74793504 Filter and LT120F ADQ73334008 Fresh Air (3+3)</p><p>$39.99 ($13.33 / Count)</p><a href="https://www.amazon.com/dp/B07JM9TTTT?tag=eloabder-20&linkCode=osi&th=1&psc=1">View Product</a></div><div class="product"><a href="https://www.amazon.com/dp/B003N1ZSYG?tag=eloabder-20&linkCode=osi&th=1&psc=1"><img src="https://m.media-amazon.com/images/I/31Mbrkrxu1L._SL500_.jpg" alt="Product Image"></a><p>SAMSUNG Genuine Filter for Refrigerator Water and Ice, Carbon Block Filtration for Clean, Clear Drinking Water, 6-Month Life, HAF-CIN/EXP, 1 Pack</p><p>$39.99</p><a href="https://www.amazon.com/dp/B003N1ZSYG?tag=eloabder-20&linkCode=osi&th=1&psc=1">View Product</a></div>









<div class="product"><a href="https://www.amazon.com/dp/B0B2NZ47HN?tag=eloabder-20&linkCode=osi&th=1&psc=1"><img src="https://m.media-amazon.com/images/I/41nC6c2XxJL._SL500_.jpg" alt="Product Image"></a><p>OTE Portable Sparkling Water Maker Soda Maker Machine for home with 20PCS Cylinders 450ml Personal seltzer Carbonators Electroless Double Layer PET Bottle BPA Free Double Pressure Relief Valves -Pink</p><p>$49.99</p><a href="https://www.amazon.com/dp/B0B2NZ47HN?tag=eloabder-20&linkCode=osi&th=1&psc=1">View Product</a></div><div class="product"><a href="https://www.amazon.com/dp/B09DY54L7M?tag=eloabder-20&linkCode=osi&th=1&psc=1"><img src="https://m.media-amazon.com/images/I/31LSpnm3G8L._SL500_.jpg" alt="Product Image"></a><p>MOSOLAN Bottle Cleaning Brush, 17 Inches Extra Long Handle Water Bottle Brush, Flexible Bendable Cleaner for Washing Narrow Neck Bottles, Wine Decanter, Kombucha, Pipes, Beer Brewing Supplies, 2 Pack</p><p>$11.95 ($5.98 / Count)</p><a href="https://www.amazon.com/dp/B09DY54L7M?tag=eloabder-20&linkCode=osi&th=1&psc=1">View Product</a></div><div class="product"><a href="https://www.amazon.com/dp/B0736CBNDN?tag=eloabder-20&linkCode=osi&th=1&psc=1"><img src="https://m.media-amazon.com/images/I/41tWXmwP5KL._SL500_.jpg" alt="Product Image"></a><p>#2 Filter Pads (10 Pack Bulk) Compatible with Mini Jet Machine | #2 1.8-2.5 micron | 2 Micron Filtering pads. Filter Wine Beer, Kombucha, Mead Mash. Polishing filtration| Not a Buon Vino product.</p><p>$18.99</p><a href="https://www.amazon.com/dp/B0736CBNDN?tag=eloabder-20&linkCode=osi&th=1&psc=1">View Product</a></div>









<div class="product"><a href="https://www.amazon.com/dp/B07YGN577Y?tag=eloabder-20&linkCode=osi&th=1&psc=1"><img src="https://m.media-amazon.com/images/I/31kfZiyDMUL._SL500_.jpg" alt="Product Image"></a><p>9870163 Trash Power Nut WP9870163 L8</p><p>$50.36</p><a href="https://www.amazon.com/dp/B07YGN577Y?tag=eloabder-20&linkCode=osi&th=1&psc=1">View Product</a></div>

<div class="product"><a href="https://www.amazon.com/dp/B0CWQLM4C7?tag=eloabder-20&linkCode=osi&th=1&psc=1"><img src="https://m.media-amazon.com/images/I/41gTEIOjtlL._SL500_.jpg" alt="Product Image"></a><p>7" Seven Seconds Lazy Kitchen Food Making Tools - Multifunctional Fruit Vegetable Chopper Quick Garlic Peeling Machine Convenient Food Chopper for Slicing,Juice,Grinding</p><p>$32.99</p><a href="https://www.amazon.com/dp/B0CWQLM4C7?tag=eloabder-20&linkCode=osi&th=1&psc=1">View Product</a></div>







<div class="product"><a href="https://www.amazon.com/dp/B0CNKFM9WR?tag=eloabder-20&linkCode=osi&th=1&psc=1"><img src="https://m.media-amazon.com/images/I/31sGGIDic9L._SL500_.jpg" alt="Product Image"></a><p>hobbyme Pack of 4 Plastic Coffee Scoops with Brush & Espresso Grinder Brush for Ground Coffee Cleaning Tea Power Coffee Grinder Spoon</p><p>$6.49</p><a href="https://www.amazon.com/dp/B0CNKFM9WR?tag=eloabder-20&linkCode=osi&th=1&psc=1">View Product</a></div>





<div class="product"><a href="https://www.amazon.com/dp/B07798328B?tag=eloabder-20&linkCode=osi&th=1&psc=1"><img src="https://m.media-amazon.com/images/I/31Vpin+sgUS._SL500_.jpg" alt="Product Image"></a><p>Prime-Line MP10513 Standard Plastic Ice Cube Trays (5 Pack)</p><p>$12.69</p><a href="https://www.amazon.com/dp/B07798328B?tag=eloabder-20&linkCode=osi&th=1&psc=1">View Product</a></div><div class="product"><a href="https://www.amazon.com/dp/B077965JDB?tag=eloabder-20&linkCode=osi&th=1&psc=1"><img src="https://m.media-amazon.com/images/I/31H1hNlH6RL._SL500_.jpg" alt="Product Image"></a><p>Prime-Line MP10863 Standard Plastic Ice Cube Trays (2 Pack)</p><p>$9.69</p><a href="https://www.amazon.com/dp/B077965JDB?tag=eloabder-20&linkCode=osi&th=1&psc=1">View Product</a></div>

<div class="product"><a href="https://www.amazon.com/dp/B08MPLY84K?tag=eloabder-20&linkCode=osi&th=1&psc=1"><img src="https://m.media-amazon.com/images/I/31kWTfzQJBL._SL500_.jpg" alt="Product Image"></a><p>Syntus Vacuum Sealer Bags, 6 Pack 3 Rolls 11" x 20' and 3 Rolls 8" x 20' Commercial Grade BPA Free Bag Rolls, Food Vac Bags for Storage, Meal Prep or Sous Vide</p><p>$19.99</p><a href="https://www.amazon.com/dp/B08MPLY84K?tag=eloabder-20&linkCode=osi&th=1&psc=1">View Product</a></div><div class="product"><a href="https://www.amazon.com/dp/B0C5BWRMQL?tag=eloabder-20&linkCode=osi&th=1&psc=1"><img src="https://m.media-amazon.com/images/I/41yPpkb6oeL._SL500_.jpg" alt="Product Image"></a><p>Bonsenkitchen Vacuum Sealer Rolls Bags, 6 Pack 3 Rolls 11" x 20' + 3 Rolls 8" x 20' Commercial Grade BPA Free Bag Rolls, Durable Customized Size Food Vac Bags for Storage and Sous Vide Cooking VB3211</p><p>$19.99 ($3.33 / Count)</p><a href="https://www.amazon.com/dp/B0C5BWRMQL?tag=eloabder-20&linkCode=osi&th=1&psc=1">View Product</a></div><div class="product"><a href="https://www.amazon.com/dp/B0C5C1JTC4?tag=eloabder-20&linkCode=osi&th=1&psc=1"><img src="https://m.media-amazon.com/images/I/31JpyYsm7YL._SL500_.jpg" alt="Product Image"></a><p>Bonsenkitchen Vacuum Food Sealer Bags 200 Quart 8" x 12", BPA Free, Commercial Grade Textured Food Vacuum Sealer Bag, Thick Embossed Bags for Food Storage and Sous Vide Cooking VB3208</p><p>$18.39 ($0.09 / Count)</p><a href="https://www.amazon.com/dp/B0C5C1JTC4?tag=eloabder-20&linkCode=osi&th=1&psc=1">View Product</a></div><div class="product"><a href="https://www.amazon.com/dp/B07TMZDGQ1?tag=eloabder-20&linkCode=osi&th=1&psc=1"><img src="https://m.media-amazon.com/images/I/31cRCu-JIsL._SL500_.jpg" alt="Product Image"></a><p>Wevac Vacuum Sealer Bags 11x50 Rolls 2 pack for Food Saver, Seal a Meal, Weston. Commercial Grade, BPA Free, Heavy Duty, Great for vac storage, Meal Prep or Sous Vide</p><p>$20.99 ($0.21 / Count)</p><a href="https://www.amazon.com/dp/B07TMZDGQ1?tag=eloabder-20&linkCode=osi&th=1&psc=1">View Product</a></div><div class="product"><a href="https://www.amazon.com/dp/B07TV4KRCL?tag=eloabder-20&linkCode=osi&th=1&psc=1"><img src="https://m.media-amazon.com/images/I/31uv3qtc9bL._SL500_.jpg" alt="Product Image"></a><p>Wevac Vacuum Sealer Bags 100 Gallon 11x16 Inch for Food Saver, Seal a Meal, Weston. Commercial Grade, BPA Free, Heavy Duty, Great for vac storage, Meal Prep and Sous Vide</p><p>$21.24</p><a href="https://www.amazon.com/dp/B07TV4KRCL?tag=eloabder-20&linkCode=osi&th=1&psc=1">View Product</a></div>


<div class="product"><a href="https://www.amazon.com/dp/B093G5XCVF?tag=eloabder-20&linkCode=osi&th=1&psc=1"><img src="https://m.media-amazon.com/images/I/313Cq6ASf0S._SL500_.jpg" alt="Product Image"></a><p>2 Multipurpose Pastry Brush Basting & Coffee Grinders Cleaning Brush Wooden Handle Natural Boar Bristles Baking Cooking Sauce egg wash Bakery Supply Espresso Bean Barista</p><p>$7.21</p><a href="https://www.amazon.com/dp/B093G5XCVF?tag=eloabder-20&linkCode=osi&th=1&psc=1">View Product</a></div><div class="product"><a href="https://www.amazon.com/dp/B07JGRYG31?tag=eloabder-20&linkCode=osi&th=1&psc=1"><img src="https://m.media-amazon.com/images/I/31nd-jhgzdL._SL500_.jpg" alt="Product Image"></a><p>Coffee Grinder Cleaning Brush + Coffee Brush Wood Handle & Natural Bristles Pastry Brush</p><p>$5.99</p><a href="https://www.amazon.com/dp/B07JGRYG31?tag=eloabder-20&linkCode=osi&th=1&psc=1">View Product</a></div><div class="product"><a href="https://www.amazon.com/dp/B0C53G4T7X?tag=eloabder-20&linkCode=osi&th=1&psc=1"><img src="https://m.media-amazon.com/images/I/21Hrgmpj8YL._SL500_.jpg" alt="Product Image"></a><p>Leadigol Cleaning Tool Coffee Machine Home Pastry Brush Multifunctional Wooden Handle Baking Soft Bristles Coffee Grinder Brush</p><p>$7.99</p><a href="https://www.amazon.com/dp/B0C53G4T7X?tag=eloabder-20&linkCode=osi&th=1&psc=1">View Product</a></div><div class="product"><a href="https://www.amazon.com/dp/B07W5WM2LF?tag=eloabder-20&linkCode=osi&th=1&psc=1"><img src="https://m.media-amazon.com/images/I/41-7fWE9tSL._SL500_.jpg" alt="Product Image"></a><p>Redecker Waffle Machine Brush with Oiled Beechwood Handle, Stiff Heat-resistant Tampico Fiber Bristles, 6-1/2 inches, Made in Germany</p><p>$21.99</p><a href="https://www.amazon.com/dp/B07W5WM2LF?tag=eloabder-20&linkCode=osi&th=1&psc=1">View Product</a></div>






Aucun rÃ©sultat trouvÃ©.













<div class="product"><a href="https://www.amazon.com/dp/B00UTFZAII?tag=eloabder-20&linkCode=osi&th=1&psc=1"><img src="https://m.media-amazon.com/images/I/31z7hZ6KbXL._SL500_.jpg" alt="Product Image"></a><p>Miele 10123210 AirClean 3D Efficiency Dust Bag, Type GN, 4 Bags & 2 Filters, White</p><p>$21.86 ($21.86 / Count)</p><a href="https://www.amazon.com/dp/B00UTFZAII?tag=eloabder-20&linkCode=osi&th=1&psc=1">View Product</a></div><div class="product"><a href="https://www.amazon.com/dp/B07WHG6J5S?tag=eloabder-20&linkCode=osi&th=1&psc=1"><img src="https://m.media-amazon.com/images/I/41hnaEOxB9L._SL500_.jpg" alt="Product Image"></a><p>KEEPOW Vacuum Filters for Eureka, Power Speed Vacuum Filters Replacement for Eureka NEU182A, NEU182B, NEU280, NEU180, NEU181, NEU188, NEU202 Bagless Upright Vacuum Cleaner, Part E0202 (4 Pack)</p><p>$9.99 ($2.50 / Count)</p><a href="https://www.amazon.com/dp/B07WHG6J5S?tag=eloabder-20&linkCode=osi&th=1&psc=1">View Product</a></div><div class="product"><a href="https://www.amazon.com/dp/B00UTFZB82?tag=eloabder-20&linkCode=osi&th=1&psc=1"><img src="https://m.media-amazon.com/images/I/41WdlL5T0dL._SL500_.jpg" alt="Product Image"></a><p>Miele AirClean 3D Efficiency Dust Bag, Type FJM, 4 Bags & 2 Filters, White</p><p>$18.99</p><a href="https://www.amazon.com/dp/B00UTFZB82?tag=eloabder-20&linkCode=osi&th=1&psc=1">View Product</a></div><div class="product"><a href="https://www.amazon.com/dp/B09NKP346M?tag=eloabder-20&linkCode=osi&th=1&psc=1"><img src="https://m.media-amazon.com/images/I/41o25nqkODL._SL500_.jpg" alt="Product Image"></a><p>Anewise 6 Pack Filter Replacement for Bissell Powerforce Compact Lightweight Upright 2112 1520 for Bissel Turbo Bagless 2690 Cleanview 3437 3508 Vacuum Cleaner, Compare to Parts #1604896/160-4896</p><p>$12.99</p><a href="https://www.amazon.com/dp/B09NKP346M?tag=eloabder-20&linkCode=osi&th=1&psc=1">View Product</a></div><div class="product"><a href="https://www.amazon.com/dp/B01MQ5NITB?tag=eloabder-20&linkCode=osi&th=1&psc=1"><img src="https://m.media-amazon.com/images/I/41J6lG4H1bL._SL500_.jpg" alt="Product Image"></a><p>Bissell Style 7 3 Pack Vacuum Cleaner Bags, White, 3 Count</p><p>$8.69 ($2.90 / Count)</p><a href="https://www.amazon.com/dp/B01MQ5NITB?tag=eloabder-20&linkCode=osi&th=1&psc=1">View Product</a></div><div class="product"><a href="https://www.amazon.com/dp/B0CDH1JY5D?tag=eloabder-20&linkCode=osi&th=1&psc=1"><img src="https://m.media-amazon.com/images/I/516DPXu4siL._SL500_.jpg" alt="Product Image"></a><p>4 Pack Replacement Filters Compatiable with Wyze Cordless Vacuum Cleaner, Removable and Washable HEPA Filter Accessories Part Set with 1 Cleaning Brush for Wyze Handheld Cordless Vacuum Cleaner</p><p>$15.99 ($4.00 / Count)</p><a href="https://www.amazon.com/dp/B0CDH1JY5D?tag=eloabder-20&linkCode=osi&th=1&psc=1">View Product</a></div><div class="product"><a href="https://www.amazon.com/dp/B07P3WB37F?tag=eloabder-20&linkCode=osi&th=1&psc=1"><img src="https://m.media-amazon.com/images/I/51WaYrkiVXL._SL500_.jpg" alt="Product Image"></a><p>Miele AirClean 3D Efficiency Dust Bag, Type GN, XL Value Pack, 8 Bags and 4 Filters</p><p>$36.99</p><a href="https://www.amazon.com/dp/B07P3WB37F?tag=eloabder-20&linkCode=osi&th=1&psc=1">View Product</a></div><div class="product"><a href="https://www.amazon.com/dp/B09DSY4Z2T?tag=eloabder-20&linkCode=osi&th=1&psc=1"><img src="https://m.media-amazon.com/images/I/51+ref3EeAL._SL500_.jpg" alt="Product Image"></a><p>Filter Replacement for Tineco A10 A11 Hero A10/A11 Master PURE ONE S11 Series, S12, X Cordless Vacuum Cleaner (3 PACK) â€¦</p><p>$12.99 ($4.33 / Count)</p><a href="https://www.amazon.com/dp/B09DSY4Z2T?tag=eloabder-20&linkCode=osi&th=1&psc=1">View Product</a></div>


<div class="product"><a href="https://www.amazon.com/dp/B0BXRR5QFV?tag=eloabder-20&linkCode=osi&th=1&psc=1"><img src="https://m.media-amazon.com/images/I/41sjdBkCp8L._SL500_.jpg" alt="Product Image"></a><p>AC Infinity CLOUDFORGE T7, Plant Humidifier 15L with VPD Humidity Controls, 10-Level Precision Vaporizer, Extendable Hose, Targeting Pipe, and No-Leak Seal for Grow Tents</p><p>$159.00</p><a href="https://www.amazon.com/dp/B0BXRR5QFV?tag=eloabder-20&linkCode=osi&th=1&psc=1">View Product</a></div><div class="product"><a href="https://www.amazon.com/dp/B01N6MV8SA?tag=eloabder-20&linkCode=osi&th=1&psc=1"><img src="https://m.media-amazon.com/images/I/41hX08+W1xL._SL500_.jpg" alt="Product Image"></a><p>Protec Humidifier Tank Cleaner, 1 Count - Colors May Vary</p><p>$5.98</p><a href="https://www.amazon.com/dp/B01N6MV8SA?tag=eloabder-20&linkCode=osi&th=1&psc=1">View Product</a></div><div class="product"><a href="https://www.amazon.com/dp/B07GXBTH82?tag=eloabder-20&linkCode=osi&th=1&psc=1"><img src="https://m.media-amazon.com/images/I/41ibxK12JPL._SL500_.jpg" alt="Product Image"></a><p>Essick Air 1970-2 Humidifier, 2-Quart Bacteriostatic Treatment, 2 Pack, Clear, 2</p><p>$22.99</p><a href="https://www.amazon.com/dp/B07GXBTH82?tag=eloabder-20&linkCode=osi&th=1&psc=1">View Product</a></div><div class="product"><a href="https://www.amazon.com/dp/B08TTT3K9B?tag=eloabder-20&linkCode=osi&th=1&psc=1"><img src="https://m.media-amazon.com/images/I/41U6j9SexmL._SL500_.jpg" alt="Product Image"></a><p>Leemone Humidifier Cleaner 12 Pack, Demineralization Cleaning Ball, Works in All humidifiers and Fish Tanks, Purifies Water, Prevents Hard Water Build-Up, Eliminates White Dust and Odor</p><p>$14.44</p><a href="https://www.amazon.com/dp/B08TTT3K9B?tag=eloabder-20&linkCode=osi&th=1&psc=1">View Product</a></div>
<div class="product"><a href="https://www.amazon.com/dp/B07YD4XCT3?tag=eloabder-20&linkCode=osi&th=1&psc=1"><img src="https://m.media-amazon.com/images/I/41hR81iKyJL._SL500_.jpg" alt="Product Image"></a><p>Vacplus Moisture Absorber Packets, Fragrance Free(10 Pack), Humidity Packs, Hanging Closet Dehumidifier Bags, Desiccant 9.8OZ</p><p>$21.99</p><a href="https://www.amazon.com/dp/B07YD4XCT3?tag=eloabder-20&linkCode=osi&th=1&psc=1">View Product</a></div><div class="product"><a href="https://www.amazon.com/dp/B09LQF5V5K?tag=eloabder-20&linkCode=osi&th=1&psc=1"><img src="https://m.media-amazon.com/images/I/51Cx5ECAotL._SL500_.jpg" alt="Product Image"></a><p>CLEVAST Moisture Absorbers Packets 10 Pack, Dehumidifier Bags for Closet, Unscented Hanging Humidity Absorber in Wardrobes, Bedrooms, Bathrooms(230g/pack)</p><p>$16.98</p><a href="https://www.amazon.com/dp/B09LQF5V5K?tag=eloabder-20&linkCode=osi&th=1&psc=1">View Product</a></div><div class="product"><a href="https://www.amazon.com/dp/B0B8L9QRW8?tag=eloabder-20&linkCode=osi&th=1&psc=1"><img src="https://m.media-amazon.com/images/I/518LgtpPi8L._SL500_.jpg" alt="Product Image"></a><p>Arm & Hammer Essentials Disposable Moisture Absorber and Odor Eliminator Tub, Fragrance Free, 1 lb, 3-Pack, Attracts and Traps Excess Moisture, Ideal Closet Dehumidifier, White</p><p>$24.94 ($0.52 / Ounce)</p><a href="https://www.amazon.com/dp/B0B8L9QRW8?tag=eloabder-20&linkCode=osi&th=1&psc=1">View Product</a></div><div class="product"><a href="https://www.amazon.com/dp/B09W9TPJGZ?tag=eloabder-20&linkCode=osi&th=1&psc=1"><img src="https://m.media-amazon.com/images/I/51pVTVMwHbL._SL500_.jpg" alt="Product Image"></a><p>THECOSKY Dehumidifier and Air Purifier Combo,HEPA H13 Filter and Negative Air Ion Function,54oz(1.6L) Water Tank with Drain Hose,24hrs Auto-Off Timer,Idea for Bedroom,Bathroom,Closet,RV</p><p>$109.99</p><a href="https://www.amazon.com/dp/B09W9TPJGZ?tag=eloabder-20&linkCode=osi&th=1&psc=1">View Product</a></div><div class="product"><a href="https://www.amazon.com/dp/B0CXDG65LZ?tag=eloabder-20&linkCode=osi&th=1&psc=1"><img src="https://m.media-amazon.com/images/I/41HNflmbKHL._SL500_.jpg" alt="Product Image"></a><p>14 x 17.5 x1.75 MERV 13 Replacement Dehumidifier Filter Compatible with Santa Fe Advance90, Advance100, Advance120, Honeywell DR90 & DR120 dehumidifier models, 2 Pack</p><p>$42.99</p><a href="https://www.amazon.com/dp/B0CXDG65LZ?tag=eloabder-20&linkCode=osi&th=1&psc=1">View Product</a></div>
<div class="product"><a href="https://www.amazon.com/dp/B088B921NQ?tag=eloabder-20&linkCode=osi&th=1&psc=1"><img src="https://m.media-amazon.com/images/I/612e4cT3RYL._SL500_.jpg" alt="Product Image"></a><p>ULTTY H13 HEPA Replacement Filter with Medical Coating, True HEPA Filter For R021/ R020 Purifying Fan, Medium</p><p>$29.99</p><a href="https://www.amazon.com/dp/B088B921NQ?tag=eloabder-20&linkCode=osi&th=1&psc=1">View Product</a></div><div class="product"><a href="https://www.amazon.com/dp/B0D2MZ4Y7Z?tag=eloabder-20&linkCode=osi&th=1&psc=1"><img src="https://m.media-amazon.com/images/I/51KgTHizWyL._SL500_.jpg" alt="Product Image"></a><p>Butto 5-Pack Ceiling Fan Filters for Blades - Strong Adhesive Ceiling Fan Filters for Common Household Contaminants - Unscented Coconut Carbon Fan Air Purifier Pads to Make Air Fresh and Natural</p><p>$9.98</p><a href="https://www.amazon.com/dp/B0D2MZ4Y7Z?tag=eloabder-20&linkCode=osi&th=1&psc=1">View Product</a></div><div class="product"><a href="https://www.amazon.com/dp/B0C42HCM21?tag=eloabder-20&linkCode=osi&th=1&psc=1"><img src="https://m.media-amazon.com/images/I/31jk3lpoygL._SL500_.jpg" alt="Product Image"></a><p>Barnakl Ceiling Fan Filters | Activated Coconut Shell Carbon Filter | Easy-Stick Universal Ceiling Fan Air Filters | Unscented Ceiling Fan Blade Filters for Common Household Contaminants, (3-Count)</p><p>$19.99 ($6.66 / Count)</p><a href="https://www.amazon.com/dp/B0C42HCM21?tag=eloabder-20&linkCode=osi&th=1&psc=1">View Product</a></div>
<div class="product"><a href="https://www.amazon.com/dp/B08LZWP29P?tag=eloabder-20&linkCode=osi&th=1&psc=1"><img src="https://m.media-amazon.com/images/I/41NLuzzFW9L._SL500_.jpg" alt="Product Image"></a><p>Chromex Tankless Water Heater Descaling Solution | Highly Effective Descaler Restores Heating Efficiency, Quart, 32 fl oz (1)</p><p>$26.99</p><a href="https://www.amazon.com/dp/B08LZWP29P?tag=eloabder-20&linkCode=osi&th=1&psc=1">View Product</a></div>

<div class="product"><a href="https://www.amazon.com/dp/B005UO4OWQ?tag=eloabder-20&linkCode=osi&th=1&psc=1"><img src="https://m.media-amazon.com/images/I/41oQPKFofoL._SL500_.jpg" alt="Product Image"></a><p>Bissell 203-7458 Brushroll, Bg10/86T3, Black</p><p>$21.26 ($21.26 / Count)</p><a href="https://www.amazon.com/dp/B005UO4OWQ?tag=eloabder-20&linkCode=osi&th=1&psc=1">View Product</a></div>





















<div class="product"><a href="https://www.amazon.com/dp/B0014J7FUY?tag=eloabder-20&linkCode=osi&th=1&psc=1"><img src="https://m.media-amazon.com/images/I/31QrM+IPxOL._SL500_.jpg" alt="Product Image"></a><p>Urnex Grindz Professional Coffee Grinder Cleaning Tablets - 430 Grams - All Natural Food Safe Gluten Free - Cleans Burr and Casing - Help Extend Life of Your Grinder</p><p>$25.99 ($1.71 / Ounce)</p><a href="https://www.amazon.com/dp/B0014J7FUY?tag=eloabder-20&linkCode=osi&th=1&psc=1">View Product</a></div>



<div class="product"><a href="https://www.amazon.com/dp/B0CHW317SG?tag=eloabder-20&linkCode=osi&th=1&psc=1"><img src="https://m.media-amazon.com/images/I/41Qd5Iu3qBL._SL500_.jpg" alt="Product Image"></a><p>EUHOMY 55 Can Beverage Refrigerator cooler-Mini Fridge Glass Door for Beer Drinks Wines, Freestanding Beverage Fridge with Adjustable Shelves Blue LED for Home/Office/Dorm/Bar (1.3cu.ft)</p><p>$128.99</p><a href="https://www.amazon.com/dp/B0CHW317SG?tag=eloabder-20&linkCode=osi&th=1&psc=1">View Product</a></div>

<div class="product"><a href="https://www.amazon.com/dp/B099CN2MRK?tag=eloabder-20&linkCode=osi&th=1&psc=1"><img src="https://m.media-amazon.com/images/I/31CvUCIUX5L._SL500_.jpg" alt="Product Image"></a><p>Genuine PuroAir 240 Replacement Filter - Replacement HEPA Filter for PuroAir 240 Purifier - Captures up to 99% of Pollen, Smoke, Pollen, Dust and Common Household Pollutants</p><p>$48.00</p><a href="https://www.amazon.com/dp/B099CN2MRK?tag=eloabder-20&linkCode=osi&th=1&psc=1">View Product</a></div><div class="product"><a href="https://www.amazon.com/dp/B0055521W0?tag=eloabder-20&linkCode=osi&th=1&psc=1"><img src="https://m.media-amazon.com/images/I/41Hs7ixdyXL._SL500_.jpg" alt="Product Image"></a><p>GermGuardian Filter B HEPA Pure Genuine Air Purifier Replacement Filter, Removes 99.97% of Pollutants for AC4825, AC4300, AC4900, AC4825DLX, AC4850, CDAP4500, AP2200, Black/Yellow, FLT4825</p><p>$17.90 ($17.90 / Count)</p><a href="https://www.amazon.com/dp/B0055521W0?tag=eloabder-20&linkCode=osi&th=1&psc=1">View Product</a></div><div class="product"><a href="https://www.amazon.com/dp/B0BNMYKZPV?tag=eloabder-20&linkCode=osi&th=1&psc=1"><img src="https://m.media-amazon.com/images/I/41-K3mB6KkL._SL500_.jpg" alt="Product Image"></a><p>2 Pack True HEPA KILO Filter Compatible with Afloia KILO, KILOPLUS, KILOPRO, MIRO,MIRO PRO and MORENTO MR-Kilo, Kalo Air Purifier, 360Â° 3-Stage Filtration</p><p>$34.99 ($17.50 / Count)</p><a href="https://www.amazon.com/dp/B0BNMYKZPV?tag=eloabder-20&linkCode=osi&th=1&psc=1">View Product</a></div><div class="product"><a href="https://www.amazon.com/dp/B0D3M4Y9W7?tag=eloabder-20&linkCode=osi&th=1&psc=1"><img src="https://m.media-amazon.com/images/I/41tzW+mkZuL._SL500_.jpg" alt="Product Image"></a><p>Breshair 14 True HEPA Filter Replacement Compatible with PuroAir 240 Air Purifier, 3-in-1 Filtration System with Activated Carbon Filter, 2-Pack</p><p>$31.56 ($15.78 / Count)</p><a href="https://www.amazon.com/dp/B0D3M4Y9W7?tag=eloabder-20&linkCode=osi&th=1&psc=1">View Product</a></div><div class="product"><a href="https://www.amazon.com/dp/B0CB18MVX6?tag=eloabder-20&linkCode=osi&th=1&psc=1"><img src="https://m.media-amazon.com/images/I/519ZmmLOrzL._SL500_.jpg" alt="Product Image"></a><p>2 Pack 3-in-1 H13 True HEPA Replacement Filter Compatible with Pure Enrichment PureZone Air Purifier Part# PEAIRPLG</p><p>$23.99 ($12.00 / Count)</p><a href="https://www.amazon.com/dp/B0CB18MVX6?tag=eloabder-20&linkCode=osi&th=1&psc=1">View Product</a></div><div class="product"><a href="https://www.amazon.com/dp/B08JTZMRML?tag=eloabder-20&linkCode=osi&th=1&psc=1"><img src="https://m.media-amazon.com/images/I/51yx60sCjHL._SL500_.jpg" alt="Product Image"></a><p>6 Pack HPA300 HEPA Filter Replacement for Honeywell HPA300 Series Air Purifiers HPA300, HPA300VP, HPA304, HPA3300, Replace HRF-R3 (6 Ture HEPA R Replacement Filter + 8 Activated Carbon Pre-Filter)</p><p>$47.99 ($3.43 / Count)</p><a href="https://www.amazon.com/dp/B08JTZMRML?tag=eloabder-20&linkCode=osi&th=1&psc=1">View Product</a></div><div class="product"><a href="https://www.amazon.com/dp/B0CF1GLSYS?tag=eloabder-20&linkCode=osi&th=1&psc=1"><img src="https://m.media-amazon.com/images/I/41709EXRzXL._SL500_.jpg" alt="Product Image"></a><p>CHIVALZ 4 Pack HY4866 True HEPA Replacement Filters Compatible with MORENTO HY4866 Air Purifier, WESTHEY HY4866 Air Purifier and YIOU M1 Air Cleaner Purifier, Original Version</p><p>$39.99 ($10.00 / Count)</p><a href="https://www.amazon.com/dp/B0CF1GLSYS?tag=eloabder-20&linkCode=osi&th=1&psc=1">View Product</a></div>







<div class="product"><a href="https://www.amazon.com/dp/B0CYKMFKR9?tag=eloabder-20&linkCode=osi&th=1&psc=1"><img src="https://m.media-amazon.com/images/I/316zU-ozoxL._SL500_.jpg" alt="Product Image"></a><p>Air Purifier Replacement Filter for Space Heater Bladeless Fan</p><p>$29.99</p><a href="https://www.amazon.com/dp/B0CYKMFKR9?tag=eloabder-20&linkCode=osi&th=1&psc=1">View Product</a></div>
<div class="product"><a href="https://www.amazon.com/dp/B07MRH6VY7?tag=eloabder-20&linkCode=osi&th=1&psc=1"><img src="https://m.media-amazon.com/images/I/51g-nuN4A5L._SL500_.jpg" alt="Product Image"></a><p>Colorfullife Replacement Air Purifier Filter for Dyson Tower Purifier Pure Cool Link TP01, TP02, TP03, BP01, Compare to Part 968126-03ï¼Œ2 Pack</p><p>$26.99</p><a href="https://www.amazon.com/dp/B07MRH6VY7?tag=eloabder-20&linkCode=osi&th=1&psc=1">View Product</a></div><div class="product"><a href="https://www.amazon.com/dp/B07TX5SW7J?tag=eloabder-20&linkCode=osi&th=1&psc=1"><img src="https://m.media-amazon.com/images/I/512Kn+cPglL._SL500_.jpg" alt="Product Image"></a><p>TP01 HEPA Filter Replacement Compatible with Dyson Tower Purifier Pure Cool Link TP01, TP02, TP03, AM11, BP01 Models, Compare to Part # 968126-03 (Pack of 2)</p><p>$27.95 ($13.98 / Count)</p><a href="https://www.amazon.com/dp/B07TX5SW7J?tag=eloabder-20&linkCode=osi&th=1&psc=1">View Product</a></div><div class="product"><a href="https://www.amazon.com/dp/B0CC24GZGB?tag=eloabder-20&linkCode=osi&th=1&psc=1"><img src="https://m.media-amazon.com/images/I/41woNpZ9VgL._SL500_.jpg" alt="Product Image"></a><p>TP01 TP02 Filter Compatible with Dyson Pure Cool Link Purifying Tower Fan TP00 TP03 AM11 and Cool Me BP01 Personal Series, 360Â° Air Purifier Filter Replacement 968126-03, 1-Pack</p><p>$25.99</p><a href="https://www.amazon.com/dp/B0CC24GZGB?tag=eloabder-20&linkCode=osi&th=1&psc=1">View Product</a></div><div class="product"><a href="https://www.amazon.com/dp/B0CX23N2JJ?tag=eloabder-20&linkCode=osi&th=1&psc=1"><img src="https://m.media-amazon.com/images/I/3145hmd5j7L._SL500_.jpg" alt="Product Image"></a><p>Dreo Air Purifiers Replacement Filter, HEPA Filter for Dreo Purifier Tower Fan MC710S, with 2 Stage Filtration, Black, Standard(DR-HPA019)</p><p>$39.99</p><a href="https://www.amazon.com/dp/B0CX23N2JJ?tag=eloabder-20&linkCode=osi&th=1&psc=1">View Product</a></div>










<div class="product"><a href="https://www.amazon.com/dp/B001U0OJ7O?tag=eloabder-20&linkCode=osi&th=1&psc=1"><img src="https://m.media-amazon.com/images/I/41XEg3QV-wL._SL500_.jpg" alt="Product Image"></a><p>Whirlpool W10165294RB 15-Inch Plastic Trash Compactor ct, 60 Bags, Count</p><p>$48.34</p><a href="https://www.amazon.com/dp/B001U0OJ7O?tag=eloabder-20&linkCode=osi&th=1&psc=1">View Product</a></div><div class="product"><a href="https://www.amazon.com/dp/B0CC3V4ZZ4?tag=eloabder-20&linkCode=osi&th=1&psc=1"><img src="https://m.media-amazon.com/images/I/31bbvodHnjL._SL500_.jpg" alt="Product Image"></a><p>Waste Smasher- Hand-Held Manual Trash Compactor Dishwasher Safe Black</p><p>$24.95</p><a href="https://www.amazon.com/dp/B0CC3V4ZZ4?tag=eloabder-20&linkCode=osi&th=1&psc=1">View Product</a></div><div class="product"><a href="https://www.amazon.com/dp/B00IYO5914?tag=eloabder-20&linkCode=osi&th=1&psc=1"><img src="https://m.media-amazon.com/images/I/51SLpTXIYNL._SL500_.jpg" alt="Product Image"></a><p>Kitchen Master Super Strong Compactor Bags Pre Cuffed (12 Pack)</p><p>$34.95</p><a href="https://www.amazon.com/dp/B00IYO5914?tag=eloabder-20&linkCode=osi&th=1&psc=1">View Product</a></div><div class="product"><a href="https://www.amazon.com/dp/B075DJ4ZVQ?tag=eloabder-20&linkCode=osi&th=1&psc=1"><img src="https://m.media-amazon.com/images/I/51Vaek4I89L._SL500_.jpg" alt="Product Image"></a><p>Dano Pre-Cuffed Compactor Bags</p><p>$32.95 ($2.75 / Count)</p><a href="https://www.amazon.com/dp/B075DJ4ZVQ?tag=eloabder-20&linkCode=osi&th=1&psc=1">View Product</a></div><div class="product"><a href="https://www.amazon.com/dp/B0C2DCVCBJ?tag=eloabder-20&linkCode=osi&th=1&psc=1"><img src="https://m.media-amazon.com/images/I/51072CtaKuL._SL500_.jpg" alt="Product Image"></a><p>60-pack W10165294RB Trash Compactor Bags - leak-proof trash compactor bags for kitchen 60-ct 15 inches - Fits 15-inch Rectangular Drawer Compactors</p><p>$45.99 ($0.77 / Count)</p><a href="https://www.amazon.com/dp/B0C2DCVCBJ?tag=eloabder-20&linkCode=osi&th=1&psc=1">View Product</a></div><div class="product"><a href="https://www.amazon.com/dp/B001U0OJ7E?tag=eloabder-20&linkCode=osi&th=1&psc=1"><img src="https://m.media-amazon.com/images/I/41c0z26RyvL._SL500_.jpg" alt="Product Image"></a><p>Whirlpool W10165293RB Genuine OEM 60 Pack-Plastic Compactor Bags-18" Models â€“ 1394369, 4178058, 4318932, 4318933, 4318935, 4318937, 4318939, AH1964576, EA1964576, PS1964576</p><p>$48.64 ($0.81 / Count)</p><a href="https://www.amazon.com/dp/B001U0OJ7E?tag=eloabder-20&linkCode=osi&th=1&psc=1">View Product</a></div><div class="product"><a href="https://www.amazon.com/dp/B00W27J16S?tag=eloabder-20&linkCode=osi&th=1&psc=1"><img src="https://m.media-amazon.com/images/I/41RaOjAGlrL._SL500_.jpg" alt="Product Image"></a><p>Compactor Bags Pre Cuffed (50 Pack)</p><p>$84.95 ($1.70 / count)</p><a href="https://www.amazon.com/dp/B00W27J16S?tag=eloabder-20&linkCode=osi&th=1&psc=1">View Product</a></div><div class="product"><a href="https://www.amazon.com/dp/B00MOCYY2W?tag=eloabder-20&linkCode=osi&th=1&psc=1"><img src="https://m.media-amazon.com/images/I/41SH8mDsAnL._SL500_.jpg" alt="Product Image"></a><p>GE WX60X1 Genuine OEM Universal Trash Compactor Bags for GE Trash Compactors</p><p>$19.00</p><a href="https://www.amazon.com/dp/B00MOCYY2W?tag=eloabder-20&linkCode=osi&th=1&psc=1">View Product</a></div><div class="product"><a href="https://www.amazon.com/dp/B0D7SFSTNG?tag=eloabder-20&linkCode=osi&th=1&psc=1"><img src="https://m.media-amazon.com/images/I/41szt9tZJPL._SL500_.jpg" alt="Product Image"></a><p>4PCS Trash Compactor Charcoal Air Filter Fit for Whirlpool/KitchenAid/Maytag/Jenn-Air/Amana/Inglis/Magic Chef Trash Compactor, Replaces 4151750 554358 WP4151750 AP6009134 PS11742279</p><p>$23.59 ($5.90 / Count)</p><a href="https://www.amazon.com/dp/B0D7SFSTNG?tag=eloabder-20&linkCode=osi&th=1&psc=1">View Product</a></div>
<div class="product"><a href="https://www.amazon.com/dp/B0CGLX5ZB9?tag=eloabder-20&linkCode=osi&th=1&psc=1"><img src="https://m.media-amazon.com/images/I/51qeRZQS98L._SL500_.jpg" alt="Product Image"></a><p>Spare Replacement Parts Compatible with MAMNV BR150 BR151, ZCWA BR150 BR151, MANVINS G20 Robot Vacuum and Mop Combo Accessories Include: 3 Hepa Filters 3 Mop Pads 6 Side Spin Brushes</p><p>$9.98</p><a href="https://www.amazon.com/dp/B0CGLX5ZB9?tag=eloabder-20&linkCode=osi&th=1&psc=1">View Product</a></div><div class="product"><a href="https://www.amazon.com/dp/B0B28DGZBG?tag=eloabder-20&linkCode=osi&th=1&psc=1"><img src="https://m.media-amazon.com/images/I/51ooMN4RqML._SL500_.jpg" alt="Product Image"></a><p>Replacement Parts for Shark AI AV2511AE AV2501S AV2610WA AV2501AE RV2502AE RV2610WA RV2520 AV2510 2-In-1 AI Ultra Robot Vacuum Cleaner Accessories Kits. Main Brush, HEPA Filter, Foam Filter,Side Brush</p><p>$19.99 ($1.05 / Count)</p><a href="https://www.amazon.com/dp/B0B28DGZBG?tag=eloabder-20&linkCode=osi&th=1&psc=1">View Product</a></div><div class="product"><a href="https://www.amazon.com/dp/B0782T7L6P?tag=eloabder-20&linkCode=osi&th=1&psc=1"><img src="https://m.media-amazon.com/images/I/41hTVkuzMJL._SL500_.jpg" alt="Product Image"></a><p>10pcs HEPA Filters Replacement for ILIFE V3s V3s pro V5 V5s V5s Pro V5s Pro 2 V5s Plus Noisz S5 Robotic Vacuum Cleaner ILIFE V3s pro Filters ILIFE Robot Vacuum Filter</p><p>$9.80 ($0.98 / Count)</p><a href="https://www.amazon.com/dp/B0782T7L6P?tag=eloabder-20&linkCode=osi&th=1&psc=1">View Product</a></div><div class="product"><a href="https://www.amazon.com/dp/B0CXLVHTTC?tag=eloabder-20&linkCode=osi&th=1&psc=1"><img src="https://m.media-amazon.com/images/I/51BT3phYzKL._SL500_.jpg" alt="Product Image"></a><p>HUIZHEN Spare Accessories for MAMNV BR150/BR151, for ZCWA BR150/BR151, for MANVINS G20,for GTTVO BR150/BR151,for ONSON BR150/BR151 Robot Vacuum Replacement Parts,6 Side Brush,4 HEPA Filters,4 Mop Pads</p><p>$9.99</p><a href="https://www.amazon.com/dp/B0CXLVHTTC?tag=eloabder-20&linkCode=osi&th=1&psc=1">View Product</a></div><div class="product"><a href="https://www.amazon.com/dp/B08RYDDQL8?tag=eloabder-20&linkCode=osi&th=1&psc=1"><img src="https://m.media-amazon.com/images/I/314Xd7+oBXL._SL500_.jpg" alt="Product Image"></a><p>AirClean 4 Pack 3.7" High Replacement Base Pre-Motor Foam Filters Compatible with Shark IQ Robot Vacuum R101AE RV1001AE UR1005AE Self-Empty Base</p><p>$12.99 ($3.25 / Count)</p><a href="https://www.amazon.com/dp/B08RYDDQL8?tag=eloabder-20&linkCode=osi&th=1&psc=1">View Product</a></div><div class="product"><a href="https://www.amazon.com/dp/B0CJLHJ557?tag=eloabder-20&linkCode=osi&th=1&psc=1"><img src="https://m.media-amazon.com/images/I/41iQm8hUjiL._SL500_.jpg" alt="Product Image"></a><p>Replacement Parts Compatible with WYZE Robot Vacuum Cleaner WVCR200S Accessories, 2 Main Brushes, 6 Hepa Filters, 8 Side Brushes Attachment Spare Pack</p><p>$14.99 ($0.94 / Count)</p><a href="https://www.amazon.com/dp/B0CJLHJ557?tag=eloabder-20&linkCode=osi&th=1&psc=1">View Product</a></div>
<div class="product"><a href="https://www.amazon.com/dp/B0C4595Q8P?tag=eloabder-20&linkCode=osi&th=1&psc=1"><img src="https://m.media-amazon.com/images/I/51k23SAtRxL._SL500_.jpg" alt="Product Image"></a><p>4 Pack FSV001 HEPA Filter Compatiable with Fabuletta FSV101, FSV001, Girnoor G160&G165, Afoddon A300, Lubluelu 202, Oraimo Cordless Vacuum Cleaner, Besswin W26 Cordless Stick Vacuum Cleaners</p><p>$15.99 ($4.00 / Count)</p><a href="https://www.amazon.com/dp/B0C4595Q8P?tag=eloabder-20&linkCode=osi&th=1&psc=1">View Product</a></div>
<div class="product"><a href="https://www.amazon.com/dp/B0BNKJX96X?tag=eloabder-20&linkCode=osi&th=1&psc=1"><img src="https://m.media-amazon.com/images/I/41OPeLFppoL._SL500_.jpg" alt="Product Image"></a><p>6 PACK 2033 Replacement Filter Compatible with Bissell Featherweight Stick Lightweight Bagless Vacuum Cleaner 20331, 20333, 20334, 20336, 20339, 2033M,6 Mesh Filter 6 Foam Filters, Replace # 1611508</p><p>$14.99 ($2.50 / Count)</p><a href="https://www.amazon.com/dp/B0BNKJX96X?tag=eloabder-20&linkCode=osi&th=1&psc=1">View Product</a></div><div class="product"><a href="https://www.amazon.com/dp/B0CMBWLTSM?tag=eloabder-20&linkCode=osi&th=1&psc=1"><img src="https://m.media-amazon.com/images/I/41PHqKaLTDL._SL500_.jpg" alt="Product Image"></a><p>18V ONE + Cordless Pet Stick Vacuum Filter for Ryobi, PCL720, PBLSV716, PBLSV717 Stick Vacuum, Reusable Washable Filters, Compare to Part A32SV720N, 6 Pack</p><p>$15.99 ($2.66 / Count)</p><a href="https://www.amazon.com/dp/B0CMBWLTSM?tag=eloabder-20&linkCode=osi&th=1&psc=1">View Product</a></div><div class="product"><a href="https://www.amazon.com/dp/B0CXDYWWT9?tag=eloabder-20&linkCode=osi&th=1&psc=1"><img src="https://m.media-amazon.com/images/I/41F1csTT8jL._SL500_.jpg" alt="Product Image"></a><p>2 Replacement Filters for Craftsman V20 Cordless Stick Vacuum CMCVS001D1, for Black Decker BSVF1 BSV2020 BSV2020G BSV2020P Cordless Stick Vacuum Cleaner with 1 Cleaning Brush</p><p>$14.99</p><a href="https://www.amazon.com/dp/B0CXDYWWT9?tag=eloabder-20&linkCode=osi&th=1&psc=1">View Product</a></div><div class="product"><a href="https://www.amazon.com/dp/B0CCJ5N5DH?tag=eloabder-20&linkCode=osi&th=1&psc=1"><img src="https://m.media-amazon.com/images/I/41xmhDPqk8L._SL500_.jpg" alt="Product Image"></a><p>Aolleteau 1 Pack Brush Roller Compatible with Black + Decker BSV2020, BSV2020P, BSV2020G Powerseries Extreme Cordless Stick Vacuum and Compatible with Craftsman V20 Cordless Stick Vacuum CMCVS001D1</p><p>$17.99</p><a href="https://www.amazon.com/dp/B0CCJ5N5DH?tag=eloabder-20&linkCode=osi&th=1&psc=1">View Product</a></div><div class="product"><a href="https://www.amazon.com/dp/B0CQY61LFD?tag=eloabder-20&linkCode=osi&th=1&psc=1"><img src="https://m.media-amazon.com/images/I/31swBBC444L._SL500_.jpg" alt="Product Image"></a><p>Tablenco for Shark HZ602 Filter Replacement Ultralight Pet Pro Corded Stick Vacuum and HZ2002 Vertex DuoClean PowerFins fit HZ2000 HZ251 HZ250 HH200 HH202,4 Foam Felt 4 Motor Kit (No cleaning brush)</p><p>$9.98</p><a href="https://www.amazon.com/dp/B0CQY61LFD?tag=eloabder-20&linkCode=osi&th=1&psc=1">View Product</a></div><div class="product"><a href="https://www.amazon.com/dp/B09Q55KW8W?tag=eloabder-20&linkCode=osi&th=1&psc=1"><img src="https://m.media-amazon.com/images/I/51MKsJy6nSL._SL500_.jpg" alt="Product Image"></a><p>Anicell 2033 Featherweight Filter for Bissell Featherweight Stick Lightweight Bagless Vacuum 20331 20333 20334 20336 20339 2033M, 4 Mesh Filters 6 Foam Filters Replacement, Replace part# 1611508</p><p>$11.99</p><a href="https://www.amazon.com/dp/B09Q55KW8W?tag=eloabder-20&linkCode=osi&th=1&psc=1">View Product</a></div><div class="product"><a href="https://www.amazon.com/dp/B0CDVG7LHD?tag=eloabder-20&linkCode=osi&th=1&psc=1"><img src="https://m.media-amazon.com/images/I/41hjN1Te6sL._SL500_.jpg" alt="Product Image"></a><p>Moreffi 3 Pack Filter Replacement For HART Cordless Stick Vacuum HPSV01 and HPSV50, Compare to Part Number HASV01</p><p>$19.99 ($6.66 / Count)</p><a href="https://www.amazon.com/dp/B0CDVG7LHD?tag=eloabder-20&linkCode=osi&th=1&psc=1">View Product</a></div>
<div class="product"><a href="https://www.amazon.com/dp/B07DQ9TZC8?tag=eloabder-20&linkCode=osi&th=1&psc=1"><img src="https://m.media-amazon.com/images/I/41PHyZ20FuL._SL500_.jpg" alt="Product Image"></a><p>Kenmore 53294 Style O HEPA Cloth Vacuum Bags for Kenmore Upright Vacuum Cleaners 6 Pack,White</p><p>$20.99 ($3.50 / Count)</p><a href="https://www.amazon.com/dp/B07DQ9TZC8?tag=eloabder-20&linkCode=osi&th=1&psc=1">View Product</a></div><div class="product"><a href="https://www.amazon.com/dp/B08MXVTTT2?tag=eloabder-20&linkCode=osi&th=1&psc=1"><img src="https://m.media-amazon.com/images/I/41T6wRpIMzL._SL500_.jpg" alt="Product Image"></a><p>Kenmore IB600 HEPA Replacement Intuition Upright Vacuum Cleaner Bags for BU4022, BU4020, BU4018, BU4050, BU3040,White</p><p>$18.75</p><a href="https://www.amazon.com/dp/B08MXVTTT2?tag=eloabder-20&linkCode=osi&th=1&psc=1">View Product</a></div><div class="product"><a href="https://www.amazon.com/dp/B01010JVYO?tag=eloabder-20&linkCode=osi&th=1&psc=1"><img src="https://m.media-amazon.com/images/I/51Anluh47GL._SL500_.jpg" alt="Product Image"></a><p>EnviroCare Replacement Micro Filtration Vacuum Cleaner Dust Bags Designed to fit Hoover Windtunnel Upright Type Y 9 pack</p><p>$9.89 ($1.10 / Count)</p><a href="https://www.amazon.com/dp/B01010JVYO?tag=eloabder-20&linkCode=osi&th=1&psc=1">View Product</a></div><div class="product"><a href="https://www.amazon.com/dp/B0D5CP3WBY?tag=eloabder-20&linkCode=osi&th=1&psc=1"><img src="https://m.media-amazon.com/images/I/31MaGmsVOwL._SL500_.jpg" alt="Product Image"></a><p>Bagless Upright Kenmore Vacuum HEPA Filters, Compatible with Foam Filters, Felt Filters and Upright vacuum cleaner for Models K4010,DU2015,DU2012(includes 1 Hepa Filters,2 Foam and 2 Felt Filters)</p><p>$12.99</p><a href="https://www.amazon.com/dp/B0D5CP3WBY?tag=eloabder-20&linkCode=osi&th=1&psc=1">View Product</a></div><div class="product"><a href="https://www.amazon.com/dp/B0CBFV28WX?tag=eloabder-20&linkCode=osi&th=1&psc=1"><img src="https://m.media-amazon.com/images/I/51LIYI0wXSL._SL500_.jpg" alt="Product Image"></a><p>16 Packs Vacuum Bags for Oreck Type CC, Compatible with All Oreck XL Upright Vacuum Cleaner - Replaces Part # CCPK8DW</p><p>$21.99 ($1.37 / Count)</p><a href="https://www.amazon.com/dp/B0CBFV28WX?tag=eloabder-20&linkCode=osi&th=1&psc=1">View Product</a></div><div class="product"><a href="https://www.amazon.com/dp/B00F9GQMHA?tag=eloabder-20&linkCode=osi&th=1&psc=1"><img src="https://m.media-amazon.com/images/I/51lhelurelL._SL500_.jpg" alt="Product Image"></a><p>EnviroCare Replacement Premium Vacuum Cleaner Dust Bags made to fit Eureka F&G Uprights 9 bags</p><p>$11.09</p><a href="https://www.amazon.com/dp/B00F9GQMHA?tag=eloabder-20&linkCode=osi&th=1&psc=1">View Product</a></div><div class="product"><a href="https://www.amazon.com/dp/B002CI8G1I?tag=eloabder-20&linkCode=osi&th=1&psc=1"><img src="https://m.media-amazon.com/images/I/51PYQrQpbSL._SL500_.jpg" alt="Product Image"></a><p>EnviroCare Replacement Micro Filtration Vacuum Cleaner Dust Bags made to fit Kenmore Upright Type U/L/O 50688 and 50690, Panasonic Type U-2, Miele Type Z. 9 pack</p><p>$9.99</p><a href="https://www.amazon.com/dp/B002CI8G1I?tag=eloabder-20&linkCode=osi&th=1&psc=1">View Product</a></div>
<div class="product"><a href="https://www.amazon.com/dp/B07GNQJ67P?tag=eloabder-20&linkCode=osi&th=1&psc=1"><img src="https://m.media-amazon.com/images/I/41XHnKbgjAL._SL500_.jpg" alt="Product Image"></a><p>Kenmore 53292 Type Q HEPA Replacement Dust Bags for Canister Vacuum 81214, 81414, 81714, 21814, BC2005, BC3005, 81615, BC7005, 6 Count (Pack of 1)</p><p>$13.24 ($2.21 / Count)</p><a href="https://www.amazon.com/dp/B07GNQJ67P?tag=eloabder-20&linkCode=osi&th=1&psc=1">View Product</a></div><div class="product"><a href="https://www.amazon.com/dp/B01L0C0FVK?tag=eloabder-20&linkCode=osi&th=1&psc=1"><img src="https://m.media-amazon.com/images/I/51ZIjbo9NVL._SL500_.jpg" alt="Product Image"></a><p>Envirocare Replacement Vacuum Bags Compatible with Kenmore Canister Type C/Q. 5055, 50557 and 50558 Panasonic Type C-5 Vacuums,15 pack</p><p>$16.16</p><a href="https://www.amazon.com/dp/B01L0C0FVK?tag=eloabder-20&linkCode=osi&th=1&psc=1">View Product</a></div><div class="product"><a href="https://www.amazon.com/dp/B0BTRTP2PM?tag=eloabder-20&linkCode=osi&th=1&psc=1"><img src="https://m.media-amazon.com/images/I/41K295aRv9L._SL500_.jpg" alt="Product Image"></a><p>Vacuum Cleaner Bags Fit for Kenmore Canister Type C/Q 50555 50557 50558 and Type C-5, 10PCs</p><p>$15.99</p><a href="https://www.amazon.com/dp/B0BTRTP2PM?tag=eloabder-20&linkCode=osi&th=1&psc=1">View Product</a></div><div class="product"><a href="https://www.amazon.com/dp/B0CRQYGLZX?tag=eloabder-20&linkCode=osi&th=1&psc=1"><img src="https://m.media-amazon.com/images/I/413iXp+j3ML._SL500_.jpg" alt="Product Image"></a><p>15 Pack Canister Vacuum Cleaner Bags Compatible with Kenmore Canister Type C/Q 5055, 50555, 50557, 50558 and Type C-5, C-18, 53292, 200 Series, 400 Series, 600 Series, 700 Series, 800 Series Vacuum</p><p>$11.69</p><a href="https://www.amazon.com/dp/B0CRQYGLZX?tag=eloabder-20&linkCode=osi&th=1&psc=1">View Product</a></div><div class="product"><a href="https://www.amazon.com/dp/B00QGD3SBI?tag=eloabder-20&linkCode=osi&th=1&psc=1"><img src="https://m.media-amazon.com/images/I/51xw0asyqTL._SL500_.jpg" alt="Product Image"></a><p>EnviroCare Replacement Vacuum Bags made to fit Kenmore Canister Type C or Q 50555, 50558, 50557 and Panasonic Type C-5 Vacuums, 9 pack</p><p>$9.79</p><a href="https://www.amazon.com/dp/B00QGD3SBI?tag=eloabder-20&linkCode=osi&th=1&psc=1">View Product</a></div><div class="product"><a href="https://www.amazon.com/dp/B0CQP9NP5N?tag=eloabder-20&linkCode=osi&th=1&psc=1"><img src="https://m.media-amazon.com/images/I/41WnNkTz8zL._SL500_.jpg" alt="Product Image"></a><p>8 Pack Replacement Vacuum Bags Compatible with Kenmore Canister Type C/Q. 5055, 50104, 50557 and 50558 Panasonic Type C-5 Vacuums</p><p>$9.99 ($1.25 / Count)</p><a href="https://www.amazon.com/dp/B0CQP9NP5N?tag=eloabder-20&linkCode=osi&th=1&psc=1">View Product</a></div>
<div class="product"><a href="https://www.amazon.com/dp/B09M3Y2BHR?tag=eloabder-20&linkCode=osi&th=1&psc=1"><img src="https://m.media-amazon.com/images/I/31tevngai1L._SL500_.jpg" alt="Product Image"></a><p>Ymimi Vacuum Filter Compatible with Eureka WhirlWind Bagless Canister Vacuum Cleaner,Fits NEN110A,NEN110B,NEN110Dï¼ˆ2-Packï¼‰</p><p>$11.99 ($6.00 / Count)</p><a href="https://www.amazon.com/dp/B09M3Y2BHR?tag=eloabder-20&linkCode=osi&th=1&psc=1">View Product</a></div><div class="product"><a href="https://www.amazon.com/dp/B07J1WWBHN?tag=eloabder-20&linkCode=osi&th=1&psc=1"><img src="https://m.media-amazon.com/images/I/51gmkDrnR2L._SL500_.jpg" alt="Product Image"></a><p>Bissell Powerforce Helix Bagless Washable Premotor Filter #1608225, Black</p><p>$7.78</p><a href="https://www.amazon.com/dp/B07J1WWBHN?tag=eloabder-20&linkCode=osi&th=1&psc=1">View Product</a></div><div class="product"><a href="https://www.amazon.com/dp/B0BK64TMMK?tag=eloabder-20&linkCode=osi&th=1&psc=1"><img src="https://m.media-amazon.com/images/I/41OBMvET7eL._SL500_.jpg" alt="Product Image"></a><p>Vacuum Belt Replacement for Bissell Cleanview Swivel Pet Upright Bagless/Powerlifter Vacuum Cleaner, fits model: 2252, 2254, 22543, 2258,2259, 2260,2316, 2739, 1793, Parts # 3031120, 32074</p><p>$6.99</p><a href="https://www.amazon.com/dp/B0BK64TMMK?tag=eloabder-20&linkCode=osi&th=1&psc=1">View Product</a></div><div class="product"><a href="https://www.amazon.com/dp/B0BKKL3WRB?tag=eloabder-20&linkCode=osi&th=1&psc=1"><img src="https://m.media-amazon.com/images/I/410jMe-FjIL._SL500_.jpg" alt="Product Image"></a><p>Aolleteau F1 HEPA Filter Compatible with Dirt Devil Bagless Upright Cleaner Models Extra Lite, Breeze, Featherlite Bagless, Jaguar Bagless,Platinum Force Vision, Scorpion and Vision Bagless (2 Pack)</p><p>$13.99 ($7.00 / Count)</p><a href="https://www.amazon.com/dp/B0BKKL3WRB?tag=eloabder-20&linkCode=osi&th=1&psc=1">View Product</a></div><div class="product"><a href="https://www.amazon.com/dp/B09SG1P4WN?tag=eloabder-20&linkCode=osi&th=1&psc=1"><img src="https://m.media-amazon.com/images/I/51+Mr+Wq5ML._SL500_.jpg" alt="Product Image"></a><p>NEN110A Vacuum Filter, Inlet Frame and Sponge Filter Compatible with Eureka Whirlwind Bagless Canister Vacuum Cleaner, Fits NEN110A, NEN110B, NEN110D(4-Pack)</p><p>$15.99 ($4.00 / Count)</p><a href="https://www.amazon.com/dp/B09SG1P4WN?tag=eloabder-20&linkCode=osi&th=1&psc=1">View Product</a></div>
<div class="product"><a href="https://www.amazon.com/dp/B07GT9VB9X?tag=eloabder-20&linkCode=osi&th=1&psc=1"><img src="https://m.media-amazon.com/images/I/41IokheYtNL._SL500_.jpg" alt="Product Image"></a><p>6 Pack 1940 Bissell Steam Mop Pads for Bissell PowerFresh Steam Mop 1806 1544 1440 2075A 2685A 1940W 19404 Series, Model 19402 19408 1940a 1940f 1940q 1940t B0006 B0017, Part #5938#203-2633</p><p>$16.99 ($2.83 / Count)</p><a href="https://www.amazon.com/dp/B07GT9VB9X?tag=eloabder-20&linkCode=osi&th=1&psc=1">View Product</a></div><div class="product"><a href="https://www.amazon.com/dp/B07H3MYZLD?tag=eloabder-20&linkCode=osi&th=1&psc=1"><img src="https://m.media-amazon.com/images/I/511p6MPxQ0L._SL500_.jpg" alt="Product Image"></a><p>Flammi Steam Pocket Mop Replacement Pads for Shark S3500 Series S3501 S3601 S3550 S3901 SE450 S3801CO S3601D S2901 S2902 Steam Pocket Mop, 4 Pack</p><p>$16.97 ($4.24 / Count)</p><a href="https://www.amazon.com/dp/B07H3MYZLD?tag=eloabder-20&linkCode=osi&th=1&psc=1">View Product</a></div><div class="product"><a href="https://www.amazon.com/dp/B0C8SH97HN?tag=eloabder-20&linkCode=osi&th=1&psc=1"><img src="https://m.media-amazon.com/images/I/31Mex4y7odL._SL500_.jpg" alt="Product Image"></a><p>HOMEXCEL Steam Mop Replacement Pads Compatible with Bissell Powerfresh Steam Mop 1940 1806 1440 1544 Series, Model 19402 19404 19408 2685A 2075A 1940A 1940Q 1940T 1940W, Steam Mop Pads Refills,4 Pack</p><p>$9.99 ($2.50 / Count)</p><a href="https://www.amazon.com/dp/B0C8SH97HN?tag=eloabder-20&linkCode=osi&th=1&psc=1">View Product</a></div><div class="product"><a href="https://www.amazon.com/dp/B0BFWTXS33?tag=eloabder-20&linkCode=osi&th=1&psc=1"><img src="https://m.media-amazon.com/images/I/51pa2h7o0EL._SL500_.jpg" alt="Product Image"></a><p>12 Pack 1940 Steam Mop Replacement Pads for Bissell Powerfresh Steam Mop 1940 1440 1806 1544 2075 2685A 2814 Series, Model 19402 19404 19408 19409 1940A 1940F 1940Q 1940T 1940W B0006 B0017 2075A 15441</p><p>$24.99</p><a href="https://www.amazon.com/dp/B0BFWTXS33?tag=eloabder-20&linkCode=osi&th=1&psc=1">View Product</a></div><div class="product"><a href="https://www.amazon.com/dp/B0CLP5QGTY?tag=eloabder-20&linkCode=osi&th=1&psc=1"><img src="https://m.media-amazon.com/images/I/414HqpKde9L._SL500_.jpg" alt="Product Image"></a><p>10 Pack 1940 1806 2685A Steam Mop Pads For Bissell Powerfresh Steam Mop Deluxe Pet Lift-Off Plus Slim Scrubbing Steam Mop Replacement Pad 1940A 2814 1544A 2075A Power Fresh Steamer Pad Refill Washable</p><p>$22.99 ($2.30 / Count)</p><a href="https://www.amazon.com/dp/B0CLP5QGTY?tag=eloabder-20&linkCode=osi&th=1&psc=1">View Product</a></div><div class="product"><a href="https://www.amazon.com/dp/B078BBKBPV?tag=eloabder-20&linkCode=osi&th=1&psc=1"><img src="https://m.media-amazon.com/images/I/51WcJqtOUIL._SL500_.jpg" alt="Product Image"></a><p>Tidy Monster Steam Mop Replacement Pads Compatible with Bissell Powerfresh Steam Mop 1940 1806 1544 1440 2075A 2685A Series, Part # 5938 & 203-2633, 1606668 & 1606669 (4 Pack Scrub Plush)</p><p>$9.99</p><a href="https://www.amazon.com/dp/B078BBKBPV?tag=eloabder-20&linkCode=osi&th=1&psc=1">View Product</a></div><div class="product"><a href="https://www.amazon.com/dp/B00A6G37SU?tag=eloabder-20&linkCode=osi&th=1&psc=1"><img src="https://m.media-amazon.com/images/I/51xo0LB-SpL._SL500_.jpg" alt="Product Image"></a><p>BISSELL PowerFresh Steam Mop Pads (Pack of 2) with Fragrance discs (4 ct), 5938</p><p>$21.26 ($10.63 / Count)</p><a href="https://www.amazon.com/dp/B00A6G37SU?tag=eloabder-20&linkCode=osi&th=1&psc=1">View Product</a></div>
<div class="product"><a href="https://www.amazon.com/dp/B0D2QFVY7H?tag=eloabder-20&linkCode=osi&th=1&psc=1"><img src="https://m.media-amazon.com/images/I/417B7H+vvML._SL500_.jpg" alt="Product Image"></a><p>Kenmore KS1010 Deep Clean & Revitalize Pet Carpet Cleaner Formula, 64 oz, White, 64 Fl Oz</p><p>$22.73 ($0.36 / Fl Oz)</p><a href="https://www.amazon.com/dp/B0D2QFVY7H?tag=eloabder-20&linkCode=osi&th=1&psc=1">View Product</a></div><div class="product"><a href="https://www.amazon.com/dp/B0BNK8ZJJ1?tag=eloabder-20&linkCode=osi&th=1&psc=1"><img src="https://m.media-amazon.com/images/I/51z0Pc4xcNL._SL500_.jpg" alt="Product Image"></a><p>Bissell Spotlifter Pet Carpet and Upholstery Cleaner with Brush Head - 4 Pack, 93523</p><p>$23.88 ($0.50 / Fl Oz)</p><a href="https://www.amazon.com/dp/B0BNK8ZJJ1?tag=eloabder-20&linkCode=osi&th=1&psc=1">View Product</a></div><div class="product"><a href="https://www.amazon.com/dp/B0CX245D26?tag=eloabder-20&linkCode=osi&th=1&psc=1"><img src="https://m.media-amazon.com/images/I/411CSXvvO1L._SL500_.jpg" alt="Product Image"></a><p>BISSELLÂ® Spot & Stain with Febreze + Gain Original Scent Formula for Little Green Devices, Portable Carpet Cleaners (3968)</p><p>$12.99 ($0.41 / Fl Oz)</p><a href="https://www.amazon.com/dp/B0CX245D26?tag=eloabder-20&linkCode=osi&th=1&psc=1">View Product</a></div><div class="product"><a href="https://www.amazon.com/dp/B083VZW4R5?tag=eloabder-20&linkCode=osi&th=1&psc=1"><img src="https://m.media-amazon.com/images/I/413BULPLmBL._SL500_.jpg" alt="Product Image"></a><p>BISSELL Multi-Surface Pet Formula with Febreze Freshness for Crosswave (80 oz), 2295L</p><p>$22.99 ($0.29 / Fl Oz)</p><a href="https://www.amazon.com/dp/B083VZW4R5?tag=eloabder-20&linkCode=osi&th=1&psc=1">View Product</a></div><div class="product"><a href="https://www.amazon.com/dp/B0D2RGW219?tag=eloabder-20&linkCode=osi&th=1&psc=1"><img src="https://m.media-amazon.com/images/I/41gD+82tnAL._SL500_.jpg" alt="Product Image"></a><p>Vacmaster Clean & Restore Carpet Cleaner Formula â€“ CCS03</p><p>$19.99 ($0.31 / Fl Oz)</p><a href="https://www.amazon.com/dp/B0D2RGW219?tag=eloabder-20&linkCode=osi&th=1&psc=1">View Product</a></div>






<div class="product"><a href="https://www.amazon.com/dp/B0BY64HQTP?tag=eloabder-20&linkCode=osi&th=1&psc=1"><img src="https://m.media-amazon.com/images/I/41hUxHuASYL._SL500_.jpg" alt="Product Image"></a><p>Air Conditioning Motor WZDK13-38G-1(RD-310-13-8) DC Brushless Fan Motor, 13W Inverter air Conditioner Motor DC Motor for Central air Conditioner</p><p>$39.95</p><a href="https://www.amazon.com/dp/B0BY64HQTP?tag=eloabder-20&linkCode=osi&th=1&psc=1">View Product</a></div><div class="product"><a href="https://www.amazon.com/dp/B0CM5YB884?tag=eloabder-20&linkCode=osi&th=1&psc=1"><img src="https://m.media-amazon.com/images/I/310lQ2tAvLL._SL500_.jpg" alt="Product Image"></a><p>Sparkfix OEM WZDK20-38G (ZKFP-20-8-6) Air Conditioner Replacement Motors DC280V 20W Air Conditioning Fan Motor Inverter Air Conditioner Brushless DC Motor 1300RPM CCW</p><p>$42.79</p><a href="https://www.amazon.com/dp/B0CM5YB884?tag=eloabder-20&linkCode=osi&th=1&psc=1">View Product</a></div>













<div class="product"><a href="https://www.amazon.com/dp/B009PCI2JU?tag=eloabder-20&linkCode=osi&th=1&psc=1"><img src="https://m.media-amazon.com/images/I/310ZJurANUL._SL500_.jpg" alt="Product Image"></a><p>GE RPWFE Refrigerator Water Filter | Certified to Reduce Lead, Sulfur, and 50+ Other Impurities | Replace Every 6 Months for Best Results | Pack of 1</p><p>$49.98</p><a href="https://www.amazon.com/dp/B009PCI2JU?tag=eloabder-20&linkCode=osi&th=1&psc=1">View Product</a></div><div class="product"><a href="https://www.amazon.com/dp/B0882ZJ48W?tag=eloabder-20&linkCode=osi&th=1&psc=1"><img src="https://m.media-amazon.com/images/I/41110o9sUoL._SL500_.jpg" alt="Product Image"></a><p>GE XWFE Refrigerator Water Filter | Certified to Reduce Lead, Sulfur, and 50+ Other Impurities | Replace Every 6 Months for Best Results | Pack of 1, White</p><p>$49.00</p><a href="https://www.amazon.com/dp/B0882ZJ48W?tag=eloabder-20&linkCode=osi&th=1&psc=1">View Product</a></div><div class="product"><a href="https://www.amazon.com/dp/B074HLRXMP?tag=eloabder-20&linkCode=osi&th=1&psc=1"><img src="https://m.media-amazon.com/images/I/21oDpGCQXiL._SL500_.jpg" alt="Product Image"></a><p>LG LT1000P - 6 Month / 200 Gallon Capacity Replacement Refrigerator Water Filter (NSF42, NSF53, and NSF401) ADQ74793501, ADQ75795105, or AGF80300704 , White</p><p>$47.00</p><a href="https://www.amazon.com/dp/B074HLRXMP?tag=eloabder-20&linkCode=osi&th=1&psc=1">View Product</a></div><div class="product"><a href="https://www.amazon.com/dp/B01BKWSHHE?tag=eloabder-20&linkCode=osi&th=1&psc=1"><img src="https://m.media-amazon.com/images/I/31E2+zlkvjL._SL500_.jpg" alt="Product Image"></a><p>Frigidaire EPTWFU01 Water Filtration Filter, 1 Count, White</p><p>$42.99</p><a href="https://www.amazon.com/dp/B01BKWSHHE?tag=eloabder-20&linkCode=osi&th=1&psc=1">View Product</a></div><div class="product"><a href="https://www.amazon.com/dp/B08V6JB9R7?tag=eloabder-20&linkCode=osi&th=1&psc=1"><img src="https://m.media-amazon.com/images/I/31PRPEffCZL._SL500_.jpg" alt="Product Image"></a><p>Frigidaire FPPWFU01 PurePour PWF-1 Water Filter 1 Count (Pack of 1)</p><p>$45.81</p><a href="https://www.amazon.com/dp/B08V6JB9R7?tag=eloabder-20&linkCode=osi&th=1&psc=1">View Product</a></div><div class="product"><a href="https://www.amazon.com/dp/B000AST3AK?tag=eloabder-20&linkCode=osi&th=1&psc=1"><img src="https://m.media-amazon.com/images/I/41DUoSxpwTS._SL500_.jpg" alt="Product Image"></a><p>GE MWF Refrigerator Water Filter | Certified to Reduce Lead, Sulfur, and 50+ Other Impurities | Replace Every 6 Months for Best Results | Pack of 1</p><p>$39.98</p><a href="https://www.amazon.com/dp/B000AST3AK?tag=eloabder-20&linkCode=osi&th=1&psc=1">View Product</a></div><div class="product"><a href="https://www.amazon.com/dp/B0CFZR7K8D?tag=eloabder-20&linkCode=osi&th=1&psc=1"><img src="https://m.media-amazon.com/images/I/31WM5sdhKLL._SL500_.jpg" alt="Product Image"></a><p>HMASAV W10295370A water filter replacement, Compatible with EDR1RXD1,EDR1RXD1B,W10295370,Filter 1,WHR1RXD1,KAD1RXD1,P4RFWB,P8RFWB2L,46-9930,46-9081 2PACK</p><p>$29.99 ($15.00 / Count)</p><a href="https://www.amazon.com/dp/B0CFZR7K8D?tag=eloabder-20&linkCode=osi&th=1&psc=1">View Product</a></div><div class="product"><a href="https://www.amazon.com/dp/B07JM9TTTT?tag=eloabder-20&linkCode=osi&th=1&psc=1"><img src="https://m.media-amazon.com/images/I/41CfAtJ8TPL._SL500_.jpg" alt="Product Image"></a><p>GLACIER FRESH LT1000PC Replacement Water Filter, Compatible with LT1000PC/PCS, LT1000PC, LT-1000PC, MDJ64844601, ADQ747935 ADQ74793504 Filter and LT120F ADQ73334008 Fresh Air (3+3)</p><p>$39.99 ($13.33 / Count)</p><a href="https://www.amazon.com/dp/B07JM9TTTT?tag=eloabder-20&linkCode=osi&th=1&psc=1">View Product</a></div><div class="product"><a href="https://www.amazon.com/dp/B003N1ZSYG?tag=eloabder-20&linkCode=osi&th=1&psc=1"><img src="https://m.media-amazon.com/images/I/31Mbrkrxu1L._SL500_.jpg" alt="Product Image"></a><p>SAMSUNG Genuine Filter for Refrigerator Water and Ice, Carbon Block Filtration for Clean, Clear Drinking Water, 6-Month Life, HAF-CIN/EXP, 1 Pack</p><p>$39.99</p><a href="https://www.amazon.com/dp/B003N1ZSYG?tag=eloabder-20&linkCode=osi&th=1&psc=1">View Product</a></div>









<div class="product"><a href="https://www.amazon.com/dp/B0B2NZ47HN?tag=eloabder-20&linkCode=osi&th=1&psc=1"><img src="https://m.media-amazon.com/images/I/41nC6c2XxJL._SL500_.jpg" alt="Product Image"></a><p>OTE Portable Sparkling Water Maker Soda Maker Machine for home with 20PCS Cylinders 450ml Personal seltzer Carbonators Electroless Double Layer PET Bottle BPA Free Double Pressure Relief Valves -Pink</p><p>$49.99</p><a href="https://www.amazon.com/dp/B0B2NZ47HN?tag=eloabder-20&linkCode=osi&th=1&psc=1">View Product</a></div><div class="product"><a href="https://www.amazon.com/dp/B09DY54L7M?tag=eloabder-20&linkCode=osi&th=1&psc=1"><img src="https://m.media-amazon.com/images/I/31LSpnm3G8L._SL500_.jpg" alt="Product Image"></a><p>MOSOLAN Bottle Cleaning Brush, 17 Inches Extra Long Handle Water Bottle Brush, Flexible Bendable Cleaner for Washing Narrow Neck Bottles, Wine Decanter, Kombucha, Pipes, Beer Brewing Supplies, 2 Pack</p><p>$11.95 ($5.98 / Count)</p><a href="https://www.amazon.com/dp/B09DY54L7M?tag=eloabder-20&linkCode=osi&th=1&psc=1">View Product</a></div><div class="product"><a href="https://www.amazon.com/dp/B0736CBNDN?tag=eloabder-20&linkCode=osi&th=1&psc=1"><img src="https://m.media-amazon.com/images/I/41tWXmwP5KL._SL500_.jpg" alt="Product Image"></a><p>#2 Filter Pads (10 Pack Bulk) Compatible with Mini Jet Machine | #2 1.8-2.5 micron | 2 Micron Filtering pads. Filter Wine Beer, Kombucha, Mead Mash. Polishing filtration| Not a Buon Vino product.</p><p>$18.99</p><a href="https://www.amazon.com/dp/B0736CBNDN?tag=eloabder-20&linkCode=osi&th=1&psc=1">View Product</a></div>









<div class="product"><a href="https://www.amazon.com/dp/B07YGN577Y?tag=eloabder-20&linkCode=osi&th=1&psc=1"><img src="https://m.media-amazon.com/images/I/31kfZiyDMUL._SL500_.jpg" alt="Product Image"></a><p>9870163 Trash Power Nut WP9870163 L8</p><p>$50.36</p><a href="https://www.amazon.com/dp/B07YGN577Y?tag=eloabder-20&linkCode=osi&th=1&psc=1">View Product</a></div>

<div class="product"><a href="https://www.amazon.com/dp/B0CWQLM4C7?tag=eloabder-20&linkCode=osi&th=1&psc=1"><img src="https://m.media-amazon.com/images/I/41gTEIOjtlL._SL500_.jpg" alt="Product Image"></a><p>7" Seven Seconds Lazy Kitchen Food Making Tools - Multifunctional Fruit Vegetable Chopper Quick Garlic Peeling Machine Convenient Food Chopper for Slicing,Juice,Grinding</p><p>$32.99</p><a href="https://www.amazon.com/dp/B0CWQLM4C7?tag=eloabder-20&linkCode=osi&th=1&psc=1">View Product</a></div>







<div class="product"><a href="https://www.amazon.com/dp/B0CNKFM9WR?tag=eloabder-20&linkCode=osi&th=1&psc=1"><img src="https://m.media-amazon.com/images/I/31sGGIDic9L._SL500_.jpg" alt="Product Image"></a><p>hobbyme Pack of 4 Plastic Coffee Scoops with Brush & Espresso Grinder Brush for Ground Coffee Cleaning Tea Power Coffee Grinder Spoon</p><p>$6.49</p><a href="https://www.amazon.com/dp/B0CNKFM9WR?tag=eloabder-20&linkCode=osi&th=1&psc=1">View Product</a></div>





<div class="product"><a href="https://www.amazon.com/dp/B07798328B?tag=eloabder-20&linkCode=osi&th=1&psc=1"><img src="https://m.media-amazon.com/images/I/31Vpin+sgUS._SL500_.jpg" alt="Product Image"></a><p>Prime-Line MP10513 Standard Plastic Ice Cube Trays (5 Pack)</p><p>$12.69</p><a href="https://www.amazon.com/dp/B07798328B?tag=eloabder-20&linkCode=osi&th=1&psc=1">View Product</a></div><div class="product"><a href="https://www.amazon.com/dp/B077965JDB?tag=eloabder-20&linkCode=osi&th=1&psc=1"><img src="https://m.media-amazon.com/images/I/31H1hNlH6RL._SL500_.jpg" alt="Product Image"></a><p>Prime-Line MP10863 Standard Plastic Ice Cube Trays (2 Pack)</p><p>$9.69</p><a href="https://www.amazon.com/dp/B077965JDB?tag=eloabder-20&linkCode=osi&th=1&psc=1">View Product</a></div>

<div class="product"><a href="https://www.amazon.com/dp/B08MPLY84K?tag=eloabder-20&linkCode=osi&th=1&psc=1"><img src="https://m.media-amazon.com/images/I/31kWTfzQJBL._SL500_.jpg" alt="Product Image"></a><p>Syntus Vacuum Sealer Bags, 6 Pack 3 Rolls 11" x 20' and 3 Rolls 8" x 20' Commercial Grade BPA Free Bag Rolls, Food Vac Bags for Storage, Meal Prep or Sous Vide</p><p>$19.99</p><a href="https://www.amazon.com/dp/B08MPLY84K?tag=eloabder-20&linkCode=osi&th=1&psc=1">View Product</a></div><div class="product"><a href="https://www.amazon.com/dp/B0C5BWRMQL?tag=eloabder-20&linkCode=osi&th=1&psc=1"><img src="https://m.media-amazon.com/images/I/41yPpkb6oeL._SL500_.jpg" alt="Product Image"></a><p>Bonsenkitchen Vacuum Sealer Rolls Bags, 6 Pack 3 Rolls 11" x 20' + 3 Rolls 8" x 20' Commercial Grade BPA Free Bag Rolls, Durable Customized Size Food Vac Bags for Storage and Sous Vide Cooking VB3211</p><p>$19.99 ($3.33 / Count)</p><a href="https://www.amazon.com/dp/B0C5BWRMQL?tag=eloabder-20&linkCode=osi&th=1&psc=1">View Product</a></div><div class="product"><a href="https://www.amazon.com/dp/B0C5C1JTC4?tag=eloabder-20&linkCode=osi&th=1&psc=1"><img src="https://m.media-amazon.com/images/I/31JpyYsm7YL._SL500_.jpg" alt="Product Image"></a><p>Bonsenkitchen Vacuum Food Sealer Bags 200 Quart 8" x 12", BPA Free, Commercial Grade Textured Food Vacuum Sealer Bag, Thick Embossed Bags for Food Storage and Sous Vide Cooking VB3208</p><p>$18.39 ($0.09 / Count)</p><a href="https://www.amazon.com/dp/B0C5C1JTC4?tag=eloabder-20&linkCode=osi&th=1&psc=1">View Product</a></div><div class="product"><a href="https://www.amazon.com/dp/B07TMZDGQ1?tag=eloabder-20&linkCode=osi&th=1&psc=1"><img src="https://m.media-amazon.com/images/I/31cRCu-JIsL._SL500_.jpg" alt="Product Image"></a><p>Wevac Vacuum Sealer Bags 11x50 Rolls 2 pack for Food Saver, Seal a Meal, Weston. Commercial Grade, BPA Free, Heavy Duty, Great for vac storage, Meal Prep or Sous Vide</p><p>$20.99 ($0.21 / Count)</p><a href="https://www.amazon.com/dp/B07TMZDGQ1?tag=eloabder-20&linkCode=osi&th=1&psc=1">View Product</a></div><div class="product"><a href="https://www.amazon.com/dp/B07TV4KRCL?tag=eloabder-20&linkCode=osi&th=1&psc=1"><img src="https://m.media-amazon.com/images/I/31uv3qtc9bL._SL500_.jpg" alt="Product Image"></a><p>Wevac Vacuum Sealer Bags 100 Gallon 11x16 Inch for Food Saver, Seal a Meal, Weston. Commercial Grade, BPA Free, Heavy Duty, Great for vac storage, Meal Prep and Sous Vide</p><p>$21.24</p><a href="https://www.amazon.com/dp/B07TV4KRCL?tag=eloabder-20&linkCode=osi&th=1&psc=1">View Product</a></div>


<div class="product"><a href="https://www.amazon.com/dp/B093G5XCVF?tag=eloabder-20&linkCode=osi&th=1&psc=1"><img src="https://m.media-amazon.com/images/I/313Cq6ASf0S._SL500_.jpg" alt="Product Image"></a><p>2 Multipurpose Pastry Brush Basting & Coffee Grinders Cleaning Brush Wooden Handle Natural Boar Bristles Baking Cooking Sauce egg wash Bakery Supply Espresso Bean Barista</p><p>$7.21</p><a href="https://www.amazon.com/dp/B093G5XCVF?tag=eloabder-20&linkCode=osi&th=1&psc=1">View Product</a></div><div class="product"><a href="https://www.amazon.com/dp/B07JGRYG31?tag=eloabder-20&linkCode=osi&th=1&psc=1"><img src="https://m.media-amazon.com/images/I/31nd-jhgzdL._SL500_.jpg" alt="Product Image"></a><p>Coffee Grinder Cleaning Brush + Coffee Brush Wood Handle & Natural Bristles Pastry Brush</p><p>$5.99</p><a href="https://www.amazon.com/dp/B07JGRYG31?tag=eloabder-20&linkCode=osi&th=1&psc=1">View Product</a></div><div class="product"><a href="https://www.amazon.com/dp/B0C53G4T7X?tag=eloabder-20&linkCode=osi&th=1&psc=1"><img src="https://m.media-amazon.com/images/I/21Hrgmpj8YL._SL500_.jpg" alt="Product Image"></a><p>Leadigol Cleaning Tool Coffee Machine Home Pastry Brush Multifunctional Wooden Handle Baking Soft Bristles Coffee Grinder Brush</p><p>$7.99</p><a href="https://www.amazon.com/dp/B0C53G4T7X?tag=eloabder-20&linkCode=osi&th=1&psc=1">View Product</a></div><div class="product"><a href="https://www.amazon.com/dp/B07W5WM2LF?tag=eloabder-20&linkCode=osi&th=1&psc=1"><img src="https://m.media-amazon.com/images/I/41-7fWE9tSL._SL500_.jpg" alt="Product Image"></a><p>Redecker Waffle Machine Brush with Oiled Beechwood Handle, Stiff Heat-resistant Tampico Fiber Bristles, 6-1/2 inches, Made in Germany</p><p>$21.99</p><a href="https://www.amazon.com/dp/B07W5WM2LF?tag=eloabder-20&linkCode=osi&th=1&psc=1">View Product</a></div>






Aucun rÃ©sultat trouvÃ©.














<div class="product"><a href="https://www.amazon.com/dp/B00UTFZAII?tag=eloabder-20&linkCode=osi&th=1&psc=1"><img src="https://m.media-amazon.com/images/I/31z7hZ6KbXL._SL500_.jpg" alt="Product Image"></a><p>Miele 10123210 AirClean 3D Efficiency Dust Bag, Type GN, 4 Bags & 2 Filters, White</p><p>$21.86 ($21.86 / Count)</p><a href="https://www.amazon.com/dp/B00UTFZAII?tag=eloabder-20&linkCode=osi&th=1&psc=1">View Product</a></div><div class="product"><a href="https://www.amazon.com/dp/B07WHG6J5S?tag=eloabder-20&linkCode=osi&th=1&psc=1"><img src="https://m.media-amazon.com/images/I/41hnaEOxB9L._SL500_.jpg" alt="Product Image"></a><p>KEEPOW Vacuum Filters for Eureka, Power Speed Vacuum Filters Replacement for Eureka NEU182A, NEU182B, NEU280, NEU180, NEU181, NEU188, NEU202 Bagless Upright Vacuum Cleaner, Part E0202 (4 Pack)</p><p>$9.99 ($2.50 / Count)</p><a href="https://www.amazon.com/dp/B07WHG6J5S?tag=eloabder-20&linkCode=osi&th=1&psc=1">View Product</a></div><div class="product"><a href="https://www.amazon.com/dp/B00UTFZB82?tag=eloabder-20&linkCode=osi&th=1&psc=1"><img src="https://m.media-amazon.com/images/I/41WdlL5T0dL._SL500_.jpg" alt="Product Image"></a><p>Miele AirClean 3D Efficiency Dust Bag, Type FJM, 4 Bags & 2 Filters, White</p><p>$18.99</p><a href="https://www.amazon.com/dp/B00UTFZB82?tag=eloabder-20&linkCode=osi&th=1&psc=1">View Product</a></div><div class="product"><a href="https://www.amazon.com/dp/B09NKP346M?tag=eloabder-20&linkCode=osi&th=1&psc=1"><img src="https://m.media-amazon.com/images/I/41o25nqkODL._SL500_.jpg" alt="Product Image"></a><p>Anewise 6 Pack Filter Replacement for Bissell Powerforce Compact Lightweight Upright 2112 1520 for Bissel Turbo Bagless 2690 Cleanview 3437 3508 Vacuum Cleaner, Compare to Parts #1604896/160-4896</p><p>$12.99</p><a href="https://www.amazon.com/dp/B09NKP346M?tag=eloabder-20&linkCode=osi&th=1&psc=1">View Product</a></div><div class="product"><a href="https://www.amazon.com/dp/B01MQ5NITB?tag=eloabder-20&linkCode=osi&th=1&psc=1"><img src="https://m.media-amazon.com/images/I/41J6lG4H1bL._SL500_.jpg" alt="Product Image"></a><p>Bissell Style 7 3 Pack Vacuum Cleaner Bags, White, 3 Count</p><p>$8.69 ($2.90 / Count)</p><a href="https://www.amazon.com/dp/B01MQ5NITB?tag=eloabder-20&linkCode=osi&th=1&psc=1">View Product</a></div><div class="product"><a href="https://www.amazon.com/dp/B0CDH1JY5D?tag=eloabder-20&linkCode=osi&th=1&psc=1"><img src="https://m.media-amazon.com/images/I/516DPXu4siL._SL500_.jpg" alt="Product Image"></a><p>4 Pack Replacement Filters Compatiable with Wyze Cordless Vacuum Cleaner, Removable and Washable HEPA Filter Accessories Part Set with 1 Cleaning Brush for Wyze Handheld Cordless Vacuum Cleaner</p><p>$15.99 ($4.00 / Count)</p><a href="https://www.amazon.com/dp/B0CDH1JY5D?tag=eloabder-20&linkCode=osi&th=1&psc=1">View Product</a></div><div class="product"><a href="https://www.amazon.com/dp/B07P3WB37F?tag=eloabder-20&linkCode=osi&th=1&psc=1"><img src="https://m.media-amazon.com/images/I/51WaYrkiVXL._SL500_.jpg" alt="Product Image"></a><p>Miele AirClean 3D Efficiency Dust Bag, Type GN, XL Value Pack, 8 Bags and 4 Filters</p><p>$36.99</p><a href="https://www.amazon.com/dp/B07P3WB37F?tag=eloabder-20&linkCode=osi&th=1&psc=1">View Product</a></div><div class="product"><a href="https://www.amazon.com/dp/B09DSY4Z2T?tag=eloabder-20&linkCode=osi&th=1&psc=1"><img src="https://m.media-amazon.com/images/I/51+ref3EeAL._SL500_.jpg" alt="Product Image"></a><p>Filter Replacement for Tineco A10 A11 Hero A10/A11 Master PURE ONE S11 Series, S12, X Cordless Vacuum Cleaner (3 PACK) â€¦</p><p>$12.99 ($4.33 / Count)</p><a href="https://www.amazon.com/dp/B09DSY4Z2T?tag=eloabder-20&linkCode=osi&th=1&psc=1">View Product</a></div>


<div class="product"><a href="https://www.amazon.com/dp/B0BXRR5QFV?tag=eloabder-20&linkCode=osi&th=1&psc=1"><img src="https://m.media-amazon.com/images/I/41sjdBkCp8L._SL500_.jpg" alt="Product Image"></a><p>AC Infinity CLOUDFORGE T7, Plant Humidifier 15L with VPD Humidity Controls, 10-Level Precision Vaporizer, Extendable Hose, Targeting Pipe, and No-Leak Seal for Grow Tents</p><p>$159.00</p><a href="https://www.amazon.com/dp/B0BXRR5QFV?tag=eloabder-20&linkCode=osi&th=1&psc=1">View Product</a></div><div class="product"><a href="https://www.amazon.com/dp/B01N6MV8SA?tag=eloabder-20&linkCode=osi&th=1&psc=1"><img src="https://m.media-amazon.com/images/I/41hX08+W1xL._SL500_.jpg" alt="Product Image"></a><p>Protec Humidifier Tank Cleaner, 1 Count - Colors May Vary</p><p>$5.98</p><a href="https://www.amazon.com/dp/B01N6MV8SA?tag=eloabder-20&linkCode=osi&th=1&psc=1">View Product</a></div><div class="product"><a href="https://www.amazon.com/dp/B07GXBTH82?tag=eloabder-20&linkCode=osi&th=1&psc=1"><img src="https://m.media-amazon.com/images/I/41ibxK12JPL._SL500_.jpg" alt="Product Image"></a><p>Essick Air 1970-2 Humidifier, 2-Quart Bacteriostatic Treatment, 2 Pack, Clear, 2</p><p>$22.99</p><a href="https://www.amazon.com/dp/B07GXBTH82?tag=eloabder-20&linkCode=osi&th=1&psc=1">View Product</a></div><div class="product"><a href="https://www.amazon.com/dp/B08TTT3K9B?tag=eloabder-20&linkCode=osi&th=1&psc=1"><img src="https://m.media-amazon.com/images/I/41U6j9SexmL._SL500_.jpg" alt="Product Image"></a><p>Leemone Humidifier Cleaner 12 Pack, Demineralization Cleaning Ball, Works in All humidifiers and Fish Tanks, Purifies Water, Prevents Hard Water Build-Up, Eliminates White Dust and Odor</p><p>$14.44</p><a href="https://www.amazon.com/dp/B08TTT3K9B?tag=eloabder-20&linkCode=osi&th=1&psc=1">View Product</a></div>
<div class="product"><a href="https://www.amazon.com/dp/B07YD4XCT3?tag=eloabder-20&linkCode=osi&th=1&psc=1"><img src="https://m.media-amazon.com/images/I/41hR81iKyJL._SL500_.jpg" alt="Product Image"></a><p>Vacplus Moisture Absorber Packets, Fragrance Free(10 Pack), Humidity Packs, Hanging Closet Dehumidifier Bags, Desiccant 9.8OZ</p><p>$21.99</p><a href="https://www.amazon.com/dp/B07YD4XCT3?tag=eloabder-20&linkCode=osi&th=1&psc=1">View Product</a></div><div class="product"><a href="https://www.amazon.com/dp/B09LQF5V5K?tag=eloabder-20&linkCode=osi&th=1&psc=1"><img src="https://m.media-amazon.com/images/I/51Cx5ECAotL._SL500_.jpg" alt="Product Image"></a><p>CLEVAST Moisture Absorbers Packets 10 Pack, Dehumidifier Bags for Closet, Unscented Hanging Humidity Absorber in Wardrobes, Bedrooms, Bathrooms(230g/pack)</p><p>$16.98</p><a href="https://www.amazon.com/dp/B09LQF5V5K?tag=eloabder-20&linkCode=osi&th=1&psc=1">View Product</a></div><div class="product"><a href="https://www.amazon.com/dp/B0B8L9QRW8?tag=eloabder-20&linkCode=osi&th=1&psc=1"><img src="https://m.media-amazon.com/images/I/518LgtpPi8L._SL500_.jpg" alt="Product Image"></a><p>Arm & Hammer Essentials Disposable Moisture Absorber and Odor Eliminator Tub, Fragrance Free, 1 lb, 3-Pack, Attracts and Traps Excess Moisture, Ideal Closet Dehumidifier, White</p><p>$24.94 ($0.52 / Ounce)</p><a href="https://www.amazon.com/dp/B0B8L9QRW8?tag=eloabder-20&linkCode=osi&th=1&psc=1">View Product</a></div><div class="product"><a href="https://www.amazon.com/dp/B09W9TPJGZ?tag=eloabder-20&linkCode=osi&th=1&psc=1"><img src="https://m.media-amazon.com/images/I/51pVTVMwHbL._SL500_.jpg" alt="Product Image"></a><p>THECOSKY Dehumidifier and Air Purifier Combo,HEPA H13 Filter and Negative Air Ion Function,54oz(1.6L) Water Tank with Drain Hose,24hrs Auto-Off Timer,Idea for Bedroom,Bathroom,Closet,RV</p><p>$109.99</p><a href="https://www.amazon.com/dp/B09W9TPJGZ?tag=eloabder-20&linkCode=osi&th=1&psc=1">View Product</a></div><div class="product"><a href="https://www.amazon.com/dp/B0CXDG65LZ?tag=eloabder-20&linkCode=osi&th=1&psc=1"><img src="https://m.media-amazon.com/images/I/41HNflmbKHL._SL500_.jpg" alt="Product Image"></a><p>14 x 17.5 x1.75 MERV 13 Replacement Dehumidifier Filter Compatible with Santa Fe Advance90, Advance100, Advance120, Honeywell DR90 & DR120 dehumidifier models, 2 Pack</p><p>$42.99</p><a href="https://www.amazon.com/dp/B0CXDG65LZ?tag=eloabder-20&linkCode=osi&th=1&psc=1">View Product</a></div>
<div class="product"><a href="https://www.amazon.com/dp/B088B921NQ?tag=eloabder-20&linkCode=osi&th=1&psc=1"><img src="https://m.media-amazon.com/images/I/612e4cT3RYL._SL500_.jpg" alt="Product Image"></a><p>ULTTY H13 HEPA Replacement Filter with Medical Coating, True HEPA Filter For R021/ R020 Purifying Fan, Medium</p><p>$29.99</p><a href="https://www.amazon.com/dp/B088B921NQ?tag=eloabder-20&linkCode=osi&th=1&psc=1">View Product</a></div><div class="product"><a href="https://www.amazon.com/dp/B0D2MZ4Y7Z?tag=eloabder-20&linkCode=osi&th=1&psc=1"><img src="https://m.media-amazon.com/images/I/51KgTHizWyL._SL500_.jpg" alt="Product Image"></a><p>Butto 5-Pack Ceiling Fan Filters for Blades - Strong Adhesive Ceiling Fan Filters for Common Household Contaminants - Unscented Coconut Carbon Fan Air Purifier Pads to Make Air Fresh and Natural</p><p>$9.98</p><a href="https://www.amazon.com/dp/B0D2MZ4Y7Z?tag=eloabder-20&linkCode=osi&th=1&psc=1">View Product</a></div><div class="product"><a href="https://www.amazon.com/dp/B0C42HCM21?tag=eloabder-20&linkCode=osi&th=1&psc=1"><img src="https://m.media-amazon.com/images/I/31jk3lpoygL._SL500_.jpg" alt="Product Image"></a><p>Barnakl Ceiling Fan Filters | Activated Coconut Shell Carbon Filter | Easy-Stick Universal Ceiling Fan Air Filters | Unscented Ceiling Fan Blade Filters for Common Household Contaminants, (3-Count)</p><p>$19.99 ($6.66 / Count)</p><a href="https://www.amazon.com/dp/B0C42HCM21?tag=eloabder-20&linkCode=osi&th=1&psc=1">View Product</a></div>
<div class="product"><a href="https://www.amazon.com/dp/B08LZWP29P?tag=eloabder-20&linkCode=osi&th=1&psc=1"><img src="https://m.media-amazon.com/images/I/41NLuzzFW9L._SL500_.jpg" alt="Product Image"></a><p>Chromex Tankless Water Heater Descaling Solution | Highly Effective Descaler Restores Heating Efficiency, Quart, 32 fl oz (1)</p><p>$26.99</p><a href="https://www.amazon.com/dp/B08LZWP29P?tag=eloabder-20&linkCode=osi&th=1&psc=1">View Product</a></div>

<div class="product"><a href="https://www.amazon.com/dp/B005UO4OWQ?tag=eloabder-20&linkCode=osi&th=1&psc=1"><img src="https://m.media-amazon.com/images/I/41oQPKFofoL._SL500_.jpg" alt="Product Image"></a><p>Bissell 203-7458 Brushroll, Bg10/86T3, Black</p><p>$21.26 ($21.26 / Count)</p><a href="https://www.amazon.com/dp/B005UO4OWQ?tag=eloabder-20&linkCode=osi&th=1&psc=1">View Product</a></div>





















<div class="product"><a href="https://www.amazon.com/dp/B0014J7FUY?tag=eloabder-20&linkCode=osi&th=1&psc=1"><img src="https://m.media-amazon.com/images/I/31QrM+IPxOL._SL500_.jpg" alt="Product Image"></a><p>Urnex Grindz Professional Coffee Grinder Cleaning Tablets - 430 Grams - All Natural Food Safe Gluten Free - Cleans Burr and Casing - Help Extend Life of Your Grinder</p><p>$25.99 ($1.71 / Ounce)</p><a href="https://www.amazon.com/dp/B0014J7FUY?tag=eloabder-20&linkCode=osi&th=1&psc=1">View Product</a></div>



<div class="product"><a href="https://www.amazon.com/dp/B0CHW317SG?tag=eloabder-20&linkCode=osi&th=1&psc=1"><img src="https://m.media-amazon.com/images/I/41Qd5Iu3qBL._SL500_.jpg" alt="Product Image"></a><p>EUHOMY 55 Can Beverage Refrigerator cooler-Mini Fridge Glass Door for Beer Drinks Wines, Freestanding Beverage Fridge with Adjustable Shelves Blue LED for Home/Office/Dorm/Bar (1.3cu.ft)</p><p>$128.99</p><a href="https://www.amazon.com/dp/B0CHW317SG?tag=eloabder-20&linkCode=osi&th=1&psc=1">View Product</a></div>

<div class="product"><a href="https://www.amazon.com/dp/B099CN2MRK?tag=eloabder-20&linkCode=osi&th=1&psc=1"><img src="https://m.media-amazon.com/images/I/31CvUCIUX5L._SL500_.jpg" alt="Product Image"></a><p>Genuine PuroAir 240 Replacement Filter - Replacement HEPA Filter for PuroAir 240 Purifier - Captures up to 99% of Pollen, Smoke, Pollen, Dust and Common Household Pollutants</p><p>$48.00</p><a href="https://www.amazon.com/dp/B099CN2MRK?tag=eloabder-20&linkCode=osi&th=1&psc=1">View Product</a></div><div class="product"><a href="https://www.amazon.com/dp/B0055521W0?tag=eloabder-20&linkCode=osi&th=1&psc=1"><img src="https://m.media-amazon.com/images/I/41Hs7ixdyXL._SL500_.jpg" alt="Product Image"></a><p>GermGuardian Filter B HEPA Pure Genuine Air Purifier Replacement Filter, Removes 99.97% of Pollutants for AC4825, AC4300, AC4900, AC4825DLX, AC4850, CDAP4500, AP2200, Black/Yellow, FLT4825</p><p>$17.90 ($17.90 / Count)</p><a href="https://www.amazon.com/dp/B0055521W0?tag=eloabder-20&linkCode=osi&th=1&psc=1">View Product</a></div><div class="product"><a href="https://www.amazon.com/dp/B0BNMYKZPV?tag=eloabder-20&linkCode=osi&th=1&psc=1"><img src="https://m.media-amazon.com/images/I/41-K3mB6KkL._SL500_.jpg" alt="Product Image"></a><p>2 Pack True HEPA KILO Filter Compatible with Afloia KILO, KILOPLUS, KILOPRO, MIRO,MIRO PRO and MORENTO MR-Kilo, Kalo Air Purifier, 360Â° 3-Stage Filtration</p><p>$34.99 ($17.50 / Count)</p><a href="https://www.amazon.com/dp/B0BNMYKZPV?tag=eloabder-20&linkCode=osi&th=1&psc=1">View Product</a></div><div class="product"><a href="https://www.amazon.com/dp/B0D3M4Y9W7?tag=eloabder-20&linkCode=osi&th=1&psc=1"><img src="https://m.media-amazon.com/images/I/41tzW+mkZuL._SL500_.jpg" alt="Product Image"></a><p>Breshair 14 True HEPA Filter Replacement Compatible with PuroAir 240 Air Purifier, 3-in-1 Filtration System with Activated Carbon Filter, 2-Pack</p><p>$31.56 ($15.78 / Count)</p><a href="https://www.amazon.com/dp/B0D3M4Y9W7?tag=eloabder-20&linkCode=osi&th=1&psc=1">View Product</a></div><div class="product"><a href="https://www.amazon.com/dp/B0CB18MVX6?tag=eloabder-20&linkCode=osi&th=1&psc=1"><img src="https://m.media-amazon.com/images/I/519ZmmLOrzL._SL500_.jpg" alt="Product Image"></a><p>2 Pack 3-in-1 H13 True HEPA Replacement Filter Compatible with Pure Enrichment PureZone Air Purifier Part# PEAIRPLG</p><p>$23.99 ($12.00 / Count)</p><a href="https://www.amazon.com/dp/B0CB18MVX6?tag=eloabder-20&linkCode=osi&th=1&psc=1">View Product</a></div><div class="product"><a href="https://www.amazon.com/dp/B08JTZMRML?tag=eloabder-20&linkCode=osi&th=1&psc=1"><img src="https://m.media-amazon.com/images/I/51yx60sCjHL._SL500_.jpg" alt="Product Image"></a><p>6 Pack HPA300 HEPA Filter Replacement for Honeywell HPA300 Series Air Purifiers HPA300, HPA300VP, HPA304, HPA3300, Replace HRF-R3 (6 Ture HEPA R Replacement Filter + 8 Activated Carbon Pre-Filter)</p><p>$47.99 ($3.43 / Count)</p><a href="https://www.amazon.com/dp/B08JTZMRML?tag=eloabder-20&linkCode=osi&th=1&psc=1">View Product</a></div><div class="product"><a href="https://www.amazon.com/dp/B0CF1GLSYS?tag=eloabder-20&linkCode=osi&th=1&psc=1"><img src="https://m.media-amazon.com/images/I/41709EXRzXL._SL500_.jpg" alt="Product Image"></a><p>CHIVALZ 4 Pack HY4866 True HEPA Replacement Filters Compatible with MORENTO HY4866 Air Purifier, WESTHEY HY4866 Air Purifier and YIOU M1 Air Cleaner Purifier, Original Version</p><p>$39.99 ($10.00 / Count)</p><a href="https://www.amazon.com/dp/B0CF1GLSYS?tag=eloabder-20&linkCode=osi&th=1&psc=1">View Product</a></div>







<div class="product"><a href="https://www.amazon.com/dp/B0CYKMFKR9?tag=eloabder-20&linkCode=osi&th=1&psc=1"><img src="https://m.media-amazon.com/images/I/316zU-ozoxL._SL500_.jpg" alt="Product Image"></a><p>Air Purifier Replacement Filter for Space Heater Bladeless Fan</p><p>$29.99</p><a href="https://www.amazon.com/dp/B0CYKMFKR9?tag=eloabder-20&linkCode=osi&th=1&psc=1">View Product</a></div>
<div class="product"><a href="https://www.amazon.com/dp/B07MRH6VY7?tag=eloabder-20&linkCode=osi&th=1&psc=1"><img src="https://m.media-amazon.com/images/I/51g-nuN4A5L._SL500_.jpg" alt="Product Image"></a><p>Colorfullife Replacement Air Purifier Filter for Dyson Tower Purifier Pure Cool Link TP01, TP02, TP03, BP01, Compare to Part 968126-03ï¼Œ2 Pack</p><p>$26.99</p><a href="https://www.amazon.com/dp/B07MRH6VY7?tag=eloabder-20&linkCode=osi&th=1&psc=1">View Product</a></div><div class="product"><a href="https://www.amazon.com/dp/B07TX5SW7J?tag=eloabder-20&linkCode=osi&th=1&psc=1"><img src="https://m.media-amazon.com/images/I/512Kn+cPglL._SL500_.jpg" alt="Product Image"></a><p>TP01 HEPA Filter Replacement Compatible with Dyson Tower Purifier Pure Cool Link TP01, TP02, TP03, AM11, BP01 Models, Compare to Part # 968126-03 (Pack of 2)</p><p>$27.95 ($13.98 / Count)</p><a href="https://www.amazon.com/dp/B07TX5SW7J?tag=eloabder-20&linkCode=osi&th=1&psc=1">View Product</a></div><div class="product"><a href="https://www.amazon.com/dp/B0CC24GZGB?tag=eloabder-20&linkCode=osi&th=1&psc=1"><img src="https://m.media-amazon.com/images/I/41woNpZ9VgL._SL500_.jpg" alt="Product Image"></a><p>TP01 TP02 Filter Compatible with Dyson Pure Cool Link Purifying Tower Fan TP00 TP03 AM11 and Cool Me BP01 Personal Series, 360Â° Air Purifier Filter Replacement 968126-03, 1-Pack</p><p>$25.99</p><a href="https://www.amazon.com/dp/B0CC24GZGB?tag=eloabder-20&linkCode=osi&th=1&psc=1">View Product</a></div><div class="product"><a href="https://www.amazon.com/dp/B0CX23N2JJ?tag=eloabder-20&linkCode=osi&th=1&psc=1"><img src="https://m.media-amazon.com/images/I/3145hmd5j7L._SL500_.jpg" alt="Product Image"></a><p>Dreo Air Purifiers Replacement Filter, HEPA Filter for Dreo Purifier Tower Fan MC710S, with 2 Stage Filtration, Black, Standard(DR-HPA019)</p><p>$39.99</p><a href="https://www.amazon.com/dp/B0CX23N2JJ?tag=eloabder-20&linkCode=osi&th=1&psc=1">View Product</a></div>










<div class="product"><a href="https://www.amazon.com/dp/B001U0OJ7O?tag=eloabder-20&linkCode=osi&th=1&psc=1"><img src="https://m.media-amazon.com/images/I/41XEg3QV-wL._SL500_.jpg" alt="Product Image"></a><p>Whirlpool W10165294RB 15-Inch Plastic Trash Compactor ct, 60 Bags, Count</p><p>$48.34</p><a href="https://www.amazon.com/dp/B001U0OJ7O?tag=eloabder-20&linkCode=osi&th=1&psc=1">View Product</a></div><div class="product"><a href="https://www.amazon.com/dp/B0CC3V4ZZ4?tag=eloabder-20&linkCode=osi&th=1&psc=1"><img src="https://m.media-amazon.com/images/I/31bbvodHnjL._SL500_.jpg" alt="Product Image"></a><p>Waste Smasher- Hand-Held Manual Trash Compactor Dishwasher Safe Black</p><p>$24.95</p><a href="https://www.amazon.com/dp/B0CC3V4ZZ4?tag=eloabder-20&linkCode=osi&th=1&psc=1">View Product</a></div><div class="product"><a href="https://www.amazon.com/dp/B00IYO5914?tag=eloabder-20&linkCode=osi&th=1&psc=1"><img src="https://m.media-amazon.com/images/I/51SLpTXIYNL._SL500_.jpg" alt="Product Image"></a><p>Kitchen Master Super Strong Compactor Bags Pre Cuffed (12 Pack)</p><p>$34.95</p><a href="https://www.amazon.com/dp/B00IYO5914?tag=eloabder-20&linkCode=osi&th=1&psc=1">View Product</a></div><div class="product"><a href="https://www.amazon.com/dp/B075DJ4ZVQ?tag=eloabder-20&linkCode=osi&th=1&psc=1"><img src="https://m.media-amazon.com/images/I/51Vaek4I89L._SL500_.jpg" alt="Product Image"></a><p>Dano Pre-Cuffed Compactor Bags</p><p>$32.95 ($2.75 / Count)</p><a href="https://www.amazon.com/dp/B075DJ4ZVQ?tag=eloabder-20&linkCode=osi&th=1&psc=1">View Product</a></div><div class="product"><a href="https://www.amazon.com/dp/B0C2DCVCBJ?tag=eloabder-20&linkCode=osi&th=1&psc=1"><img src="https://m.media-amazon.com/images/I/51072CtaKuL._SL500_.jpg" alt="Product Image"></a><p>60-pack W10165294RB Trash Compactor Bags - leak-proof trash compactor bags for kitchen 60-ct 15 inches - Fits 15-inch Rectangular Drawer Compactors</p><p>$45.99 ($0.77 / Count)</p><a href="https://www.amazon.com/dp/B0C2DCVCBJ?tag=eloabder-20&linkCode=osi&th=1&psc=1">View Product</a></div><div class="product"><a href="https://www.amazon.com/dp/B001U0OJ7E?tag=eloabder-20&linkCode=osi&th=1&psc=1"><img src="https://m.media-amazon.com/images/I/41c0z26RyvL._SL500_.jpg" alt="Product Image"></a><p>Whirlpool W10165293RB Genuine OEM 60 Pack-Plastic Compactor Bags-18" Models â€“ 1394369, 4178058, 4318932, 4318933, 4318935, 4318937, 4318939, AH1964576, EA1964576, PS1964576</p><p>$48.64 ($0.81 / Count)</p><a href="https://www.amazon.com/dp/B001U0OJ7E?tag=eloabder-20&linkCode=osi&th=1&psc=1">View Product</a></div><div class="product"><a href="https://www.amazon.com/dp/B00W27J16S?tag=eloabder-20&linkCode=osi&th=1&psc=1"><img src="https://m.media-amazon.com/images/I/41RaOjAGlrL._SL500_.jpg" alt="Product Image"></a><p>Compactor Bags Pre Cuffed (50 Pack)</p><p>$84.95 ($1.70 / count)</p><a href="https://www.amazon.com/dp/B00W27J16S?tag=eloabder-20&linkCode=osi&th=1&psc=1">View Product</a></div><div class="product"><a href="https://www.amazon.com/dp/B00MOCYY2W?tag=eloabder-20&linkCode=osi&th=1&psc=1"><img src="https://m.media-amazon.com/images/I/41SH8mDsAnL._SL500_.jpg" alt="Product Image"></a><p>GE WX60X1 Genuine OEM Universal Trash Compactor Bags for GE Trash Compactors</p><p>$19.00</p><a href="https://www.amazon.com/dp/B00MOCYY2W?tag=eloabder-20&linkCode=osi&th=1&psc=1">View Product</a></div><div class="product"><a href="https://www.amazon.com/dp/B0D7SFSTNG?tag=eloabder-20&linkCode=osi&th=1&psc=1"><img src="https://m.media-amazon.com/images/I/41szt9tZJPL._SL500_.jpg" alt="Product Image"></a><p>4PCS Trash Compactor Charcoal Air Filter Fit for Whirlpool/KitchenAid/Maytag/Jenn-Air/Amana/Inglis/Magic Chef Trash Compactor, Replaces 4151750 554358 WP4151750 AP6009134 PS11742279</p><p>$23.59 ($5.90 / Count)</p><a href="https://www.amazon.com/dp/B0D7SFSTNG?tag=eloabder-20&linkCode=osi&th=1&psc=1">View Product</a></div>
<div class="product"><a href="https://www.amazon.com/dp/B0CGLX5ZB9?tag=eloabder-20&linkCode=osi&th=1&psc=1"><img src="https://m.media-amazon.com/images/I/51qeRZQS98L._SL500_.jpg" alt="Product Image"></a><p>Spare Replacement Parts Compatible with MAMNV BR150 BR151, ZCWA BR150 BR151, MANVINS G20 Robot Vacuum and Mop Combo Accessories Include: 3 Hepa Filters 3 Mop Pads 6 Side Spin Brushes</p><p>$9.98</p><a href="https://www.amazon.com/dp/B0CGLX5ZB9?tag=eloabder-20&linkCode=osi&th=1&psc=1">View Product</a></div><div class="product"><a href="https://www.amazon.com/dp/B0B28DGZBG?tag=eloabder-20&linkCode=osi&th=1&psc=1"><img src="https://m.media-amazon.com/images/I/51ooMN4RqML._SL500_.jpg" alt="Product Image"></a><p>Replacement Parts for Shark AI AV2511AE AV2501S AV2610WA AV2501AE RV2502AE RV2610WA RV2520 AV2510 2-In-1 AI Ultra Robot Vacuum Cleaner Accessories Kits. Main Brush, HEPA Filter, Foam Filter,Side Brush</p><p>$19.99 ($1.05 / Count)</p><a href="https://www.amazon.com/dp/B0B28DGZBG?tag=eloabder-20&linkCode=osi&th=1&psc=1">View Product</a></div><div class="product"><a href="https://www.amazon.com/dp/B0782T7L6P?tag=eloabder-20&linkCode=osi&th=1&psc=1"><img src="https://m.media-amazon.com/images/I/41hTVkuzMJL._SL500_.jpg" alt="Product Image"></a><p>10pcs HEPA Filters Replacement for ILIFE V3s V3s pro V5 V5s V5s Pro V5s Pro 2 V5s Plus Noisz S5 Robotic Vacuum Cleaner ILIFE V3s pro Filters ILIFE Robot Vacuum Filter</p><p>$9.80 ($0.98 / Count)</p><a href="https://www.amazon.com/dp/B0782T7L6P?tag=eloabder-20&linkCode=osi&th=1&psc=1">View Product</a></div><div class="product"><a href="https://www.amazon.com/dp/B0CXLVHTTC?tag=eloabder-20&linkCode=osi&th=1&psc=1"><img src="https://m.media-amazon.com/images/I/51BT3phYzKL._SL500_.jpg" alt="Product Image"></a><p>HUIZHEN Spare Accessories for MAMNV BR150/BR151, for ZCWA BR150/BR151, for MANVINS G20,for GTTVO BR150/BR151,for ONSON BR150/BR151 Robot Vacuum Replacement Parts,6 Side Brush,4 HEPA Filters,4 Mop Pads</p><p>$9.99</p><a href="https://www.amazon.com/dp/B0CXLVHTTC?tag=eloabder-20&linkCode=osi&th=1&psc=1">View Product</a></div><div class="product"><a href="https://www.amazon.com/dp/B08RYDDQL8?tag=eloabder-20&linkCode=osi&th=1&psc=1"><img src="https://m.media-amazon.com/images/I/314Xd7+oBXL._SL500_.jpg" alt="Product Image"></a><p>AirClean 4 Pack 3.7" High Replacement Base Pre-Motor Foam Filters Compatible with Shark IQ Robot Vacuum R101AE RV1001AE UR1005AE Self-Empty Base</p><p>$12.99 ($3.25 / Count)</p><a href="https://www.amazon.com/dp/B08RYDDQL8?tag=eloabder-20&linkCode=osi&th=1&psc=1">View Product</a></div><div class="product"><a href="https://www.amazon.com/dp/B0CJLHJ557?tag=eloabder-20&linkCode=osi&th=1&psc=1"><img src="https://m.media-amazon.com/images/I/41iQm8hUjiL._SL500_.jpg" alt="Product Image"></a><p>Replacement Parts Compatible with WYZE Robot Vacuum Cleaner WVCR200S Accessories, 2 Main Brushes, 6 Hepa Filters, 8 Side Brushes Attachment Spare Pack</p><p>$14.99 ($0.94 / Count)</p><a href="https://www.amazon.com/dp/B0CJLHJ557?tag=eloabder-20&linkCode=osi&th=1&psc=1">View Product</a></div>
<div class="product"><a href="https://www.amazon.com/dp/B0C4595Q8P?tag=eloabder-20&linkCode=osi&th=1&psc=1"><img src="https://m.media-amazon.com/images/I/51k23SAtRxL._SL500_.jpg" alt="Product Image"></a><p>4 Pack FSV001 HEPA Filter Compatiable with Fabuletta FSV101, FSV001, Girnoor G160&G165, Afoddon A300, Lubluelu 202, Oraimo Cordless Vacuum Cleaner, Besswin W26 Cordless Stick Vacuum Cleaners</p><p>$15.99 ($4.00 / Count)</p><a href="https://www.amazon.com/dp/B0C4595Q8P?tag=eloabder-20&linkCode=osi&th=1&psc=1">View Product</a></div>
<div class="product"><a href="https://www.amazon.com/dp/B0BNKJX96X?tag=eloabder-20&linkCode=osi&th=1&psc=1"><img src="https://m.media-amazon.com/images/I/41OPeLFppoL._SL500_.jpg" alt="Product Image"></a><p>6 PACK 2033 Replacement Filter Compatible with Bissell Featherweight Stick Lightweight Bagless Vacuum Cleaner 20331, 20333, 20334, 20336, 20339, 2033M,6 Mesh Filter 6 Foam Filters, Replace # 1611508</p><p>$14.99 ($2.50 / Count)</p><a href="https://www.amazon.com/dp/B0BNKJX96X?tag=eloabder-20&linkCode=osi&th=1&psc=1">View Product</a></div><div class="product"><a href="https://www.amazon.com/dp/B0CMBWLTSM?tag=eloabder-20&linkCode=osi&th=1&psc=1"><img src="https://m.media-amazon.com/images/I/41PHqKaLTDL._SL500_.jpg" alt="Product Image"></a><p>18V ONE + Cordless Pet Stick Vacuum Filter for Ryobi, PCL720, PBLSV716, PBLSV717 Stick Vacuum, Reusable Washable Filters, Compare to Part A32SV720N, 6 Pack</p><p>$15.99 ($2.66 / Count)</p><a href="https://www.amazon.com/dp/B0CMBWLTSM?tag=eloabder-20&linkCode=osi&th=1&psc=1">View Product</a></div><div class="product"><a href="https://www.amazon.com/dp/B0CXDYWWT9?tag=eloabder-20&linkCode=osi&th=1&psc=1"><img src="https://m.media-amazon.com/images/I/41F1csTT8jL._SL500_.jpg" alt="Product Image"></a><p>2 Replacement Filters for Craftsman V20 Cordless Stick Vacuum CMCVS001D1, for Black Decker BSVF1 BSV2020 BSV2020G BSV2020P Cordless Stick Vacuum Cleaner with 1 Cleaning Brush</p><p>$14.99</p><a href="https://www.amazon.com/dp/B0CXDYWWT9?tag=eloabder-20&linkCode=osi&th=1&psc=1">View Product</a></div><div class="product"><a href="https://www.amazon.com/dp/B0CCJ5N5DH?tag=eloabder-20&linkCode=osi&th=1&psc=1"><img src="https://m.media-amazon.com/images/I/41xmhDPqk8L._SL500_.jpg" alt="Product Image"></a><p>Aolleteau 1 Pack Brush Roller Compatible with Black + Decker BSV2020, BSV2020P, BSV2020G Powerseries Extreme Cordless Stick Vacuum and Compatible with Craftsman V20 Cordless Stick Vacuum CMCVS001D1</p><p>$17.99</p><a href="https://www.amazon.com/dp/B0CCJ5N5DH?tag=eloabder-20&linkCode=osi&th=1&psc=1">View Product</a></div><div class="product"><a href="https://www.amazon.com/dp/B0CQY61LFD?tag=eloabder-20&linkCode=osi&th=1&psc=1"><img src="https://m.media-amazon.com/images/I/31swBBC444L._SL500_.jpg" alt="Product Image"></a><p>Tablenco for Shark HZ602 Filter Replacement Ultralight Pet Pro Corded Stick Vacuum and HZ2002 Vertex DuoClean PowerFins fit HZ2000 HZ251 HZ250 HH200 HH202,4 Foam Felt 4 Motor Kit (No cleaning brush)</p><p>$9.98</p><a href="https://www.amazon.com/dp/B0CQY61LFD?tag=eloabder-20&linkCode=osi&th=1&psc=1">View Product</a></div><div class="product"><a href="https://www.amazon.com/dp/B09Q55KW8W?tag=eloabder-20&linkCode=osi&th=1&psc=1"><img src="https://m.media-amazon.com/images/I/51MKsJy6nSL._SL500_.jpg" alt="Product Image"></a><p>Anicell 2033 Featherweight Filter for Bissell Featherweight Stick Lightweight Bagless Vacuum 20331 20333 20334 20336 20339 2033M, 4 Mesh Filters 6 Foam Filters Replacement, Replace part# 1611508</p><p>$11.99</p><a href="https://www.amazon.com/dp/B09Q55KW8W?tag=eloabder-20&linkCode=osi&th=1&psc=1">View Product</a></div><div class="product"><a href="https://www.amazon.com/dp/B0CDVG7LHD?tag=eloabder-20&linkCode=osi&th=1&psc=1"><img src="https://m.media-amazon.com/images/I/41hjN1Te6sL._SL500_.jpg" alt="Product Image"></a><p>Moreffi 3 Pack Filter Replacement For HART Cordless Stick Vacuum HPSV01 and HPSV50, Compare to Part Number HASV01</p><p>$19.99 ($6.66 / Count)</p><a href="https://www.amazon.com/dp/B0CDVG7LHD?tag=eloabder-20&linkCode=osi&th=1&psc=1">View Product</a></div>
<div class="product"><a href="https://www.amazon.com/dp/B07DQ9TZC8?tag=eloabder-20&linkCode=osi&th=1&psc=1"><img src="https://m.media-amazon.com/images/I/41PHyZ20FuL._SL500_.jpg" alt="Product Image"></a><p>Kenmore 53294 Style O HEPA Cloth Vacuum Bags for Kenmore Upright Vacuum Cleaners 6 Pack,White</p><p>$20.99 ($3.50 / Count)</p><a href="https://www.amazon.com/dp/B07DQ9TZC8?tag=eloabder-20&linkCode=osi&th=1&psc=1">View Product</a></div><div class="product"><a href="https://www.amazon.com/dp/B08MXVTTT2?tag=eloabder-20&linkCode=osi&th=1&psc=1"><img src="https://m.media-amazon.com/images/I/41T6wRpIMzL._SL500_.jpg" alt="Product Image"></a><p>Kenmore IB600 HEPA Replacement Intuition Upright Vacuum Cleaner Bags for BU4022, BU4020, BU4018, BU4050, BU3040,White</p><p>$18.75</p><a href="https://www.amazon.com/dp/B08MXVTTT2?tag=eloabder-20&linkCode=osi&th=1&psc=1">View Product</a></div><div class="product"><a href="https://www.amazon.com/dp/B01010JVYO?tag=eloabder-20&linkCode=osi&th=1&psc=1"><img src="https://m.media-amazon.com/images/I/51Anluh47GL._SL500_.jpg" alt="Product Image"></a><p>EnviroCare Replacement Micro Filtration Vacuum Cleaner Dust Bags Designed to fit Hoover Windtunnel Upright Type Y 9 pack</p><p>$9.89 ($1.10 / Count)</p><a href="https://www.amazon.com/dp/B01010JVYO?tag=eloabder-20&linkCode=osi&th=1&psc=1">View Product</a></div><div class="product"><a href="https://www.amazon.com/dp/B0D5CP3WBY?tag=eloabder-20&linkCode=osi&th=1&psc=1"><img src="https://m.media-amazon.com/images/I/31MaGmsVOwL._SL500_.jpg" alt="Product Image"></a><p>Bagless Upright Kenmore Vacuum HEPA Filters, Compatible with Foam Filters, Felt Filters and Upright vacuum cleaner for Models K4010,DU2015,DU2012(includes 1 Hepa Filters,2 Foam and 2 Felt Filters)</p><p>$12.99</p><a href="https://www.amazon.com/dp/B0D5CP3WBY?tag=eloabder-20&linkCode=osi&th=1&psc=1">View Product</a></div><div class="product"><a href="https://www.amazon.com/dp/B0CBFV28WX?tag=eloabder-20&linkCode=osi&th=1&psc=1"><img src="https://m.media-amazon.com/images/I/51LIYI0wXSL._SL500_.jpg" alt="Product Image"></a><p>16 Packs Vacuum Bags for Oreck Type CC, Compatible with All Oreck XL Upright Vacuum Cleaner - Replaces Part # CCPK8DW</p><p>$21.99 ($1.37 / Count)</p><a href="https://www.amazon.com/dp/B0CBFV28WX?tag=eloabder-20&linkCode=osi&th=1&psc=1">View Product</a></div><div class="product"><a href="https://www.amazon.com/dp/B00F9GQMHA?tag=eloabder-20&linkCode=osi&th=1&psc=1"><img src="https://m.media-amazon.com/images/I/51lhelurelL._SL500_.jpg" alt="Product Image"></a><p>EnviroCare Replacement Premium Vacuum Cleaner Dust Bags made to fit Eureka F&G Uprights 9 bags</p><p>$11.09</p><a href="https://www.amazon.com/dp/B00F9GQMHA?tag=eloabder-20&linkCode=osi&th=1&psc=1">View Product</a></div><div class="product"><a href="https://www.amazon.com/dp/B002CI8G1I?tag=eloabder-20&linkCode=osi&th=1&psc=1"><img src="https://m.media-amazon.com/images/I/51PYQrQpbSL._SL500_.jpg" alt="Product Image"></a><p>EnviroCare Replacement Micro Filtration Vacuum Cleaner Dust Bags made to fit Kenmore Upright Type U/L/O 50688 and 50690, Panasonic Type U-2, Miele Type Z. 9 pack</p><p>$9.99</p><a href="https://www.amazon.com/dp/B002CI8G1I?tag=eloabder-20&linkCode=osi&th=1&psc=1">View Product</a></div>
<div class="product"><a href="https://www.amazon.com/dp/B07GNQJ67P?tag=eloabder-20&linkCode=osi&th=1&psc=1"><img src="https://m.media-amazon.com/images/I/41XHnKbgjAL._SL500_.jpg" alt="Product Image"></a><p>Kenmore 53292 Type Q HEPA Replacement Dust Bags for Canister Vacuum 81214, 81414, 81714, 21814, BC2005, BC3005, 81615, BC7005, 6 Count (Pack of 1)</p><p>$13.24 ($2.21 / Count)</p><a href="https://www.amazon.com/dp/B07GNQJ67P?tag=eloabder-20&linkCode=osi&th=1&psc=1">View Product</a></div><div class="product"><a href="https://www.amazon.com/dp/B01L0C0FVK?tag=eloabder-20&linkCode=osi&th=1&psc=1"><img src="https://m.media-amazon.com/images/I/51ZIjbo9NVL._SL500_.jpg" alt="Product Image"></a><p>Envirocare Replacement Vacuum Bags Compatible with Kenmore Canister Type C/Q. 5055, 50557 and 50558 Panasonic Type C-5 Vacuums,15 pack</p><p>$16.16</p><a href="https://www.amazon.com/dp/B01L0C0FVK?tag=eloabder-20&linkCode=osi&th=1&psc=1">View Product</a></div><div class="product"><a href="https://www.amazon.com/dp/B0BTRTP2PM?tag=eloabder-20&linkCode=osi&th=1&psc=1"><img src="https://m.media-amazon.com/images/I/41K295aRv9L._SL500_.jpg" alt="Product Image"></a><p>Vacuum Cleaner Bags Fit for Kenmore Canister Type C/Q 50555 50557 50558 and Type C-5, 10PCs</p><p>$15.99</p><a href="https://www.amazon.com/dp/B0BTRTP2PM?tag=eloabder-20&linkCode=osi&th=1&psc=1">View Product</a></div><div class="product"><a href="https://www.amazon.com/dp/B0CRQYGLZX?tag=eloabder-20&linkCode=osi&th=1&psc=1"><img src="https://m.media-amazon.com/images/I/413iXp+j3ML._SL500_.jpg" alt="Product Image"></a><p>15 Pack Canister Vacuum Cleaner Bags Compatible with Kenmore Canister Type C/Q 5055, 50555, 50557, 50558 and Type C-5, C-18, 53292, 200 Series, 400 Series, 600 Series, 700 Series, 800 Series Vacuum</p><p>$11.69</p><a href="https://www.amazon.com/dp/B0CRQYGLZX?tag=eloabder-20&linkCode=osi&th=1&psc=1">View Product</a></div><div class="product"><a href="https://www.amazon.com/dp/B00QGD3SBI?tag=eloabder-20&linkCode=osi&th=1&psc=1"><img src="https://m.media-amazon.com/images/I/51xw0asyqTL._SL500_.jpg" alt="Product Image"></a><p>EnviroCare Replacement Vacuum Bags made to fit Kenmore Canister Type C or Q 50555, 50558, 50557 and Panasonic Type C-5 Vacuums, 9 pack</p><p>$9.79</p><a href="https://www.amazon.com/dp/B00QGD3SBI?tag=eloabder-20&linkCode=osi&th=1&psc=1">View Product</a></div><div class="product"><a href="https://www.amazon.com/dp/B0CQP9NP5N?tag=eloabder-20&linkCode=osi&th=1&psc=1"><img src="https://m.media-amazon.com/images/I/41WnNkTz8zL._SL500_.jpg" alt="Product Image"></a><p>8 Pack Replacement Vacuum Bags Compatible with Kenmore Canister Type C/Q. 5055, 50104, 50557 and 50558 Panasonic Type C-5 Vacuums</p><p>$9.99 ($1.25 / Count)</p><a href="https://www.amazon.com/dp/B0CQP9NP5N?tag=eloabder-20&linkCode=osi&th=1&psc=1">View Product</a></div>
<div class="product"><a href="https://www.amazon.com/dp/B09M3Y2BHR?tag=eloabder-20&linkCode=osi&th=1&psc=1"><img src="https://m.media-amazon.com/images/I/31tevngai1L._SL500_.jpg" alt="Product Image"></a><p>Ymimi Vacuum Filter Compatible with Eureka WhirlWind Bagless Canister Vacuum Cleaner,Fits NEN110A,NEN110B,NEN110Dï¼ˆ2-Packï¼‰</p><p>$11.99 ($6.00 / Count)</p><a href="https://www.amazon.com/dp/B09M3Y2BHR?tag=eloabder-20&linkCode=osi&th=1&psc=1">View Product</a></div><div class="product"><a href="https://www.amazon.com/dp/B07J1WWBHN?tag=eloabder-20&linkCode=osi&th=1&psc=1"><img src="https://m.media-amazon.com/images/I/51gmkDrnR2L._SL500_.jpg" alt="Product Image"></a><p>Bissell Powerforce Helix Bagless Washable Premotor Filter #1608225, Black</p><p>$7.78</p><a href="https://www.amazon.com/dp/B07J1WWBHN?tag=eloabder-20&linkCode=osi&th=1&psc=1">View Product</a></div><div class="product"><a href="https://www.amazon.com/dp/B0BK64TMMK?tag=eloabder-20&linkCode=osi&th=1&psc=1"><img src="https://m.media-amazon.com/images/I/41OBMvET7eL._SL500_.jpg" alt="Product Image"></a><p>Vacuum Belt Replacement for Bissell Cleanview Swivel Pet Upright Bagless/Powerlifter Vacuum Cleaner, fits model: 2252, 2254, 22543, 2258,2259, 2260,2316, 2739, 1793, Parts # 3031120, 32074</p><p>$6.99</p><a href="https://www.amazon.com/dp/B0BK64TMMK?tag=eloabder-20&linkCode=osi&th=1&psc=1">View Product</a></div><div class="product"><a href="https://www.amazon.com/dp/B0BKKL3WRB?tag=eloabder-20&linkCode=osi&th=1&psc=1"><img src="https://m.media-amazon.com/images/I/410jMe-FjIL._SL500_.jpg" alt="Product Image"></a><p>Aolleteau F1 HEPA Filter Compatible with Dirt Devil Bagless Upright Cleaner Models Extra Lite, Breeze, Featherlite Bagless, Jaguar Bagless,Platinum Force Vision, Scorpion and Vision Bagless (2 Pack)</p><p>$13.99 ($7.00 / Count)</p><a href="https://www.amazon.com/dp/B0BKKL3WRB?tag=eloabder-20&linkCode=osi&th=1&psc=1">View Product</a></div><div class="product"><a href="https://www.amazon.com/dp/B09SG1P4WN?tag=eloabder-20&linkCode=osi&th=1&psc=1"><img src="https://m.media-amazon.com/images/I/51+Mr+Wq5ML._SL500_.jpg" alt="Product Image"></a><p>NEN110A Vacuum Filter, Inlet Frame and Sponge Filter Compatible with Eureka Whirlwind Bagless Canister Vacuum Cleaner, Fits NEN110A, NEN110B, NEN110D(4-Pack)</p><p>$15.99 ($4.00 / Count)</p><a href="https://www.amazon.com/dp/B09SG1P4WN?tag=eloabder-20&linkCode=osi&th=1&psc=1">View Product</a></div>
<div class="product"><a href="https://www.amazon.com/dp/B07GT9VB9X?tag=eloabder-20&linkCode=osi&th=1&psc=1"><img src="https://m.media-amazon.com/images/I/41IokheYtNL._SL500_.jpg" alt="Product Image"></a><p>6 Pack 1940 Bissell Steam Mop Pads for Bissell PowerFresh Steam Mop 1806 1544 1440 2075A 2685A 1940W 19404 Series, Model 19402 19408 1940a 1940f 1940q 1940t B0006 B0017, Part #5938#203-2633</p><p>$16.99 ($2.83 / Count)</p><a href="https://www.amazon.com/dp/B07GT9VB9X?tag=eloabder-20&linkCode=osi&th=1&psc=1">View Product</a></div><div class="product"><a href="https://www.amazon.com/dp/B07H3MYZLD?tag=eloabder-20&linkCode=osi&th=1&psc=1"><img src="https://m.media-amazon.com/images/I/511p6MPxQ0L._SL500_.jpg" alt="Product Image"></a><p>Flammi Steam Pocket Mop Replacement Pads for Shark S3500 Series S3501 S3601 S3550 S3901 SE450 S3801CO S3601D S2901 S2902 Steam Pocket Mop, 4 Pack</p><p>$16.97 ($4.24 / Count)</p><a href="https://www.amazon.com/dp/B07H3MYZLD?tag=eloabder-20&linkCode=osi&th=1&psc=1">View Product</a></div><div class="product"><a href="https://www.amazon.com/dp/B0C8SH97HN?tag=eloabder-20&linkCode=osi&th=1&psc=1"><img src="https://m.media-amazon.com/images/I/31Mex4y7odL._SL500_.jpg" alt="Product Image"></a><p>HOMEXCEL Steam Mop Replacement Pads Compatible with Bissell Powerfresh Steam Mop 1940 1806 1440 1544 Series, Model 19402 19404 19408 2685A 2075A 1940A 1940Q 1940T 1940W, Steam Mop Pads Refills,4 Pack</p><p>$9.99 ($2.50 / Count)</p><a href="https://www.amazon.com/dp/B0C8SH97HN?tag=eloabder-20&linkCode=osi&th=1&psc=1">View Product</a></div><div class="product"><a href="https://www.amazon.com/dp/B0BFWTXS33?tag=eloabder-20&linkCode=osi&th=1&psc=1"><img src="https://m.media-amazon.com/images/I/51pa2h7o0EL._SL500_.jpg" alt="Product Image"></a><p>12 Pack 1940 Steam Mop Replacement Pads for Bissell Powerfresh Steam Mop 1940 1440 1806 1544 2075 2685A 2814 Series, Model 19402 19404 19408 19409 1940A 1940F 1940Q 1940T 1940W B0006 B0017 2075A 15441</p><p>$24.99</p><a href="https://www.amazon.com/dp/B0BFWTXS33?tag=eloabder-20&linkCode=osi&th=1&psc=1">View Product</a></div><div class="product"><a href="https://www.amazon.com/dp/B0CLP5QGTY?tag=eloabder-20&linkCode=osi&th=1&psc=1"><img src="https://m.media-amazon.com/images/I/414HqpKde9L._SL500_.jpg" alt="Product Image"></a><p>10 Pack 1940 1806 2685A Steam Mop Pads For Bissell Powerfresh Steam Mop Deluxe Pet Lift-Off Plus Slim Scrubbing Steam Mop Replacement Pad 1940A 2814 1544A 2075A Power Fresh Steamer Pad Refill Washable</p><p>$22.99 ($2.30 / Count)</p><a href="https://www.amazon.com/dp/B0CLP5QGTY?tag=eloabder-20&linkCode=osi&th=1&psc=1">View Product</a></div><div class="product"><a href="https://www.amazon.com/dp/B078BBKBPV?tag=eloabder-20&linkCode=osi&th=1&psc=1"><img src="https://m.media-amazon.com/images/I/51WcJqtOUIL._SL500_.jpg" alt="Product Image"></a><p>Tidy Monster Steam Mop Replacement Pads Compatible with Bissell Powerfresh Steam Mop 1940 1806 1544 1440 2075A 2685A Series, Part # 5938 & 203-2633, 1606668 & 1606669 (4 Pack Scrub Plush)</p><p>$9.99</p><a href="https://www.amazon.com/dp/B078BBKBPV?tag=eloabder-20&linkCode=osi&th=1&psc=1">View Product</a></div><div class="product"><a href="https://www.amazon.com/dp/B00A6G37SU?tag=eloabder-20&linkCode=osi&th=1&psc=1"><img src="https://m.media-amazon.com/images/I/51xo0LB-SpL._SL500_.jpg" alt="Product Image"></a><p>BISSELL PowerFresh Steam Mop Pads (Pack of 2) with Fragrance discs (4 ct), 5938</p><p>$21.26 ($10.63 / Count)</p><a href="https://www.amazon.com/dp/B00A6G37SU?tag=eloabder-20&linkCode=osi&th=1&psc=1">View Product</a></div>
<div class="product"><a href="https://www.amazon.com/dp/B0D2QFVY7H?tag=eloabder-20&linkCode=osi&th=1&psc=1"><img src="https://m.media-amazon.com/images/I/417B7H+vvML._SL500_.jpg" alt="Product Image"></a><p>Kenmore KS1010 Deep Clean & Revitalize Pet Carpet Cleaner Formula, 64 oz, White, 64 Fl Oz</p><p>$22.73 ($0.36 / Fl Oz)</p><a href="https://www.amazon.com/dp/B0D2QFVY7H?tag=eloabder-20&linkCode=osi&th=1&psc=1">View Product</a></div><div class="product"><a href="https://www.amazon.com/dp/B0BNK8ZJJ1?tag=eloabder-20&linkCode=osi&th=1&psc=1"><img src="https://m.media-amazon.com/images/I/51z0Pc4xcNL._SL500_.jpg" alt="Product Image"></a><p>Bissell Spotlifter Pet Carpet and Upholstery Cleaner with Brush Head - 4 Pack, 93523</p><p>$23.88 ($0.50 / Fl Oz)</p><a href="https://www.amazon.com/dp/B0BNK8ZJJ1?tag=eloabder-20&linkCode=osi&th=1&psc=1">View Product</a></div><div class="product"><a href="https://www.amazon.com/dp/B0CX245D26?tag=eloabder-20&linkCode=osi&th=1&psc=1"><img src="https://m.media-amazon.com/images/I/411CSXvvO1L._SL500_.jpg" alt="Product Image"></a><p>BISSELLÂ® Spot & Stain with Febreze + Gain Original Scent Formula for Little Green Devices, Portable Carpet Cleaners (3968)</p><p>$12.99 ($0.41 / Fl Oz)</p><a href="https://www.amazon.com/dp/B0CX245D26?tag=eloabder-20&linkCode=osi&th=1&psc=1">View Product</a></div><div class="product"><a href="https://www.amazon.com/dp/B083VZW4R5?tag=eloabder-20&linkCode=osi&th=1&psc=1"><img src="https://m.media-amazon.com/images/I/413BULPLmBL._SL500_.jpg" alt="Product Image"></a><p>BISSELL Multi-Surface Pet Formula with Febreze Freshness for Crosswave (80 oz), 2295L</p><p>$22.99 ($0.29 / Fl Oz)</p><a href="https://www.amazon.com/dp/B083VZW4R5?tag=eloabder-20&linkCode=osi&th=1&psc=1">View Product</a></div><div class="product"><a href="https://www.amazon.com/dp/B0D2RGW219?tag=eloabder-20&linkCode=osi&th=1&psc=1"><img src="https://m.media-amazon.com/images/I/41gD+82tnAL._SL500_.jpg" alt="Product Image"></a><p>Vacmaster Clean & Restore Carpet Cleaner Formula â€“ CCS03</p><p>$19.99 ($0.31 / Fl Oz)</p><a href="https://www.amazon.com/dp/B0D2RGW219?tag=eloabder-20&linkCode=osi&th=1&psc=1">View Product</a></div>






<div class="product"><a href="https://www.amazon.com/dp/B0BY64HQTP?tag=eloabder-20&linkCode=osi&th=1&psc=1"><img src="https://m.media-amazon.com/images/I/41hUxHuASYL._SL500_.jpg" alt="Product Image"></a><p>Air Conditioning Motor WZDK13-38G-1(RD-310-13-8) DC Brushless Fan Motor, 13W Inverter air Conditioner Motor DC Motor for Central air Conditioner</p><p>$39.95</p><a href="https://www.amazon.com/dp/B0BY64HQTP?tag=eloabder-20&linkCode=osi&th=1&psc=1">View Product</a></div><div class="product"><a href="https://www.amazon.com/dp/B0CM5YB884?tag=eloabder-20&linkCode=osi&th=1&psc=1"><img src="https://m.media-amazon.com/images/I/310lQ2tAvLL._SL500_.jpg" alt="Product Image"></a><p>Sparkfix OEM WZDK20-38G (ZKFP-20-8-6) Air Conditioner Replacement Motors DC280V 20W Air Conditioning Fan Motor Inverter Air Conditioner Brushless DC Motor 1300RPM CCW</p><p>$42.79</p><a href="https://www.amazon.com/dp/B0CM5YB884?tag=eloabder-20&linkCode=osi&th=1&psc=1">View Product</a></div>













<div class="product"><a href="https://www.amazon.com/dp/B009PCI2JU?tag=eloabder-20&linkCode=osi&th=1&psc=1"><img src="https://m.media-amazon.com/images/I/310ZJurANUL._SL500_.jpg" alt="Product Image"></a><p>GE RPWFE Refrigerator Water Filter | Certified to Reduce Lead, Sulfur, and 50+ Other Impurities | Replace Every 6 Months for Best Results | Pack of 1</p><p>$49.98</p><a href="https://www.amazon.com/dp/B009PCI2JU?tag=eloabder-20&linkCode=osi&th=1&psc=1">View Product</a></div><div class="product"><a href="https://www.amazon.com/dp/B0882ZJ48W?tag=eloabder-20&linkCode=osi&th=1&psc=1"><img src="https://m.media-amazon.com/images/I/41110o9sUoL._SL500_.jpg" alt="Product Image"></a><p>GE XWFE Refrigerator Water Filter | Certified to Reduce Lead, Sulfur, and 50+ Other Impurities | Replace Every 6 Months for Best Results | Pack of 1, White</p><p>$49.00</p><a href="https://www.amazon.com/dp/B0882ZJ48W?tag=eloabder-20&linkCode=osi&th=1&psc=1">View Product</a></div><div class="product"><a href="https://www.amazon.com/dp/B074HLRXMP?tag=eloabder-20&linkCode=osi&th=1&psc=1"><img src="https://m.media-amazon.com/images/I/21oDpGCQXiL._SL500_.jpg" alt="Product Image"></a><p>LG LT1000P - 6 Month / 200 Gallon Capacity Replacement Refrigerator Water Filter (NSF42, NSF53, and NSF401) ADQ74793501, ADQ75795105, or AGF80300704 , White</p><p>$47.00</p><a href="https://www.amazon.com/dp/B074HLRXMP?tag=eloabder-20&linkCode=osi&th=1&psc=1">View Product</a></div><div class="product"><a href="https://www.amazon.com/dp/B01BKWSHHE?tag=eloabder-20&linkCode=osi&th=1&psc=1"><img src="https://m.media-amazon.com/images/I/31E2+zlkvjL._SL500_.jpg" alt="Product Image"></a><p>Frigidaire EPTWFU01 Water Filtration Filter, 1 Count, White</p><p>$42.99</p><a href="https://www.amazon.com/dp/B01BKWSHHE?tag=eloabder-20&linkCode=osi&th=1&psc=1">View Product</a></div><div class="product"><a href="https://www.amazon.com/dp/B08V6JB9R7?tag=eloabder-20&linkCode=osi&th=1&psc=1"><img src="https://m.media-amazon.com/images/I/31PRPEffCZL._SL500_.jpg" alt="Product Image"></a><p>Frigidaire FPPWFU01 PurePour PWF-1 Water Filter 1 Count (Pack of 1)</p><p>$45.81</p><a href="https://www.amazon.com/dp/B08V6JB9R7?tag=eloabder-20&linkCode=osi&th=1&psc=1">View Product</a></div><div class="product"><a href="https://www.amazon.com/dp/B000AST3AK?tag=eloabder-20&linkCode=osi&th=1&psc=1"><img src="https://m.media-amazon.com/images/I/41DUoSxpwTS._SL500_.jpg" alt="Product Image"></a><p>GE MWF Refrigerator Water Filter | Certified to Reduce Lead, Sulfur, and 50+ Other Impurities | Replace Every 6 Months for Best Results | Pack of 1</p><p>$39.98</p><a href="https://www.amazon.com/dp/B000AST3AK?tag=eloabder-20&linkCode=osi&th=1&psc=1">View Product</a></div><div class="product"><a href="https://www.amazon.com/dp/B0CFZR7K8D?tag=eloabder-20&linkCode=osi&th=1&psc=1"><img src="https://m.media-amazon.com/images/I/31WM5sdhKLL._SL500_.jpg" alt="Product Image"></a><p>HMASAV W10295370A water filter replacement, Compatible with EDR1RXD1,EDR1RXD1B,W10295370,Filter 1,WHR1RXD1,KAD1RXD1,P4RFWB,P8RFWB2L,46-9930,46-9081 2PACK</p><p>$29.99 ($15.00 / Count)</p><a href="https://www.amazon.com/dp/B0CFZR7K8D?tag=eloabder-20&linkCode=osi&th=1&psc=1">View Product</a></div><div class="product"><a href="https://www.amazon.com/dp/B07JM9TTTT?tag=eloabder-20&linkCode=osi&th=1&psc=1"><img src="https://m.media-amazon.com/images/I/41CfAtJ8TPL._SL500_.jpg" alt="Product Image"></a><p>GLACIER FRESH LT1000PC Replacement Water Filter, Compatible with LT1000PC/PCS, LT1000PC, LT-1000PC, MDJ64844601, ADQ747935 ADQ74793504 Filter and LT120F ADQ73334008 Fresh Air (3+3)</p><p>$39.99 ($13.33 / Count)</p><a href="https://www.amazon.com/dp/B07JM9TTTT?tag=eloabder-20&linkCode=osi&th=1&psc=1">View Product</a></div><div class="product"><a href="https://www.amazon.com/dp/B003N1ZSYG?tag=eloabder-20&linkCode=osi&th=1&psc=1"><img src="https://m.media-amazon.com/images/I/31Mbrkrxu1L._SL500_.jpg" alt="Product Image"></a><p>SAMSUNG Genuine Filter for Refrigerator Water and Ice, Carbon Block Filtration for Clean, Clear Drinking Water, 6-Month Life, HAF-CIN/EXP, 1 Pack</p><p>$39.99</p><a href="https://www.amazon.com/dp/B003N1ZSYG?tag=eloabder-20&linkCode=osi&th=1&psc=1">View Product</a></div>









<div class="product"><a href="https://www.amazon.com/dp/B0B2NZ47HN?tag=eloabder-20&linkCode=osi&th=1&psc=1"><img src="https://m.media-amazon.com/images/I/41nC6c2XxJL._SL500_.jpg" alt="Product Image"></a><p>OTE Portable Sparkling Water Maker Soda Maker Machine for home with 20PCS Cylinders 450ml Personal seltzer Carbonators Electroless Double Layer PET Bottle BPA Free Double Pressure Relief Valves -Pink</p><p>$49.99</p><a href="https://www.amazon.com/dp/B0B2NZ47HN?tag=eloabder-20&linkCode=osi&th=1&psc=1">View Product</a></div><div class="product"><a href="https://www.amazon.com/dp/B09DY54L7M?tag=eloabder-20&linkCode=osi&th=1&psc=1"><img src="https://m.media-amazon.com/images/I/31LSpnm3G8L._SL500_.jpg" alt="Product Image"></a><p>MOSOLAN Bottle Cleaning Brush, 17 Inches Extra Long Handle Water Bottle Brush, Flexible Bendable Cleaner for Washing Narrow Neck Bottles, Wine Decanter, Kombucha, Pipes, Beer Brewing Supplies, 2 Pack</p><p>$11.95 ($5.98 / Count)</p><a href="https://www.amazon.com/dp/B09DY54L7M?tag=eloabder-20&linkCode=osi&th=1&psc=1">View Product</a></div><div class="product"><a href="https://www.amazon.com/dp/B0736CBNDN?tag=eloabder-20&linkCode=osi&th=1&psc=1"><img src="https://m.media-amazon.com/images/I/41tWXmwP5KL._SL500_.jpg" alt="Product Image"></a><p>#2 Filter Pads (10 Pack Bulk) Compatible with Mini Jet Machine | #2 1.8-2.5 micron | 2 Micron Filtering pads. Filter Wine Beer, Kombucha, Mead Mash. Polishing filtration| Not a Buon Vino product.</p><p>$18.99</p><a href="https://www.amazon.com/dp/B0736CBNDN?tag=eloabder-20&linkCode=osi&th=1&psc=1">View Product</a></div>









<div class="product"><a href="https://www.amazon.com/dp/B07YGN577Y?tag=eloabder-20&linkCode=osi&th=1&psc=1"><img src="https://m.media-amazon.com/images/I/31kfZiyDMUL._SL500_.jpg" alt="Product Image"></a><p>9870163 Trash Power Nut WP9870163 L8</p><p>$50.36</p><a href="https://www.amazon.com/dp/B07YGN577Y?tag=eloabder-20&linkCode=osi&th=1&psc=1">View Product</a></div>

<div class="product"><a href="https://www.amazon.com/dp/B0CWQLM4C7?tag=eloabder-20&linkCode=osi&th=1&psc=1"><img src="https://m.media-amazon.com/images/I/41gTEIOjtlL._SL500_.jpg" alt="Product Image"></a><p>7" Seven Seconds Lazy Kitchen Food Making Tools - Multifunctional Fruit Vegetable Chopper Quick Garlic Peeling Machine Convenient Food Chopper for Slicing,Juice,Grinding</p><p>$32.99</p><a href="https://www.amazon.com/dp/B0CWQLM4C7?tag=eloabder-20&linkCode=osi&th=1&psc=1">View Product</a></div>







<div class="product"><a href="https://www.amazon.com/dp/B0CNKFM9WR?tag=eloabder-20&linkCode=osi&th=1&psc=1"><img src="https://m.media-amazon.com/images/I/31sGGIDic9L._SL500_.jpg" alt="Product Image"></a><p>hobbyme Pack of 4 Plastic Coffee Scoops with Brush & Espresso Grinder Brush for Ground Coffee Cleaning Tea Power Coffee Grinder Spoon</p><p>$6.49</p><a href="https://www.amazon.com/dp/B0CNKFM9WR?tag=eloabder-20&linkCode=osi&th=1&psc=1">View Product</a></div>





<div class="product"><a href="https://www.amazon.com/dp/B07798328B?tag=eloabder-20&linkCode=osi&th=1&psc=1"><img src="https://m.media-amazon.com/images/I/31Vpin+sgUS._SL500_.jpg" alt="Product Image"></a><p>Prime-Line MP10513 Standard Plastic Ice Cube Trays (5 Pack)</p><p>$12.69</p><a href="https://www.amazon.com/dp/B07798328B?tag=eloabder-20&linkCode=osi&th=1&psc=1">View Product</a></div><div class="product"><a href="https://www.amazon.com/dp/B077965JDB?tag=eloabder-20&linkCode=osi&th=1&psc=1"><img src="https://m.media-amazon.com/images/I/31H1hNlH6RL._SL500_.jpg" alt="Product Image"></a><p>Prime-Line MP10863 Standard Plastic Ice Cube Trays (2 Pack)</p><p>$9.69</p><a href="https://www.amazon.com/dp/B077965JDB?tag=eloabder-20&linkCode=osi&th=1&psc=1">View Product</a></div>

<div class="product"><a href="https://www.amazon.com/dp/B08MPLY84K?tag=eloabder-20&linkCode=osi&th=1&psc=1"><img src="https://m.media-amazon.com/images/I/31kWTfzQJBL._SL500_.jpg" alt="Product Image"></a><p>Syntus Vacuum Sealer Bags, 6 Pack 3 Rolls 11" x 20' and 3 Rolls 8" x 20' Commercial Grade BPA Free Bag Rolls, Food Vac Bags for Storage, Meal Prep or Sous Vide</p><p>$19.99</p><a href="https://www.amazon.com/dp/B08MPLY84K?tag=eloabder-20&linkCode=osi&th=1&psc=1">View Product</a></div><div class="product"><a href="https://www.amazon.com/dp/B0C5BWRMQL?tag=eloabder-20&linkCode=osi&th=1&psc=1"><img src="https://m.media-amazon.com/images/I/41yPpkb6oeL._SL500_.jpg" alt="Product Image"></a><p>Bonsenkitchen Vacuum Sealer Rolls Bags, 6 Pack 3 Rolls 11" x 20' + 3 Rolls 8" x 20' Commercial Grade BPA Free Bag Rolls, Durable Customized Size Food Vac Bags for Storage and Sous Vide Cooking VB3211</p><p>$19.99 ($3.33 / Count)</p><a href="https://www.amazon.com/dp/B0C5BWRMQL?tag=eloabder-20&linkCode=osi&th=1&psc=1">View Product</a></div><div class="product"><a href="https://www.amazon.com/dp/B0C5C1JTC4?tag=eloabder-20&linkCode=osi&th=1&psc=1"><img src="https://m.media-amazon.com/images/I/31JpyYsm7YL._SL500_.jpg" alt="Product Image"></a><p>Bonsenkitchen Vacuum Food Sealer Bags 200 Quart 8" x 12", BPA Free, Commercial Grade Textured Food Vacuum Sealer Bag, Thick Embossed Bags for Food Storage and Sous Vide Cooking VB3208</p><p>$18.39 ($0.09 / Count)</p><a href="https://www.amazon.com/dp/B0C5C1JTC4?tag=eloabder-20&linkCode=osi&th=1&psc=1">View Product</a></div><div class="product"><a href="https://www.amazon.com/dp/B07TMZDGQ1?tag=eloabder-20&linkCode=osi&th=1&psc=1"><img src="https://m.media-amazon.com/images/I/31cRCu-JIsL._SL500_.jpg" alt="Product Image"></a><p>Wevac Vacuum Sealer Bags 11x50 Rolls 2 pack for Food Saver, Seal a Meal, Weston. Commercial Grade, BPA Free, Heavy Duty, Great for vac storage, Meal Prep or Sous Vide</p><p>$20.99 ($0.21 / Count)</p><a href="https://www.amazon.com/dp/B07TMZDGQ1?tag=eloabder-20&linkCode=osi&th=1&psc=1">View Product</a></div><div class="product"><a href="https://www.amazon.com/dp/B07TV4KRCL?tag=eloabder-20&linkCode=osi&th=1&psc=1"><img src="https://m.media-amazon.com/images/I/31uv3qtc9bL._SL500_.jpg" alt="Product Image"></a><p>Wevac Vacuum Sealer Bags 100 Gallon 11x16 Inch for Food Saver, Seal a Meal, Weston. Commercial Grade, BPA Free, Heavy Duty, Great for vac storage, Meal Prep and Sous Vide</p><p>$21.24</p><a href="https://www.amazon.com/dp/B07TV4KRCL?tag=eloabder-20&linkCode=osi&th=1&psc=1">View Product</a></div>


<div class="product"><a href="https://www.amazon.com/dp/B093G5XCVF?tag=eloabder-20&linkCode=osi&th=1&psc=1"><img src="https://m.media-amazon.com/images/I/313Cq6ASf0S._SL500_.jpg" alt="Product Image"></a><p>2 Multipurpose Pastry Brush Basting & Coffee Grinders Cleaning Brush Wooden Handle Natural Boar Bristles Baking Cooking Sauce egg wash Bakery Supply Espresso Bean Barista</p><p>$7.21</p><a href="https://www.amazon.com/dp/B093G5XCVF?tag=eloabder-20&linkCode=osi&th=1&psc=1">View Product</a></div><div class="product"><a href="https://www.amazon.com/dp/B07JGRYG31?tag=eloabder-20&linkCode=osi&th=1&psc=1"><img src="https://m.media-amazon.com/images/I/31nd-jhgzdL._SL500_.jpg" alt="Product Image"></a><p>Coffee Grinder Cleaning Brush + Coffee Brush Wood Handle & Natural Bristles Pastry Brush</p><p>$5.99</p><a href="https://www.amazon.com/dp/B07JGRYG31?tag=eloabder-20&linkCode=osi&th=1&psc=1">View Product</a></div><div class="product"><a href="https://www.amazon.com/dp/B0C53G4T7X?tag=eloabder-20&linkCode=osi&th=1&psc=1"><img src="https://m.media-amazon.com/images/I/21Hrgmpj8YL._SL500_.jpg" alt="Product Image"></a><p>Leadigol Cleaning Tool Coffee Machine Home Pastry Brush Multifunctional Wooden Handle Baking Soft Bristles Coffee Grinder Brush</p><p>$7.99</p><a href="https://www.amazon.com/dp/B0C53G4T7X?tag=eloabder-20&linkCode=osi&th=1&psc=1">View Product</a></div><div class="product"><a href="https://www.amazon.com/dp/B07W5WM2LF?tag=eloabder-20&linkCode=osi&th=1&psc=1"><img src="https://m.media-amazon.com/images/I/41-7fWE9tSL._SL500_.jpg" alt="Product Image"></a><p>Redecker Waffle Machine Brush with Oiled Beechwood Handle, Stiff Heat-resistant Tampico Fiber Bristles, 6-1/2 inches, Made in Germany</p><p>$21.99</p><a href="https://www.amazon.com/dp/B07W5WM2LF?tag=eloabder-20&linkCode=osi&th=1&psc=1">View Product</a></div>






Aucun rÃ©sultat trouvÃ©.


<div class="product"><a href="https://www.amazon.com/dp/B00LQKZQAW?tag=eloabder-20&linkCode=osi&th=1&psc=1"><img src="https://m.media-amazon.com/images/I/31nBii+cbiL._SL500_.jpg" alt="Product Image"></a><p>Electrolux 5308000716 Dish Replacement , White</p><p>$17.16</p><a href="https://www.amazon.com/dp/B00LQKZQAW?tag=eloabder-20&linkCode=osi&th=1&psc=1">View Product</a></div><div class="product"><a href="https://www.amazon.com/dp/B09BBPTSNK?tag=eloabder-20&linkCode=osi&th=1&psc=1"><img src="https://m.media-amazon.com/images/I/41kdVEnPDTL._SL500_.jpg" alt="Product Image"></a><p>Judeeâ€™s Butter Powder 5 lb - 100% Non-GMO and Keto-Friendly - rBST Hormone-Free - Gluten-Free and Nut-Free - Made from 100% Real Butter - Baking Ready Ingredient - Made in USA</p><p>$59.99 ($0.75 / Ounce)</p><a href="https://www.amazon.com/dp/B09BBPTSNK?tag=eloabder-20&linkCode=osi&th=1&psc=1">View Product</a></div>












<div class="product"><a href="https://www.amazon.com/dp/B00UTFZAII?tag=eloabder-20&linkCode=osi&th=1&psc=1"><img src="https://m.media-amazon.com/images/I/31z7hZ6KbXL._SL500_.jpg" alt="Product Image"></a><p>Miele 10123210 AirClean 3D Efficiency Dust Bag, Type GN, 4 Bags & 2 Filters, White</p><p>$21.86 ($21.86 / Count)</p><a href="https://www.amazon.com/dp/B00UTFZAII?tag=eloabder-20&linkCode=osi&th=1&psc=1">View Product</a></div><div class="product"><a href="https://www.amazon.com/dp/B07WHG6J5S?tag=eloabder-20&linkCode=osi&th=1&psc=1"><img src="https://m.media-amazon.com/images/I/41hnaEOxB9L._SL500_.jpg" alt="Product Image"></a><p>KEEPOW Vacuum Filters for Eureka, Power Speed Vacuum Filters Replacement for Eureka NEU182A, NEU182B, NEU280, NEU180, NEU181, NEU188, NEU202 Bagless Upright Vacuum Cleaner, Part E0202 (4 Pack)</p><p>$9.99 ($2.50 / Count)</p><a href="https://www.amazon.com/dp/B07WHG6J5S?tag=eloabder-20&linkCode=osi&th=1&psc=1">View Product</a></div><div class="product"><a href="https://www.amazon.com/dp/B00UTFZB82?tag=eloabder-20&linkCode=osi&th=1&psc=1"><img src="https://m.media-amazon.com/images/I/41WdlL5T0dL._SL500_.jpg" alt="Product Image"></a><p>Miele AirClean 3D Efficiency Dust Bag, Type FJM, 4 Bags & 2 Filters, White</p><p>$18.99</p><a href="https://www.amazon.com/dp/B00UTFZB82?tag=eloabder-20&linkCode=osi&th=1&psc=1">View Product</a></div><div class="product"><a href="https://www.amazon.com/dp/B09NKP346M?tag=eloabder-20&linkCode=osi&th=1&psc=1"><img src="https://m.media-amazon.com/images/I/41o25nqkODL._SL500_.jpg" alt="Product Image"></a><p>Anewise 6 Pack Filter Replacement for Bissell Powerforce Compact Lightweight Upright 2112 1520 for Bissel Turbo Bagless 2690 Cleanview 3437 3508 Vacuum Cleaner, Compare to Parts #1604896/160-4896</p><p>$12.99</p><a href="https://www.amazon.com/dp/B09NKP346M?tag=eloabder-20&linkCode=osi&th=1&psc=1">View Product</a></div><div class="product"><a href="https://www.amazon.com/dp/B01MQ5NITB?tag=eloabder-20&linkCode=osi&th=1&psc=1"><img src="https://m.media-amazon.com/images/I/41J6lG4H1bL._SL500_.jpg" alt="Product Image"></a><p>Bissell Style 7 3 Pack Vacuum Cleaner Bags, White, 3 Count</p><p>$8.69 ($2.90 / Count)</p><a href="https://www.amazon.com/dp/B01MQ5NITB?tag=eloabder-20&linkCode=osi&th=1&psc=1">View Product</a></div><div class="product"><a href="https://www.amazon.com/dp/B0CDH1JY5D?tag=eloabder-20&linkCode=osi&th=1&psc=1"><img src="https://m.media-amazon.com/images/I/516DPXu4siL._SL500_.jpg" alt="Product Image"></a><p>4 Pack Replacement Filters Compatiable with Wyze Cordless Vacuum Cleaner, Removable and Washable HEPA Filter Accessories Part Set with 1 Cleaning Brush for Wyze Handheld Cordless Vacuum Cleaner</p><p>$15.99 ($4.00 / Count)</p><a href="https://www.amazon.com/dp/B0CDH1JY5D?tag=eloabder-20&linkCode=osi&th=1&psc=1">View Product</a></div><div class="product"><a href="https://www.amazon.com/dp/B07P3WB37F?tag=eloabder-20&linkCode=osi&th=1&psc=1"><img src="https://m.media-amazon.com/images/I/51WaYrkiVXL._SL500_.jpg" alt="Product Image"></a><p>Miele AirClean 3D Efficiency Dust Bag, Type GN, XL Value Pack, 8 Bags and 4 Filters</p><p>$36.99</p><a href="https://www.amazon.com/dp/B07P3WB37F?tag=eloabder-20&linkCode=osi&th=1&psc=1">View Product</a></div><div class="product"><a href="https://www.amazon.com/dp/B09DSY4Z2T?tag=eloabder-20&linkCode=osi&th=1&psc=1"><img src="https://m.media-amazon.com/images/I/51+ref3EeAL._SL500_.jpg" alt="Product Image"></a><p>Filter Replacement for Tineco A10 A11 Hero A10/A11 Master PURE ONE S11 Series, S12, X Cordless Vacuum Cleaner (3 PACK) â€¦</p><p>$12.99 ($4.33 / Count)</p><a href="https://www.amazon.com/dp/B09DSY4Z2T?tag=eloabder-20&linkCode=osi&th=1&psc=1">View Product</a></div>


<div class="product"><a href="https://www.amazon.com/dp/B0BXRR5QFV?tag=eloabder-20&linkCode=osi&th=1&psc=1"><img src="https://m.media-amazon.com/images/I/41sjdBkCp8L._SL500_.jpg" alt="Product Image"></a><p>AC Infinity CLOUDFORGE T7, Plant Humidifier 15L with VPD Humidity Controls, 10-Level Precision Vaporizer, Extendable Hose, Targeting Pipe, and No-Leak Seal for Grow Tents</p><p>$159.00</p><a href="https://www.amazon.com/dp/B0BXRR5QFV?tag=eloabder-20&linkCode=osi&th=1&psc=1">View Product</a></div><div class="product"><a href="https://www.amazon.com/dp/B01N6MV8SA?tag=eloabder-20&linkCode=osi&th=1&psc=1"><img src="https://m.media-amazon.com/images/I/41hX08+W1xL._SL500_.jpg" alt="Product Image"></a><p>Protec Humidifier Tank Cleaner, 1 Count - Colors May Vary</p><p>$5.98</p><a href="https://www.amazon.com/dp/B01N6MV8SA?tag=eloabder-20&linkCode=osi&th=1&psc=1">View Product</a></div><div class="product"><a href="https://www.amazon.com/dp/B07GXBTH82?tag=eloabder-20&linkCode=osi&th=1&psc=1"><img src="https://m.media-amazon.com/images/I/41ibxK12JPL._SL500_.jpg" alt="Product Image"></a><p>Essick Air 1970-2 Humidifier, 2-Quart Bacteriostatic Treatment, 2 Pack, Clear, 2</p><p>$22.99</p><a href="https://www.amazon.com/dp/B07GXBTH82?tag=eloabder-20&linkCode=osi&th=1&psc=1">View Product</a></div><div class="product"><a href="https://www.amazon.com/dp/B08TTT3K9B?tag=eloabder-20&linkCode=osi&th=1&psc=1"><img src="https://m.media-amazon.com/images/I/41U6j9SexmL._SL500_.jpg" alt="Product Image"></a><p>Leemone Humidifier Cleaner 12 Pack, Demineralization Cleaning Ball, Works in All humidifiers and Fish Tanks, Purifies Water, Prevents Hard Water Build-Up, Eliminates White Dust and Odor</p><p>$14.44</p><a href="https://www.amazon.com/dp/B08TTT3K9B?tag=eloabder-20&linkCode=osi&th=1&psc=1">View Product</a></div>
<div class="product"><a href="https://www.amazon.com/dp/B07YD4XCT3?tag=eloabder-20&linkCode=osi&th=1&psc=1"><img src="https://m.media-amazon.com/images/I/41hR81iKyJL._SL500_.jpg" alt="Product Image"></a><p>Vacplus Moisture Absorber Packets, Fragrance Free(10 Pack), Humidity Packs, Hanging Closet Dehumidifier Bags, Desiccant 9.8OZ</p><p>$21.99</p><a href="https://www.amazon.com/dp/B07YD4XCT3?tag=eloabder-20&linkCode=osi&th=1&psc=1">View Product</a></div><div class="product"><a href="https://www.amazon.com/dp/B09LQF5V5K?tag=eloabder-20&linkCode=osi&th=1&psc=1"><img src="https://m.media-amazon.com/images/I/51Cx5ECAotL._SL500_.jpg" alt="Product Image"></a><p>CLEVAST Moisture Absorbers Packets 10 Pack, Dehumidifier Bags for Closet, Unscented Hanging Humidity Absorber in Wardrobes, Bedrooms, Bathrooms(230g/pack)</p><p>$16.98</p><a href="https://www.amazon.com/dp/B09LQF5V5K?tag=eloabder-20&linkCode=osi&th=1&psc=1">View Product</a></div><div class="product"><a href="https://www.amazon.com/dp/B0B8L9QRW8?tag=eloabder-20&linkCode=osi&th=1&psc=1"><img src="https://m.media-amazon.com/images/I/518LgtpPi8L._SL500_.jpg" alt="Product Image"></a><p>Arm & Hammer Essentials Disposable Moisture Absorber and Odor Eliminator Tub, Fragrance Free, 1 lb, 3-Pack, Attracts and Traps Excess Moisture, Ideal Closet Dehumidifier, White</p><p>$24.94 ($0.52 / Ounce)</p><a href="https://www.amazon.com/dp/B0B8L9QRW8?tag=eloabder-20&linkCode=osi&th=1&psc=1">View Product</a></div><div class="product"><a href="https://www.amazon.com/dp/B09W9TPJGZ?tag=eloabder-20&linkCode=osi&th=1&psc=1"><img src="https://m.media-amazon.com/images/I/51pVTVMwHbL._SL500_.jpg" alt="Product Image"></a><p>THECOSKY Dehumidifier and Air Purifier Combo,HEPA H13 Filter and Negative Air Ion Function,54oz(1.6L) Water Tank with Drain Hose,24hrs Auto-Off Timer,Idea for Bedroom,Bathroom,Closet,RV</p><p>$109.99</p><a href="https://www.amazon.com/dp/B09W9TPJGZ?tag=eloabder-20&linkCode=osi&th=1&psc=1">View Product</a></div><div class="product"><a href="https://www.amazon.com/dp/B0CXDG65LZ?tag=eloabder-20&linkCode=osi&th=1&psc=1"><img src="https://m.media-amazon.com/images/I/41HNflmbKHL._SL500_.jpg" alt="Product Image"></a><p>14 x 17.5 x1.75 MERV 13 Replacement Dehumidifier Filter Compatible with Santa Fe Advance90, Advance100, Advance120, Honeywell DR90 & DR120 dehumidifier models, 2 Pack</p><p>$42.99</p><a href="https://www.amazon.com/dp/B0CXDG65LZ?tag=eloabder-20&linkCode=osi&th=1&psc=1">View Product</a></div>
<div class="product"><a href="https://www.amazon.com/dp/B088B921NQ?tag=eloabder-20&linkCode=osi&th=1&psc=1"><img src="https://m.media-amazon.com/images/I/612e4cT3RYL._SL500_.jpg" alt="Product Image"></a><p>ULTTY H13 HEPA Replacement Filter with Medical Coating, True HEPA Filter For R021/ R020 Purifying Fan, Medium</p><p>$29.99</p><a href="https://www.amazon.com/dp/B088B921NQ?tag=eloabder-20&linkCode=osi&th=1&psc=1">View Product</a></div><div class="product"><a href="https://www.amazon.com/dp/B0D2MZ4Y7Z?tag=eloabder-20&linkCode=osi&th=1&psc=1"><img src="https://m.media-amazon.com/images/I/51KgTHizWyL._SL500_.jpg" alt="Product Image"></a><p>Butto 5-Pack Ceiling Fan Filters for Blades - Strong Adhesive Ceiling Fan Filters for Common Household Contaminants - Unscented Coconut Carbon Fan Air Purifier Pads to Make Air Fresh and Natural</p><p>$9.98</p><a href="https://www.amazon.com/dp/B0D2MZ4Y7Z?tag=eloabder-20&linkCode=osi&th=1&psc=1">View Product</a></div><div class="product"><a href="https://www.amazon.com/dp/B0C42HCM21?tag=eloabder-20&linkCode=osi&th=1&psc=1"><img src="https://m.media-amazon.com/images/I/31jk3lpoygL._SL500_.jpg" alt="Product Image"></a><p>Barnakl Ceiling Fan Filters | Activated Coconut Shell Carbon Filter | Easy-Stick Universal Ceiling Fan Air Filters | Unscented Ceiling Fan Blade Filters for Common Household Contaminants, (3-Count)</p><p>$19.99 ($6.66 / Count)</p><a href="https://www.amazon.com/dp/B0C42HCM21?tag=eloabder-20&linkCode=osi&th=1&psc=1">View Product</a></div>
<div class="product"><a href="https://www.amazon.com/dp/B08LZWP29P?tag=eloabder-20&linkCode=osi&th=1&psc=1"><img src="https://m.media-amazon.com/images/I/41NLuzzFW9L._SL500_.jpg" alt="Product Image"></a><p>Chromex Tankless Water Heater Descaling Solution | Highly Effective Descaler Restores Heating Efficiency, Quart, 32 fl oz (1)</p><p>$26.99</p><a href="https://www.amazon.com/dp/B08LZWP29P?tag=eloabder-20&linkCode=osi&th=1&psc=1">View Product</a></div>

<div class="product"><a href="https://www.amazon.com/dp/B005UO4OWQ?tag=eloabder-20&linkCode=osi&th=1&psc=1"><img src="https://m.media-amazon.com/images/I/41oQPKFofoL._SL500_.jpg" alt="Product Image"></a><p>Bissell 203-7458 Brushroll, Bg10/86T3, Black</p><p>$21.26 ($21.26 / Count)</p><a href="https://www.amazon.com/dp/B005UO4OWQ?tag=eloabder-20&linkCode=osi&th=1&psc=1">View Product</a></div>





















<div class="product"><a href="https://www.amazon.com/dp/B0014J7FUY?tag=eloabder-20&linkCode=osi&th=1&psc=1"><img src="https://m.media-amazon.com/images/I/31QrM+IPxOL._SL500_.jpg" alt="Product Image"></a><p>Urnex Grindz Professional Coffee Grinder Cleaning Tablets - 430 Grams - All Natural Food Safe Gluten Free - Cleans Burr and Casing - Help Extend Life of Your Grinder</p><p>$25.99 ($1.71 / Ounce)</p><a href="https://www.amazon.com/dp/B0014J7FUY?tag=eloabder-20&linkCode=osi&th=1&psc=1">View Product</a></div>



<div class="product"><a href="https://www.amazon.com/dp/B0CHW317SG?tag=eloabder-20&linkCode=osi&th=1&psc=1"><img src="https://m.media-amazon.com/images/I/41Qd5Iu3qBL._SL500_.jpg" alt="Product Image"></a><p>EUHOMY 55 Can Beverage Refrigerator cooler-Mini Fridge Glass Door for Beer Drinks Wines, Freestanding Beverage Fridge with Adjustable Shelves Blue LED for Home/Office/Dorm/Bar (1.3cu.ft)</p><p>$128.99</p><a href="https://www.amazon.com/dp/B0CHW317SG?tag=eloabder-20&linkCode=osi&th=1&psc=1">View Product</a></div>

<div class="product"><a href="https://www.amazon.com/dp/B099CN2MRK?tag=eloabder-20&linkCode=osi&th=1&psc=1"><img src="https://m.media-amazon.com/images/I/31CvUCIUX5L._SL500_.jpg" alt="Product Image"></a><p>Genuine PuroAir 240 Replacement Filter - Replacement HEPA Filter for PuroAir 240 Purifier - Captures up to 99% of Pollen, Smoke, Pollen, Dust and Common Household Pollutants</p><p>$48.00</p><a href="https://www.amazon.com/dp/B099CN2MRK?tag=eloabder-20&linkCode=osi&th=1&psc=1">View Product</a></div><div class="product"><a href="https://www.amazon.com/dp/B0055521W0?tag=eloabder-20&linkCode=osi&th=1&psc=1"><img src="https://m.media-amazon.com/images/I/41Hs7ixdyXL._SL500_.jpg" alt="Product Image"></a><p>GermGuardian Filter B HEPA Pure Genuine Air Purifier Replacement Filter, Removes 99.97% of Pollutants for AC4825, AC4300, AC4900, AC4825DLX, AC4850, CDAP4500, AP2200, Black/Yellow, FLT4825</p><p>$17.90 ($17.90 / Count)</p><a href="https://www.amazon.com/dp/B0055521W0?tag=eloabder-20&linkCode=osi&th=1&psc=1">View Product</a></div><div class="product"><a href="https://www.amazon.com/dp/B0BNMYKZPV?tag=eloabder-20&linkCode=osi&th=1&psc=1"><img src="https://m.media-amazon.com/images/I/41-K3mB6KkL._SL500_.jpg" alt="Product Image"></a><p>2 Pack True HEPA KILO Filter Compatible with Afloia KILO, KILOPLUS, KILOPRO, MIRO,MIRO PRO and MORENTO MR-Kilo, Kalo Air Purifier, 360Â° 3-Stage Filtration</p><p>$34.99 ($17.50 / Count)</p><a href="https://www.amazon.com/dp/B0BNMYKZPV?tag=eloabder-20&linkCode=osi&th=1&psc=1">View Product</a></div><div class="product"><a href="https://www.amazon.com/dp/B0D3M4Y9W7?tag=eloabder-20&linkCode=osi&th=1&psc=1"><img src="https://m.media-amazon.com/images/I/41tzW+mkZuL._SL500_.jpg" alt="Product Image"></a><p>Breshair 14 True HEPA Filter Replacement Compatible with PuroAir 240 Air Purifier, 3-in-1 Filtration System with Activated Carbon Filter, 2-Pack</p><p>$31.56 ($15.78 / Count)</p><a href="https://www.amazon.com/dp/B0D3M4Y9W7?tag=eloabder-20&linkCode=osi&th=1&psc=1">View Product</a></div><div class="product"><a href="https://www.amazon.com/dp/B0CB18MVX6?tag=eloabder-20&linkCode=osi&th=1&psc=1"><img src="https://m.media-amazon.com/images/I/519ZmmLOrzL._SL500_.jpg" alt="Product Image"></a><p>2 Pack 3-in-1 H13 True HEPA Replacement Filter Compatible with Pure Enrichment PureZone Air Purifier Part# PEAIRPLG</p><p>$23.99 ($12.00 / Count)</p><a href="https://www.amazon.com/dp/B0CB18MVX6?tag=eloabder-20&linkCode=osi&th=1&psc=1">View Product</a></div><div class="product"><a href="https://www.amazon.com/dp/B08JTZMRML?tag=eloabder-20&linkCode=osi&th=1&psc=1"><img src="https://m.media-amazon.com/images/I/51yx60sCjHL._SL500_.jpg" alt="Product Image"></a><p>6 Pack HPA300 HEPA Filter Replacement for Honeywell HPA300 Series Air Purifiers HPA300, HPA300VP, HPA304, HPA3300, Replace HRF-R3 (6 Ture HEPA R Replacement Filter + 8 Activated Carbon Pre-Filter)</p><p>$47.99 ($3.43 / Count)</p><a href="https://www.amazon.com/dp/B08JTZMRML?tag=eloabder-20&linkCode=osi&th=1&psc=1">View Product</a></div><div class="product"><a href="https://www.amazon.com/dp/B0CF1GLSYS?tag=eloabder-20&linkCode=osi&th=1&psc=1"><img src="https://m.media-amazon.com/images/I/41709EXRzXL._SL500_.jpg" alt="Product Image"></a><p>CHIVALZ 4 Pack HY4866 True HEPA Replacement Filters Compatible with MORENTO HY4866 Air Purifier, WESTHEY HY4866 Air Purifier and YIOU M1 Air Cleaner Purifier, Original Version</p><p>$39.99 ($10.00 / Count)</p><a href="https://www.amazon.com/dp/B0CF1GLSYS?tag=eloabder-20&linkCode=osi&th=1&psc=1">View Product</a></div>







<div class="product"><a href="https://www.amazon.com/dp/B0CYKMFKR9?tag=eloabder-20&linkCode=osi&th=1&psc=1"><img src="https://m.media-amazon.com/images/I/316zU-ozoxL._SL500_.jpg" alt="Product Image"></a><p>Air Purifier Replacement Filter for Space Heater Bladeless Fan</p><p>$29.99</p><a href="https://www.amazon.com/dp/B0CYKMFKR9?tag=eloabder-20&linkCode=osi&th=1&psc=1">View Product</a></div>
<div class="product"><a href="https://www.amazon.com/dp/B07MRH6VY7?tag=eloabder-20&linkCode=osi&th=1&psc=1"><img src="https://m.media-amazon.com/images/I/51g-nuN4A5L._SL500_.jpg" alt="Product Image"></a><p>Colorfullife Replacement Air Purifier Filter for Dyson Tower Purifier Pure Cool Link TP01, TP02, TP03, BP01, Compare to Part 968126-03ï¼Œ2 Pack</p><p>$26.99</p><a href="https://www.amazon.com/dp/B07MRH6VY7?tag=eloabder-20&linkCode=osi&th=1&psc=1">View Product</a></div><div class="product"><a href="https://www.amazon.com/dp/B07TX5SW7J?tag=eloabder-20&linkCode=osi&th=1&psc=1"><img src="https://m.media-amazon.com/images/I/512Kn+cPglL._SL500_.jpg" alt="Product Image"></a><p>TP01 HEPA Filter Replacement Compatible with Dyson Tower Purifier Pure Cool Link TP01, TP02, TP03, AM11, BP01 Models, Compare to Part # 968126-03 (Pack of 2)</p><p>$27.95 ($13.98 / Count)</p><a href="https://www.amazon.com/dp/B07TX5SW7J?tag=eloabder-20&linkCode=osi&th=1&psc=1">View Product</a></div><div class="product"><a href="https://www.amazon.com/dp/B0CC24GZGB?tag=eloabder-20&linkCode=osi&th=1&psc=1"><img src="https://m.media-amazon.com/images/I/41woNpZ9VgL._SL500_.jpg" alt="Product Image"></a><p>TP01 TP02 Filter Compatible with Dyson Pure Cool Link Purifying Tower Fan TP00 TP03 AM11 and Cool Me BP01 Personal Series, 360Â° Air Purifier Filter Replacement 968126-03, 1-Pack</p><p>$25.99</p><a href="https://www.amazon.com/dp/B0CC24GZGB?tag=eloabder-20&linkCode=osi&th=1&psc=1">View Product</a></div><div class="product"><a href="https://www.amazon.com/dp/B0CX23N2JJ?tag=eloabder-20&linkCode=osi&th=1&psc=1"><img src="https://m.media-amazon.com/images/I/3145hmd5j7L._SL500_.jpg" alt="Product Image"></a><p>Dreo Air Purifiers Replacement Filter, HEPA Filter for Dreo Purifier Tower Fan MC710S, with 2 Stage Filtration, Black, Standard(DR-HPA019)</p><p>$39.99</p><a href="https://www.amazon.com/dp/B0CX23N2JJ?tag=eloabder-20&linkCode=osi&th=1&psc=1">View Product</a></div>










<div class="product"><a href="https://www.amazon.com/dp/B001U0OJ7O?tag=eloabder-20&linkCode=osi&th=1&psc=1"><img src="https://m.media-amazon.com/images/I/41XEg3QV-wL._SL500_.jpg" alt="Product Image"></a><p>Whirlpool W10165294RB 15-Inch Plastic Trash Compactor ct, 60 Bags, Count</p><p>$48.34</p><a href="https://www.amazon.com/dp/B001U0OJ7O?tag=eloabder-20&linkCode=osi&th=1&psc=1">View Product</a></div><div class="product"><a href="https://www.amazon.com/dp/B0CC3V4ZZ4?tag=eloabder-20&linkCode=osi&th=1&psc=1"><img src="https://m.media-amazon.com/images/I/31bbvodHnjL._SL500_.jpg" alt="Product Image"></a><p>Waste Smasher- Hand-Held Manual Trash Compactor Dishwasher Safe Black</p><p>$24.95</p><a href="https://www.amazon.com/dp/B0CC3V4ZZ4?tag=eloabder-20&linkCode=osi&th=1&psc=1">View Product</a></div><div class="product"><a href="https://www.amazon.com/dp/B00IYO5914?tag=eloabder-20&linkCode=osi&th=1&psc=1"><img src="https://m.media-amazon.com/images/I/51SLpTXIYNL._SL500_.jpg" alt="Product Image"></a><p>Kitchen Master Super Strong Compactor Bags Pre Cuffed (12 Pack)</p><p>$34.95</p><a href="https://www.amazon.com/dp/B00IYO5914?tag=eloabder-20&linkCode=osi&th=1&psc=1">View Product</a></div><div class="product"><a href="https://www.amazon.com/dp/B075DJ4ZVQ?tag=eloabder-20&linkCode=osi&th=1&psc=1"><img src="https://m.media-amazon.com/images/I/51Vaek4I89L._SL500_.jpg" alt="Product Image"></a><p>Dano Pre-Cuffed Compactor Bags</p><p>$32.95 ($2.75 / Count)</p><a href="https://www.amazon.com/dp/B075DJ4ZVQ?tag=eloabder-20&linkCode=osi&th=1&psc=1">View Product</a></div><div class="product"><a href="https://www.amazon.com/dp/B0C2DCVCBJ?tag=eloabder-20&linkCode=osi&th=1&psc=1"><img src="https://m.media-amazon.com/images/I/51072CtaKuL._SL500_.jpg" alt="Product Image"></a><p>60-pack W10165294RB Trash Compactor Bags - leak-proof trash compactor bags for kitchen 60-ct 15 inches - Fits 15-inch Rectangular Drawer Compactors</p><p>$45.99 ($0.77 / Count)</p><a href="https://www.amazon.com/dp/B0C2DCVCBJ?tag=eloabder-20&linkCode=osi&th=1&psc=1">View Product</a></div><div class="product"><a href="https://www.amazon.com/dp/B001U0OJ7E?tag=eloabder-20&linkCode=osi&th=1&psc=1"><img src="https://m.media-amazon.com/images/I/41c0z26RyvL._SL500_.jpg" alt="Product Image"></a><p>Whirlpool W10165293RB Genuine OEM 60 Pack-Plastic Compactor Bags-18" Models â€“ 1394369, 4178058, 4318932, 4318933, 4318935, 4318937, 4318939, AH1964576, EA1964576, PS1964576</p><p>$48.64 ($0.81 / Count)</p><a href="https://www.amazon.com/dp/B001U0OJ7E?tag=eloabder-20&linkCode=osi&th=1&psc=1">View Product</a></div><div class="product"><a href="https://www.amazon.com/dp/B00W27J16S?tag=eloabder-20&linkCode=osi&th=1&psc=1"><img src="https://m.media-amazon.com/images/I/41RaOjAGlrL._SL500_.jpg" alt="Product Image"></a><p>Compactor Bags Pre Cuffed (50 Pack)</p><p>$84.95 ($1.70 / count)</p><a href="https://www.amazon.com/dp/B00W27J16S?tag=eloabder-20&linkCode=osi&th=1&psc=1">View Product</a></div><div class="product"><a href="https://www.amazon.com/dp/B00MOCYY2W?tag=eloabder-20&linkCode=osi&th=1&psc=1"><img src="https://m.media-amazon.com/images/I/41SH8mDsAnL._SL500_.jpg" alt="Product Image"></a><p>GE WX60X1 Genuine OEM Universal Trash Compactor Bags for GE Trash Compactors</p><p>$19.00</p><a href="https://www.amazon.com/dp/B00MOCYY2W?tag=eloabder-20&linkCode=osi&th=1&psc=1">View Product</a></div><div class="product"><a href="https://www.amazon.com/dp/B0D7SFSTNG?tag=eloabder-20&linkCode=osi&th=1&psc=1"><img src="https://m.media-amazon.com/images/I/41szt9tZJPL._SL500_.jpg" alt="Product Image"></a><p>4PCS Trash Compactor Charcoal Air Filter Fit for Whirlpool/KitchenAid/Maytag/Jenn-Air/Amana/Inglis/Magic Chef Trash Compactor, Replaces 4151750 554358 WP4151750 AP6009134 PS11742279</p><p>$23.59 ($5.90 / Count)</p><a href="https://www.amazon.com/dp/B0D7SFSTNG?tag=eloabder-20&linkCode=osi&th=1&psc=1">View Product</a></div>
<div class="product"><a href="https://www.amazon.com/dp/B0CGLX5ZB9?tag=eloabder-20&linkCode=osi&th=1&psc=1"><img src="https://m.media-amazon.com/images/I/51qeRZQS98L._SL500_.jpg" alt="Product Image"></a><p>Spare Replacement Parts Compatible with MAMNV BR150 BR151, ZCWA BR150 BR151, MANVINS G20 Robot Vacuum and Mop Combo Accessories Include: 3 Hepa Filters 3 Mop Pads 6 Side Spin Brushes</p><p>$9.98</p><a href="https://www.amazon.com/dp/B0CGLX5ZB9?tag=eloabder-20&linkCode=osi&th=1&psc=1">View Product</a></div><div class="product"><a href="https://www.amazon.com/dp/B0B28DGZBG?tag=eloabder-20&linkCode=osi&th=1&psc=1"><img src="https://m.media-amazon.com/images/I/51ooMN4RqML._SL500_.jpg" alt="Product Image"></a><p>Replacement Parts for Shark AI AV2511AE AV2501S AV2610WA AV2501AE RV2502AE RV2610WA RV2520 AV2510 2-In-1 AI Ultra Robot Vacuum Cleaner Accessories Kits. Main Brush, HEPA Filter, Foam Filter,Side Brush</p><p>$19.99 ($1.05 / Count)</p><a href="https://www.amazon.com/dp/B0B28DGZBG?tag=eloabder-20&linkCode=osi&th=1&psc=1">View Product</a></div><div class="product"><a href="https://www.amazon.com/dp/B0782T7L6P?tag=eloabder-20&linkCode=osi&th=1&psc=1"><img src="https://m.media-amazon.com/images/I/41hTVkuzMJL._SL500_.jpg" alt="Product Image"></a><p>10pcs HEPA Filters Replacement for ILIFE V3s V3s pro V5 V5s V5s Pro V5s Pro 2 V5s Plus Noisz S5 Robotic Vacuum Cleaner ILIFE V3s pro Filters ILIFE Robot Vacuum Filter</p><p>$9.80 ($0.98 / Count)</p><a href="https://www.amazon.com/dp/B0782T7L6P?tag=eloabder-20&linkCode=osi&th=1&psc=1">View Product</a></div><div class="product"><a href="https://www.amazon.com/dp/B0CXLVHTTC?tag=eloabder-20&linkCode=osi&th=1&psc=1"><img src="https://m.media-amazon.com/images/I/51BT3phYzKL._SL500_.jpg" alt="Product Image"></a><p>HUIZHEN Spare Accessories for MAMNV BR150/BR151, for ZCWA BR150/BR151, for MANVINS G20,for GTTVO BR150/BR151,for ONSON BR150/BR151 Robot Vacuum Replacement Parts,6 Side Brush,4 HEPA Filters,4 Mop Pads</p><p>$9.99</p><a href="https://www.amazon.com/dp/B0CXLVHTTC?tag=eloabder-20&linkCode=osi&th=1&psc=1">View Product</a></div><div class="product"><a href="https://www.amazon.com/dp/B08RYDDQL8?tag=eloabder-20&linkCode=osi&th=1&psc=1"><img src="https://m.media-amazon.com/images/I/314Xd7+oBXL._SL500_.jpg" alt="Product Image"></a><p>AirClean 4 Pack 3.7" High Replacement Base Pre-Motor Foam Filters Compatible with Shark IQ Robot Vacuum R101AE RV1001AE UR1005AE Self-Empty Base</p><p>$12.99 ($3.25 / Count)</p><a href="https://www.amazon.com/dp/B08RYDDQL8?tag=eloabder-20&linkCode=osi&th=1&psc=1">View Product</a></div><div class="product"><a href="https://www.amazon.com/dp/B0CJLHJ557?tag=eloabder-20&linkCode=osi&th=1&psc=1"><img src="https://m.media-amazon.com/images/I/41iQm8hUjiL._SL500_.jpg" alt="Product Image"></a><p>Replacement Parts Compatible with WYZE Robot Vacuum Cleaner WVCR200S Accessories, 2 Main Brushes, 6 Hepa Filters, 8 Side Brushes Attachment Spare Pack</p><p>$14.99 ($0.94 / Count)</p><a href="https://www.amazon.com/dp/B0CJLHJ557?tag=eloabder-20&linkCode=osi&th=1&psc=1">View Product</a></div>
<div class="product"><a href="https://www.amazon.com/dp/B0C4595Q8P?tag=eloabder-20&linkCode=osi&th=1&psc=1"><img src="https://m.media-amazon.com/images/I/51k23SAtRxL._SL500_.jpg" alt="Product Image"></a><p>4 Pack FSV001 HEPA Filter Compatiable with Fabuletta FSV101, FSV001, Girnoor G160&G165, Afoddon A300, Lubluelu 202, Oraimo Cordless Vacuum Cleaner, Besswin W26 Cordless Stick Vacuum Cleaners</p><p>$15.99 ($4.00 / Count)</p><a href="https://www.amazon.com/dp/B0C4595Q8P?tag=eloabder-20&linkCode=osi&th=1&psc=1">View Product</a></div>
<div class="product"><a href="https://www.amazon.com/dp/B0BNKJX96X?tag=eloabder-20&linkCode=osi&th=1&psc=1"><img src="https://m.media-amazon.com/images/I/41OPeLFppoL._SL500_.jpg" alt="Product Image"></a><p>6 PACK 2033 Replacement Filter Compatible with Bissell Featherweight Stick Lightweight Bagless Vacuum Cleaner 20331, 20333, 20334, 20336, 20339, 2033M,6 Mesh Filter 6 Foam Filters, Replace # 1611508</p><p>$14.99 ($2.50 / Count)</p><a href="https://www.amazon.com/dp/B0BNKJX96X?tag=eloabder-20&linkCode=osi&th=1&psc=1">View Product</a></div><div class="product"><a href="https://www.amazon.com/dp/B0CMBWLTSM?tag=eloabder-20&linkCode=osi&th=1&psc=1"><img src="https://m.media-amazon.com/images/I/41PHqKaLTDL._SL500_.jpg" alt="Product Image"></a><p>18V ONE + Cordless Pet Stick Vacuum Filter for Ryobi, PCL720, PBLSV716, PBLSV717 Stick Vacuum, Reusable Washable Filters, Compare to Part A32SV720N, 6 Pack</p><p>$15.99 ($2.66 / Count)</p><a href="https://www.amazon.com/dp/B0CMBWLTSM?tag=eloabder-20&linkCode=osi&th=1&psc=1">View Product</a></div><div class="product"><a href="https://www.amazon.com/dp/B0CXDYWWT9?tag=eloabder-20&linkCode=osi&th=1&psc=1"><img src="https://m.media-amazon.com/images/I/41F1csTT8jL._SL500_.jpg" alt="Product Image"></a><p>2 Replacement Filters for Craftsman V20 Cordless Stick Vacuum CMCVS001D1, for Black Decker BSVF1 BSV2020 BSV2020G BSV2020P Cordless Stick Vacuum Cleaner with 1 Cleaning Brush</p><p>$14.99</p><a href="https://www.amazon.com/dp/B0CXDYWWT9?tag=eloabder-20&linkCode=osi&th=1&psc=1">View Product</a></div><div class="product"><a href="https://www.amazon.com/dp/B0CCJ5N5DH?tag=eloabder-20&linkCode=osi&th=1&psc=1"><img src="https://m.media-amazon.com/images/I/41xmhDPqk8L._SL500_.jpg" alt="Product Image"></a><p>Aolleteau 1 Pack Brush Roller Compatible with Black + Decker BSV2020, BSV2020P, BSV2020G Powerseries Extreme Cordless Stick Vacuum and Compatible with Craftsman V20 Cordless Stick Vacuum CMCVS001D1</p><p>$17.99</p><a href="https://www.amazon.com/dp/B0CCJ5N5DH?tag=eloabder-20&linkCode=osi&th=1&psc=1">View Product</a></div><div class="product"><a href="https://www.amazon.com/dp/B0CQY61LFD?tag=eloabder-20&linkCode=osi&th=1&psc=1"><img src="https://m.media-amazon.com/images/I/31swBBC444L._SL500_.jpg" alt="Product Image"></a><p>Tablenco for Shark HZ602 Filter Replacement Ultralight Pet Pro Corded Stick Vacuum and HZ2002 Vertex DuoClean PowerFins fit HZ2000 HZ251 HZ250 HH200 HH202,4 Foam Felt 4 Motor Kit (No cleaning brush)</p><p>$9.98</p><a href="https://www.amazon.com/dp/B0CQY61LFD?tag=eloabder-20&linkCode=osi&th=1&psc=1">View Product</a></div><div class="product"><a href="https://www.amazon.com/dp/B09Q55KW8W?tag=eloabder-20&linkCode=osi&th=1&psc=1"><img src="https://m.media-amazon.com/images/I/51MKsJy6nSL._SL500_.jpg" alt="Product Image"></a><p>Anicell 2033 Featherweight Filter for Bissell Featherweight Stick Lightweight Bagless Vacuum 20331 20333 20334 20336 20339 2033M, 4 Mesh Filters 6 Foam Filters Replacement, Replace part# 1611508</p><p>$11.99</p><a href="https://www.amazon.com/dp/B09Q55KW8W?tag=eloabder-20&linkCode=osi&th=1&psc=1">View Product</a></div><div class="product"><a href="https://www.amazon.com/dp/B0CDVG7LHD?tag=eloabder-20&linkCode=osi&th=1&psc=1"><img src="https://m.media-amazon.com/images/I/41hjN1Te6sL._SL500_.jpg" alt="Product Image"></a><p>Moreffi 3 Pack Filter Replacement For HART Cordless Stick Vacuum HPSV01 and HPSV50, Compare to Part Number HASV01</p><p>$19.99 ($6.66 / Count)</p><a href="https://www.amazon.com/dp/B0CDVG7LHD?tag=eloabder-20&linkCode=osi&th=1&psc=1">View Product</a></div>
<div class="product"><a href="https://www.amazon.com/dp/B07DQ9TZC8?tag=eloabder-20&linkCode=osi&th=1&psc=1"><img src="https://m.media-amazon.com/images/I/41PHyZ20FuL._SL500_.jpg" alt="Product Image"></a><p>Kenmore 53294 Style O HEPA Cloth Vacuum Bags for Kenmore Upright Vacuum Cleaners 6 Pack,White</p><p>$20.99 ($3.50 / Count)</p><a href="https://www.amazon.com/dp/B07DQ9TZC8?tag=eloabder-20&linkCode=osi&th=1&psc=1">View Product</a></div><div class="product"><a href="https://www.amazon.com/dp/B08MXVTTT2?tag=eloabder-20&linkCode=osi&th=1&psc=1"><img src="https://m.media-amazon.com/images/I/41T6wRpIMzL._SL500_.jpg" alt="Product Image"></a><p>Kenmore IB600 HEPA Replacement Intuition Upright Vacuum Cleaner Bags for BU4022, BU4020, BU4018, BU4050, BU3040,White</p><p>$18.75</p><a href="https://www.amazon.com/dp/B08MXVTTT2?tag=eloabder-20&linkCode=osi&th=1&psc=1">View Product</a></div><div class="product"><a href="https://www.amazon.com/dp/B01010JVYO?tag=eloabder-20&linkCode=osi&th=1&psc=1"><img src="https://m.media-amazon.com/images/I/51Anluh47GL._SL500_.jpg" alt="Product Image"></a><p>EnviroCare Replacement Micro Filtration Vacuum Cleaner Dust Bags Designed to fit Hoover Windtunnel Upright Type Y 9 pack</p><p>$9.89 ($1.10 / Count)</p><a href="https://www.amazon.com/dp/B01010JVYO?tag=eloabder-20&linkCode=osi&th=1&psc=1">View Product</a></div><div class="product"><a href="https://www.amazon.com/dp/B0D5CP3WBY?tag=eloabder-20&linkCode=osi&th=1&psc=1"><img src="https://m.media-amazon.com/images/I/31MaGmsVOwL._SL500_.jpg" alt="Product Image"></a><p>Bagless Upright Kenmore Vacuum HEPA Filters, Compatible with Foam Filters, Felt Filters and Upright vacuum cleaner for Models K4010,DU2015,DU2012(includes 1 Hepa Filters,2 Foam and 2 Felt Filters)</p><p>$12.99</p><a href="https://www.amazon.com/dp/B0D5CP3WBY?tag=eloabder-20&linkCode=osi&th=1&psc=1">View Product</a></div><div class="product"><a href="https://www.amazon.com/dp/B0CBFV28WX?tag=eloabder-20&linkCode=osi&th=1&psc=1"><img src="https://m.media-amazon.com/images/I/51LIYI0wXSL._SL500_.jpg" alt="Product Image"></a><p>16 Packs Vacuum Bags for Oreck Type CC, Compatible with All Oreck XL Upright Vacuum Cleaner - Replaces Part # CCPK8DW</p><p>$21.99 ($1.37 / Count)</p><a href="https://www.amazon.com/dp/B0CBFV28WX?tag=eloabder-20&linkCode=osi&th=1&psc=1">View Product</a></div><div class="product"><a href="https://www.amazon.com/dp/B00F9GQMHA?tag=eloabder-20&linkCode=osi&th=1&psc=1"><img src="https://m.media-amazon.com/images/I/51lhelurelL._SL500_.jpg" alt="Product Image"></a><p>EnviroCare Replacement Premium Vacuum Cleaner Dust Bags made to fit Eureka F&G Uprights 9 bags</p><p>$11.09</p><a href="https://www.amazon.com/dp/B00F9GQMHA?tag=eloabder-20&linkCode=osi&th=1&psc=1">View Product</a></div><div class="product"><a href="https://www.amazon.com/dp/B002CI8G1I?tag=eloabder-20&linkCode=osi&th=1&psc=1"><img src="https://m.media-amazon.com/images/I/51PYQrQpbSL._SL500_.jpg" alt="Product Image"></a><p>EnviroCare Replacement Micro Filtration Vacuum Cleaner Dust Bags made to fit Kenmore Upright Type U/L/O 50688 and 50690, Panasonic Type U-2, Miele Type Z. 9 pack</p><p>$9.99</p><a href="https://www.amazon.com/dp/B002CI8G1I?tag=eloabder-20&linkCode=osi&th=1&psc=1">View Product</a></div>
<div class="product"><a href="https://www.amazon.com/dp/B07GNQJ67P?tag=eloabder-20&linkCode=osi&th=1&psc=1"><img src="https://m.media-amazon.com/images/I/41XHnKbgjAL._SL500_.jpg" alt="Product Image"></a><p>Kenmore 53292 Type Q HEPA Replacement Dust Bags for Canister Vacuum 81214, 81414, 81714, 21814, BC2005, BC3005, 81615, BC7005, 6 Count (Pack of 1)</p><p>$13.24 ($2.21 / Count)</p><a href="https://www.amazon.com/dp/B07GNQJ67P?tag=eloabder-20&linkCode=osi&th=1&psc=1">View Product</a></div><div class="product"><a href="https://www.amazon.com/dp/B01L0C0FVK?tag=eloabder-20&linkCode=osi&th=1&psc=1"><img src="https://m.media-amazon.com/images/I/51ZIjbo9NVL._SL500_.jpg" alt="Product Image"></a><p>Envirocare Replacement Vacuum Bags Compatible with Kenmore Canister Type C/Q. 5055, 50557 and 50558 Panasonic Type C-5 Vacuums,15 pack</p><p>$16.16</p><a href="https://www.amazon.com/dp/B01L0C0FVK?tag=eloabder-20&linkCode=osi&th=1&psc=1">View Product</a></div><div class="product"><a href="https://www.amazon.com/dp/B0BTRTP2PM?tag=eloabder-20&linkCode=osi&th=1&psc=1"><img src="https://m.media-amazon.com/images/I/41K295aRv9L._SL500_.jpg" alt="Product Image"></a><p>Vacuum Cleaner Bags Fit for Kenmore Canister Type C/Q 50555 50557 50558 and Type C-5, 10PCs</p><p>$15.99</p><a href="https://www.amazon.com/dp/B0BTRTP2PM?tag=eloabder-20&linkCode=osi&th=1&psc=1">View Product</a></div><div class="product"><a href="https://www.amazon.com/dp/B0CRQYGLZX?tag=eloabder-20&linkCode=osi&th=1&psc=1"><img src="https://m.media-amazon.com/images/I/413iXp+j3ML._SL500_.jpg" alt="Product Image"></a><p>15 Pack Canister Vacuum Cleaner Bags Compatible with Kenmore Canister Type C/Q 5055, 50555, 50557, 50558 and Type C-5, C-18, 53292, 200 Series, 400 Series, 600 Series, 700 Series, 800 Series Vacuum</p><p>$11.69</p><a href="https://www.amazon.com/dp/B0CRQYGLZX?tag=eloabder-20&linkCode=osi&th=1&psc=1">View Product</a></div><div class="product"><a href="https://www.amazon.com/dp/B00QGD3SBI?tag=eloabder-20&linkCode=osi&th=1&psc=1"><img src="https://m.media-amazon.com/images/I/51xw0asyqTL._SL500_.jpg" alt="Product Image"></a><p>EnviroCare Replacement Vacuum Bags made to fit Kenmore Canister Type C or Q 50555, 50558, 50557 and Panasonic Type C-5 Vacuums, 9 pack</p><p>$9.79</p><a href="https://www.amazon.com/dp/B00QGD3SBI?tag=eloabder-20&linkCode=osi&th=1&psc=1">View Product</a></div><div class="product"><a href="https://www.amazon.com/dp/B0CQP9NP5N?tag=eloabder-20&linkCode=osi&th=1&psc=1"><img src="https://m.media-amazon.com/images/I/41WnNkTz8zL._SL500_.jpg" alt="Product Image"></a><p>8 Pack Replacement Vacuum Bags Compatible with Kenmore Canister Type C/Q. 5055, 50104, 50557 and 50558 Panasonic Type C-5 Vacuums</p><p>$9.99 ($1.25 / Count)</p><a href="https://www.amazon.com/dp/B0CQP9NP5N?tag=eloabder-20&linkCode=osi&th=1&psc=1">View Product</a></div>
<div class="product"><a href="https://www.amazon.com/dp/B09M3Y2BHR?tag=eloabder-20&linkCode=osi&th=1&psc=1"><img src="https://m.media-amazon.com/images/I/31tevngai1L._SL500_.jpg" alt="Product Image"></a><p>Ymimi Vacuum Filter Compatible with Eureka WhirlWind Bagless Canister Vacuum Cleaner,Fits NEN110A,NEN110B,NEN110Dï¼ˆ2-Packï¼‰</p><p>$11.99 ($6.00 / Count)</p><a href="https://www.amazon.com/dp/B09M3Y2BHR?tag=eloabder-20&linkCode=osi&th=1&psc=1">View Product</a></div><div class="product"><a href="https://www.amazon.com/dp/B07J1WWBHN?tag=eloabder-20&linkCode=osi&th=1&psc=1"><img src="https://m.media-amazon.com/images/I/51gmkDrnR2L._SL500_.jpg" alt="Product Image"></a><p>Bissell Powerforce Helix Bagless Washable Premotor Filter #1608225, Black</p><p>$7.78</p><a href="https://www.amazon.com/dp/B07J1WWBHN?tag=eloabder-20&linkCode=osi&th=1&psc=1">View Product</a></div><div class="product"><a href="https://www.amazon.com/dp/B0BK64TMMK?tag=eloabder-20&linkCode=osi&th=1&psc=1"><img src="https://m.media-amazon.com/images/I/41OBMvET7eL._SL500_.jpg" alt="Product Image"></a><p>Vacuum Belt Replacement for Bissell Cleanview Swivel Pet Upright Bagless/Powerlifter Vacuum Cleaner, fits model: 2252, 2254, 22543, 2258,2259, 2260,2316, 2739, 1793, Parts # 3031120, 32074</p><p>$6.99</p><a href="https://www.amazon.com/dp/B0BK64TMMK?tag=eloabder-20&linkCode=osi&th=1&psc=1">View Product</a></div><div class="product"><a href="https://www.amazon.com/dp/B0BKKL3WRB?tag=eloabder-20&linkCode=osi&th=1&psc=1"><img src="https://m.media-amazon.com/images/I/410jMe-FjIL._SL500_.jpg" alt="Product Image"></a><p>Aolleteau F1 HEPA Filter Compatible with Dirt Devil Bagless Upright Cleaner Models Extra Lite, Breeze, Featherlite Bagless, Jaguar Bagless,Platinum Force Vision, Scorpion and Vision Bagless (2 Pack)</p><p>$13.99 ($7.00 / Count)</p><a href="https://www.amazon.com/dp/B0BKKL3WRB?tag=eloabder-20&linkCode=osi&th=1&psc=1">View Product</a></div><div class="product"><a href="https://www.amazon.com/dp/B09SG1P4WN?tag=eloabder-20&linkCode=osi&th=1&psc=1"><img src="https://m.media-amazon.com/images/I/51+Mr+Wq5ML._SL500_.jpg" alt="Product Image"></a><p>NEN110A Vacuum Filter, Inlet Frame and Sponge Filter Compatible with Eureka Whirlwind Bagless Canister Vacuum Cleaner, Fits NEN110A, NEN110B, NEN110D(4-Pack)</p><p>$15.99 ($4.00 / Count)</p><a href="https://www.amazon.com/dp/B09SG1P4WN?tag=eloabder-20&linkCode=osi&th=1&psc=1">View Product</a></div>
<div class="product"><a href="https://www.amazon.com/dp/B07GT9VB9X?tag=eloabder-20&linkCode=osi&th=1&psc=1"><img src="https://m.media-amazon.com/images/I/41IokheYtNL._SL500_.jpg" alt="Product Image"></a><p>6 Pack 1940 Bissell Steam Mop Pads for Bissell PowerFresh Steam Mop 1806 1544 1440 2075A 2685A 1940W 19404 Series, Model 19402 19408 1940a 1940f 1940q 1940t B0006 B0017, Part #5938#203-2633</p><p>$16.99 ($2.83 / Count)</p><a href="https://www.amazon.com/dp/B07GT9VB9X?tag=eloabder-20&linkCode=osi&th=1&psc=1">View Product</a></div><div class="product"><a href="https://www.amazon.com/dp/B07H3MYZLD?tag=eloabder-20&linkCode=osi&th=1&psc=1"><img src="https://m.media-amazon.com/images/I/511p6MPxQ0L._SL500_.jpg" alt="Product Image"></a><p>Flammi Steam Pocket Mop Replacement Pads for Shark S3500 Series S3501 S3601 S3550 S3901 SE450 S3801CO S3601D S2901 S2902 Steam Pocket Mop, 4 Pack</p><p>$16.97 ($4.24 / Count)</p><a href="https://www.amazon.com/dp/B07H3MYZLD?tag=eloabder-20&linkCode=osi&th=1&psc=1">View Product</a></div><div class="product"><a href="https://www.amazon.com/dp/B0C8SH97HN?tag=eloabder-20&linkCode=osi&th=1&psc=1"><img src="https://m.media-amazon.com/images/I/31Mex4y7odL._SL500_.jpg" alt="Product Image"></a><p>HOMEXCEL Steam Mop Replacement Pads Compatible with Bissell Powerfresh Steam Mop 1940 1806 1440 1544 Series, Model 19402 19404 19408 2685A 2075A 1940A 1940Q 1940T 1940W, Steam Mop Pads Refills,4 Pack</p><p>$9.99 ($2.50 / Count)</p><a href="https://www.amazon.com/dp/B0C8SH97HN?tag=eloabder-20&linkCode=osi&th=1&psc=1">View Product</a></div><div class="product"><a href="https://www.amazon.com/dp/B0BFWTXS33?tag=eloabder-20&linkCode=osi&th=1&psc=1"><img src="https://m.media-amazon.com/images/I/51pa2h7o0EL._SL500_.jpg" alt="Product Image"></a><p>12 Pack 1940 Steam Mop Replacement Pads for Bissell Powerfresh Steam Mop 1940 1440 1806 1544 2075 2685A 2814 Series, Model 19402 19404 19408 19409 1940A 1940F 1940Q 1940T 1940W B0006 B0017 2075A 15441</p><p>$24.99</p><a href="https://www.amazon.com/dp/B0BFWTXS33?tag=eloabder-20&linkCode=osi&th=1&psc=1">View Product</a></div><div class="product"><a href="https://www.amazon.com/dp/B0CLP5QGTY?tag=eloabder-20&linkCode=osi&th=1&psc=1"><img src="https://m.media-amazon.com/images/I/414HqpKde9L._SL500_.jpg" alt="Product Image"></a><p>10 Pack 1940 1806 2685A Steam Mop Pads For Bissell Powerfresh Steam Mop Deluxe Pet Lift-Off Plus Slim Scrubbing Steam Mop Replacement Pad 1940A 2814 1544A 2075A Power Fresh Steamer Pad Refill Washable</p><p>$22.99 ($2.30 / Count)</p><a href="https://www.amazon.com/dp/B0CLP5QGTY?tag=eloabder-20&linkCode=osi&th=1&psc=1">View Product</a></div><div class="product"><a href="https://www.amazon.com/dp/B078BBKBPV?tag=eloabder-20&linkCode=osi&th=1&psc=1"><img src="https://m.media-amazon.com/images/I/51WcJqtOUIL._SL500_.jpg" alt="Product Image"></a><p>Tidy Monster Steam Mop Replacement Pads Compatible with Bissell Powerfresh Steam Mop 1940 1806 1544 1440 2075A 2685A Series, Part # 5938 & 203-2633, 1606668 & 1606669 (4 Pack Scrub Plush)</p><p>$9.99</p><a href="https://www.amazon.com/dp/B078BBKBPV?tag=eloabder-20&linkCode=osi&th=1&psc=1">View Product</a></div><div class="product"><a href="https://www.amazon.com/dp/B00A6G37SU?tag=eloabder-20&linkCode=osi&th=1&psc=1"><img src="https://m.media-amazon.com/images/I/51xo0LB-SpL._SL500_.jpg" alt="Product Image"></a><p>BISSELL PowerFresh Steam Mop Pads (Pack of 2) with Fragrance discs (4 ct), 5938</p><p>$21.26 ($10.63 / Count)</p><a href="https://www.amazon.com/dp/B00A6G37SU?tag=eloabder-20&linkCode=osi&th=1&psc=1">View Product</a></div>
<div class="product"><a href="https://www.amazon.com/dp/B0D2QFVY7H?tag=eloabder-20&linkCode=osi&th=1&psc=1"><img src="https://m.media-amazon.com/images/I/417B7H+vvML._SL500_.jpg" alt="Product Image"></a><p>Kenmore KS1010 Deep Clean & Revitalize Pet Carpet Cleaner Formula, 64 oz, White, 64 Fl Oz</p><p>$22.73 ($0.36 / Fl Oz)</p><a href="https://www.amazon.com/dp/B0D2QFVY7H?tag=eloabder-20&linkCode=osi&th=1&psc=1">View Product</a></div><div class="product"><a href="https://www.amazon.com/dp/B0BNK8ZJJ1?tag=eloabder-20&linkCode=osi&th=1&psc=1"><img src="https://m.media-amazon.com/images/I/51z0Pc4xcNL._SL500_.jpg" alt="Product Image"></a><p>Bissell Spotlifter Pet Carpet and Upholstery Cleaner with Brush Head - 4 Pack, 93523</p><p>$23.88 ($0.50 / Fl Oz)</p><a href="https://www.amazon.com/dp/B0BNK8ZJJ1?tag=eloabder-20&linkCode=osi&th=1&psc=1">View Product</a></div><div class="product"><a href="https://www.amazon.com/dp/B0CX245D26?tag=eloabder-20&linkCode=osi&th=1&psc=1"><img src="https://m.media-amazon.com/images/I/411CSXvvO1L._SL500_.jpg" alt="Product Image"></a><p>BISSELLÂ® Spot & Stain with Febreze + Gain Original Scent Formula for Little Green Devices, Portable Carpet Cleaners (3968)</p><p>$12.99 ($0.41 / Fl Oz)</p><a href="https://www.amazon.com/dp/B0CX245D26?tag=eloabder-20&linkCode=osi&th=1&psc=1">View Product</a></div><div class="product"><a href="https://www.amazon.com/dp/B083VZW4R5?tag=eloabder-20&linkCode=osi&th=1&psc=1"><img src="https://m.media-amazon.com/images/I/413BULPLmBL._SL500_.jpg" alt="Product Image"></a><p>BISSELL Multi-Surface Pet Formula with Febreze Freshness for Crosswave (80 oz), 2295L</p><p>$22.99 ($0.29 / Fl Oz)</p><a href="https://www.amazon.com/dp/B083VZW4R5?tag=eloabder-20&linkCode=osi&th=1&psc=1">View Product</a></div><div class="product"><a href="https://www.amazon.com/dp/B0D2RGW219?tag=eloabder-20&linkCode=osi&th=1&psc=1"><img src="https://m.media-amazon.com/images/I/41gD+82tnAL._SL500_.jpg" alt="Product Image"></a><p>Vacmaster Clean & Restore Carpet Cleaner Formula â€“ CCS03</p><p>$19.99 ($0.31 / Fl Oz)</p><a href="https://www.amazon.com/dp/B0D2RGW219?tag=eloabder-20&linkCode=osi&th=1&psc=1">View Product</a></div>






<div class="product"><a href="https://www.amazon.com/dp/B0BY64HQTP?tag=eloabder-20&linkCode=osi&th=1&psc=1"><img src="https://m.media-amazon.com/images/I/41hUxHuASYL._SL500_.jpg" alt="Product Image"></a><p>Air Conditioning Motor WZDK13-38G-1(RD-310-13-8) DC Brushless Fan Motor, 13W Inverter air Conditioner Motor DC Motor for Central air Conditioner</p><p>$39.95</p><a href="https://www.amazon.com/dp/B0BY64HQTP?tag=eloabder-20&linkCode=osi&th=1&psc=1">View Product</a></div><div class="product"><a href="https://www.amazon.com/dp/B0CM5YB884?tag=eloabder-20&linkCode=osi&th=1&psc=1"><img src="https://m.media-amazon.com/images/I/310lQ2tAvLL._SL500_.jpg" alt="Product Image"></a><p>Sparkfix OEM WZDK20-38G (ZKFP-20-8-6) Air Conditioner Replacement Motors DC280V 20W Air Conditioning Fan Motor Inverter Air Conditioner Brushless DC Motor 1300RPM CCW</p><p>$42.79</p><a href="https://www.amazon.com/dp/B0CM5YB884?tag=eloabder-20&linkCode=osi&th=1&psc=1">View Product</a></div>













<div class="product"><a href="https://www.amazon.com/dp/B009PCI2JU?tag=eloabder-20&linkCode=osi&th=1&psc=1"><img src="https://m.media-amazon.com/images/I/310ZJurANUL._SL500_.jpg" alt="Product Image"></a><p>GE RPWFE Refrigerator Water Filter | Certified to Reduce Lead, Sulfur, and 50+ Other Impurities | Replace Every 6 Months for Best Results | Pack of 1</p><p>$49.98</p><a href="https://www.amazon.com/dp/B009PCI2JU?tag=eloabder-20&linkCode=osi&th=1&psc=1">View Product</a></div><div class="product"><a href="https://www.amazon.com/dp/B0882ZJ48W?tag=eloabder-20&linkCode=osi&th=1&psc=1"><img src="https://m.media-amazon.com/images/I/41110o9sUoL._SL500_.jpg" alt="Product Image"></a><p>GE XWFE Refrigerator Water Filter | Certified to Reduce Lead, Sulfur, and 50+ Other Impurities | Replace Every 6 Months for Best Results | Pack of 1, White</p><p>$49.00</p><a href="https://www.amazon.com/dp/B0882ZJ48W?tag=eloabder-20&linkCode=osi&th=1&psc=1">View Product</a></div><div class="product"><a href="https://www.amazon.com/dp/B074HLRXMP?tag=eloabder-20&linkCode=osi&th=1&psc=1"><img src="https://m.media-amazon.com/images/I/21oDpGCQXiL._SL500_.jpg" alt="Product Image"></a><p>LG LT1000P - 6 Month / 200 Gallon Capacity Replacement Refrigerator Water Filter (NSF42, NSF53, and NSF401) ADQ74793501, ADQ75795105, or AGF80300704 , White</p><p>$47.00</p><a href="https://www.amazon.com/dp/B074HLRXMP?tag=eloabder-20&linkCode=osi&th=1&psc=1">View Product</a></div><div class="product"><a href="https://www.amazon.com/dp/B01BKWSHHE?tag=eloabder-20&linkCode=osi&th=1&psc=1"><img src="https://m.media-amazon.com/images/I/31E2+zlkvjL._SL500_.jpg" alt="Product Image"></a><p>Frigidaire EPTWFU01 Water Filtration Filter, 1 Count, White</p><p>$42.99</p><a href="https://www.amazon.com/dp/B01BKWSHHE?tag=eloabder-20&linkCode=osi&th=1&psc=1">View Product</a></div><div class="product"><a href="https://www.amazon.com/dp/B08V6JB9R7?tag=eloabder-20&linkCode=osi&th=1&psc=1"><img src="https://m.media-amazon.com/images/I/31PRPEffCZL._SL500_.jpg" alt="Product Image"></a><p>Frigidaire FPPWFU01 PurePour PWF-1 Water Filter 1 Count (Pack of 1)</p><p>$45.81</p><a href="https://www.amazon.com/dp/B08V6JB9R7?tag=eloabder-20&linkCode=osi&th=1&psc=1">View Product</a></div><div class="product"><a href="https://www.amazon.com/dp/B000AST3AK?tag=eloabder-20&linkCode=osi&th=1&psc=1"><img src="https://m.media-amazon.com/images/I/41DUoSxpwTS._SL500_.jpg" alt="Product Image"></a><p>GE MWF Refrigerator Water Filter | Certified to Reduce Lead, Sulfur, and 50+ Other Impurities | Replace Every 6 Months for Best Results | Pack of 1</p><p>$39.98</p><a href="https://www.amazon.com/dp/B000AST3AK?tag=eloabder-20&linkCode=osi&th=1&psc=1">View Product</a></div><div class="product"><a href="https://www.amazon.com/dp/B0CFZR7K8D?tag=eloabder-20&linkCode=osi&th=1&psc=1"><img src="https://m.media-amazon.com/images/I/31WM5sdhKLL._SL500_.jpg" alt="Product Image"></a><p>HMASAV W10295370A water filter replacement, Compatible with EDR1RXD1,EDR1RXD1B,W10295370,Filter 1,WHR1RXD1,KAD1RXD1,P4RFWB,P8RFWB2L,46-9930,46-9081 2PACK</p><p>$29.99 ($15.00 / Count)</p><a href="https://www.amazon.com/dp/B0CFZR7K8D?tag=eloabder-20&linkCode=osi&th=1&psc=1">View Product</a></div><div class="product"><a href="https://www.amazon.com/dp/B07JM9TTTT?tag=eloabder-20&linkCode=osi&th=1&psc=1"><img src="https://m.media-amazon.com/images/I/41CfAtJ8TPL._SL500_.jpg" alt="Product Image"></a><p>GLACIER FRESH LT1000PC Replacement Water Filter, Compatible with LT1000PC/PCS, LT1000PC, LT-1000PC, MDJ64844601, ADQ747935 ADQ74793504 Filter and LT120F ADQ73334008 Fresh Air (3+3)</p><p>$39.99 ($13.33 / Count)</p><a href="https://www.amazon.com/dp/B07JM9TTTT?tag=eloabder-20&linkCode=osi&th=1&psc=1">View Product</a></div><div class="product"><a href="https://www.amazon.com/dp/B003N1ZSYG?tag=eloabder-20&linkCode=osi&th=1&psc=1"><img src="https://m.media-amazon.com/images/I/31Mbrkrxu1L._SL500_.jpg" alt="Product Image"></a><p>SAMSUNG Genuine Filter for Refrigerator Water and Ice, Carbon Block Filtration for Clean, Clear Drinking Water, 6-Month Life, HAF-CIN/EXP, 1 Pack</p><p>$39.99</p><a href="https://www.amazon.com/dp/B003N1ZSYG?tag=eloabder-20&linkCode=osi&th=1&psc=1">View Product</a></div>









<div class="product"><a href="https://www.amazon.com/dp/B0B2NZ47HN?tag=eloabder-20&linkCode=osi&th=1&psc=1"><img src="https://m.media-amazon.com/images/I/41nC6c2XxJL._SL500_.jpg" alt="Product Image"></a><p>OTE Portable Sparkling Water Maker Soda Maker Machine for home with 20PCS Cylinders 450ml Personal seltzer Carbonators Electroless Double Layer PET Bottle BPA Free Double Pressure Relief Valves -Pink</p><p>$49.99</p><a href="https://www.amazon.com/dp/B0B2NZ47HN?tag=eloabder-20&linkCode=osi&th=1&psc=1">View Product</a></div><div class="product"><a href="https://www.amazon.com/dp/B09DY54L7M?tag=eloabder-20&linkCode=osi&th=1&psc=1"><img src="https://m.media-amazon.com/images/I/31LSpnm3G8L._SL500_.jpg" alt="Product Image"></a><p>MOSOLAN Bottle Cleaning Brush, 17 Inches Extra Long Handle Water Bottle Brush, Flexible Bendable Cleaner for Washing Narrow Neck Bottles, Wine Decanter, Kombucha, Pipes, Beer Brewing Supplies, 2 Pack</p><p>$11.95 ($5.98 / Count)</p><a href="https://www.amazon.com/dp/B09DY54L7M?tag=eloabder-20&linkCode=osi&th=1&psc=1">View Product</a></div><div class="product"><a href="https://www.amazon.com/dp/B0736CBNDN?tag=eloabder-20&linkCode=osi&th=1&psc=1"><img src="https://m.media-amazon.com/images/I/41tWXmwP5KL._SL500_.jpg" alt="Product Image"></a><p>#2 Filter Pads (10 Pack Bulk) Compatible with Mini Jet Machine | #2 1.8-2.5 micron | 2 Micron Filtering pads. Filter Wine Beer, Kombucha, Mead Mash. Polishing filtration| Not a Buon Vino product.</p><p>$18.99</p><a href="https://www.amazon.com/dp/B0736CBNDN?tag=eloabder-20&linkCode=osi&th=1&psc=1">View Product</a></div>









<div class="product"><a href="https://www.amazon.com/dp/B07YGN577Y?tag=eloabder-20&linkCode=osi&th=1&psc=1"><img src="https://m.media-amazon.com/images/I/31kfZiyDMUL._SL500_.jpg" alt="Product Image"></a><p>9870163 Trash Power Nut WP9870163 L8</p><p>$50.36</p><a href="https://www.amazon.com/dp/B07YGN577Y?tag=eloabder-20&linkCode=osi&th=1&psc=1">View Product</a></div>

<div class="product"><a href="https://www.amazon.com/dp/B0CWQLM4C7?tag=eloabder-20&linkCode=osi&th=1&psc=1"><img src="https://m.media-amazon.com/images/I/41gTEIOjtlL._SL500_.jpg" alt="Product Image"></a><p>7" Seven Seconds Lazy Kitchen Food Making Tools - Multifunctional Fruit Vegetable Chopper Quick Garlic Peeling Machine Convenient Food Chopper for Slicing,Juice,Grinding</p><p>$32.99</p><a href="https://www.amazon.com/dp/B0CWQLM4C7?tag=eloabder-20&linkCode=osi&th=1&psc=1">View Product</a></div>







<div class="product"><a href="https://www.amazon.com/dp/B0CNKFM9WR?tag=eloabder-20&linkCode=osi&th=1&psc=1"><img src="https://m.media-amazon.com/images/I/31sGGIDic9L._SL500_.jpg" alt="Product Image"></a><p>hobbyme Pack of 4 Plastic Coffee Scoops with Brush & Espresso Grinder Brush for Ground Coffee Cleaning Tea Power Coffee Grinder Spoon</p><p>$6.49</p><a href="https://www.amazon.com/dp/B0CNKFM9WR?tag=eloabder-20&linkCode=osi&th=1&psc=1">View Product</a></div>





<div class="product"><a href="https://www.amazon.com/dp/B07798328B?tag=eloabder-20&linkCode=osi&th=1&psc=1"><img src="https://m.media-amazon.com/images/I/31Vpin+sgUS._SL500_.jpg" alt="Product Image"></a><p>Prime-Line MP10513 Standard Plastic Ice Cube Trays (5 Pack)</p><p>$12.69</p><a href="https://www.amazon.com/dp/B07798328B?tag=eloabder-20&linkCode=osi&th=1&psc=1">View Product</a></div><div class="product"><a href="https://www.amazon.com/dp/B077965JDB?tag=eloabder-20&linkCode=osi&th=1&psc=1"><img src="https://m.media-amazon.com/images/I/31H1hNlH6RL._SL500_.jpg" alt="Product Image"></a><p>Prime-Line MP10863 Standard Plastic Ice Cube Trays (2 Pack)</p><p>$9.69</p><a href="https://www.amazon.com/dp/B077965JDB?tag=eloabder-20&linkCode=osi&th=1&psc=1">View Product</a></div>

<div class="product"><a href="https://www.amazon.com/dp/B08MPLY84K?tag=eloabder-20&linkCode=osi&th=1&psc=1"><img src="https://m.media-amazon.com/images/I/31kWTfzQJBL._SL500_.jpg" alt="Product Image"></a><p>Syntus Vacuum Sealer Bags, 6 Pack 3 Rolls 11" x 20' and 3 Rolls 8" x 20' Commercial Grade BPA Free Bag Rolls, Food Vac Bags for Storage, Meal Prep or Sous Vide</p><p>$19.99</p><a href="https://www.amazon.com/dp/B08MPLY84K?tag=eloabder-20&linkCode=osi&th=1&psc=1">View Product</a></div><div class="product"><a href="https://www.amazon.com/dp/B0C5BWRMQL?tag=eloabder-20&linkCode=osi&th=1&psc=1"><img src="https://m.media-amazon.com/images/I/41yPpkb6oeL._SL500_.jpg" alt="Product Image"></a><p>Bonsenkitchen Vacuum Sealer Rolls Bags, 6 Pack 3 Rolls 11" x 20' + 3 Rolls 8" x 20' Commercial Grade BPA Free Bag Rolls, Durable Customized Size Food Vac Bags for Storage and Sous Vide Cooking VB3211</p><p>$19.99 ($3.33 / Count)</p><a href="https://www.amazon.com/dp/B0C5BWRMQL?tag=eloabder-20&linkCode=osi&th=1&psc=1">View Product</a></div><div class="product"><a href="https://www.amazon.com/dp/B0C5C1JTC4?tag=eloabder-20&linkCode=osi&th=1&psc=1"><img src="https://m.media-amazon.com/images/I/31JpyYsm7YL._SL500_.jpg" alt="Product Image"></a><p>Bonsenkitchen Vacuum Food Sealer Bags 200 Quart 8" x 12", BPA Free, Commercial Grade Textured Food Vacuum Sealer Bag, Thick Embossed Bags for Food Storage and Sous Vide Cooking VB3208</p><p>$18.39 ($0.09 / Count)</p><a href="https://www.amazon.com/dp/B0C5C1JTC4?tag=eloabder-20&linkCode=osi&th=1&psc=1">View Product</a></div><div class="product"><a href="https://www.amazon.com/dp/B07TMZDGQ1?tag=eloabder-20&linkCode=osi&th=1&psc=1"><img src="https://m.media-amazon.com/images/I/31cRCu-JIsL._SL500_.jpg" alt="Product Image"></a><p>Wevac Vacuum Sealer Bags 11x50 Rolls 2 pack for Food Saver, Seal a Meal, Weston. Commercial Grade, BPA Free, Heavy Duty, Great for vac storage, Meal Prep or Sous Vide</p><p>$20.99 ($0.21 / Count)</p><a href="https://www.amazon.com/dp/B07TMZDGQ1?tag=eloabder-20&linkCode=osi&th=1&psc=1">View Product</a></div><div class="product"><a href="https://www.amazon.com/dp/B07TV4KRCL?tag=eloabder-20&linkCode=osi&th=1&psc=1"><img src="https://m.media-amazon.com/images/I/31uv3qtc9bL._SL500_.jpg" alt="Product Image"></a><p>Wevac Vacuum Sealer Bags 100 Gallon 11x16 Inch for Food Saver, Seal a Meal, Weston. Commercial Grade, BPA Free, Heavy Duty, Great for vac storage, Meal Prep and Sous Vide</p><p>$21.24</p><a href="https://www.amazon.com/dp/B07TV4KRCL?tag=eloabder-20&linkCode=osi&th=1&psc=1">View Product</a></div>


<div class="product"><a href="https://www.amazon.com/dp/B093G5XCVF?tag=eloabder-20&linkCode=osi&th=1&psc=1"><img src="https://m.media-amazon.com/images/I/313Cq6ASf0S._SL500_.jpg" alt="Product Image"></a><p>2 Multipurpose Pastry Brush Basting & Coffee Grinders Cleaning Brush Wooden Handle Natural Boar Bristles Baking Cooking Sauce egg wash Bakery Supply Espresso Bean Barista</p><p>$7.21</p><a href="https://www.amazon.com/dp/B093G5XCVF?tag=eloabder-20&linkCode=osi&th=1&psc=1">View Product</a></div><div class="product"><a href="https://www.amazon.com/dp/B07JGRYG31?tag=eloabder-20&linkCode=osi&th=1&psc=1"><img src="https://m.media-amazon.com/images/I/31nd-jhgzdL._SL500_.jpg" alt="Product Image"></a><p>Coffee Grinder Cleaning Brush + Coffee Brush Wood Handle & Natural Bristles Pastry Brush</p><p>$5.99</p><a href="https://www.amazon.com/dp/B07JGRYG31?tag=eloabder-20&linkCode=osi&th=1&psc=1">View Product</a></div><div class="product"><a href="https://www.amazon.com/dp/B0C53G4T7X?tag=eloabder-20&linkCode=osi&th=1&psc=1"><img src="https://m.media-amazon.com/images/I/21Hrgmpj8YL._SL500_.jpg" alt="Product Image"></a><p>Leadigol Cleaning Tool Coffee Machine Home Pastry Brush Multifunctional Wooden Handle Baking Soft Bristles Coffee Grinder Brush</p><p>$7.99</p><a href="https://www.amazon.com/dp/B0C53G4T7X?tag=eloabder-20&linkCode=osi&th=1&psc=1">View Product</a></div><div class="product"><a href="https://www.amazon.com/dp/B07W5WM2LF?tag=eloabder-20&linkCode=osi&th=1&psc=1"><img src="https://m.media-amazon.com/images/I/41-7fWE9tSL._SL500_.jpg" alt="Product Image"></a><p>Redecker Waffle Machine Brush with Oiled Beechwood Handle, Stiff Heat-resistant Tampico Fiber Bristles, 6-1/2 inches, Made in Germany</p><p>$21.99</p><a href="https://www.amazon.com/dp/B07W5WM2LF?tag=eloabder-20&linkCode=osi&th=1&psc=1">View Product</a></div>






Aucun rÃ©sultat trouvÃ©.


<div class="product"><a href="https://www.amazon.com/dp/B00LQKZQAW?tag=eloabder-20&linkCode=osi&th=1&psc=1"><img src="https://m.media-amazon.com/images/I/31nBii+cbiL._SL500_.jpg" alt="Product Image"></a><p>Electrolux 5308000716 Dish Replacement , White</p><p>$17.16</p><a href="https://www.amazon.com/dp/B00LQKZQAW?tag=eloabder-20&linkCode=osi&th=1&psc=1">View Product</a></div><div class="product"><a href="https://www.amazon.com/dp/B09BBPTSNK?tag=eloabder-20&linkCode=osi&th=1&psc=1"><img src="https://m.media-amazon.com/images/I/41kdVEnPDTL._SL500_.jpg" alt="Product Image"></a><p>Judeeâ€™s Butter Powder 5 lb - 100% Non-GMO and Keto-Friendly - rBST Hormone-Free - Gluten-Free and Nut-Free - Made from 100% Real Butter - Baking Ready Ingredient - Made in USA</p><p>$59.99 ($0.75 / Ounce)</p><a href="https://www.amazon.com/dp/B09BBPTSNK?tag=eloabder-20&linkCode=osi&th=1&psc=1">View Product</a></div>
<div class="product"><a href="https://www.amazon.com/dp/B0C1G9K19X?tag=eloabder-20&linkCode=osi&th=1&psc=1"><img src="https://m.media-amazon.com/images/I/41OVBrQ1wFL._SL500_.jpg" alt="Product Image"></a><p>Coffee Cup Design Coffee Filter Holder, Coffee Paper Rack Stand, Metal Coffee Filter Container Stand, Coffee Bar Accessories Vertical Paper Towel Napkin Holder for Cone Square Fan Shaped Size (Black)</p><p>$8.99</p><a href="https://www.amazon.com/dp/B0C1G9K19X?tag=eloabder-20&linkCode=osi&th=1&psc=1">View Product</a></div><div class="product"><a href="https://www.amazon.com/dp/B07TP1YN7G?tag=eloabder-20&linkCode=osi&th=1&psc=1"><img src="https://m.media-amazon.com/images/I/41BpYdpRyaL._SL500_.jpg" alt="Product Image"></a><p>CAFEMASY Coffee Filter Holder Storage Coffee Filter Paper Dispenser Rack with Dustproof Cover for V60 and Cone Coffee Filters</p><p>$9.99</p><a href="https://www.amazon.com/dp/B07TP1YN7G?tag=eloabder-20&linkCode=osi&th=1&psc=1">View Product</a></div><div class="product"><a href="https://www.amazon.com/dp/B0BFCTW7MY?tag=eloabder-20&linkCode=osi&th=1&psc=1"><img src="https://m.media-amazon.com/images/I/31s709IEZkL._SL500_.jpg" alt="Product Image"></a><p>Coffee Filter Holder, watchget Reusable Coffee Paper Filter Storage Bag for Cone-shaped Filter Papers V60 Waterproof Canvas Suitable for Outdoor Camping Traveling(02)</p><p>$11.99</p><a href="https://www.amazon.com/dp/B0BFCTW7MY?tag=eloabder-20&linkCode=osi&th=1&psc=1">View Product</a></div>












<div class="product"><a href="https://www.amazon.com/dp/B00UTFZAII?tag=eloabder-20&linkCode=osi&th=1&psc=1"><img src="https://m.media-amazon.com/images/I/31z7hZ6KbXL._SL500_.jpg" alt="Product Image"></a><p>Miele 10123210 AirClean 3D Efficiency Dust Bag, Type GN, 4 Bags & 2 Filters, White</p><p>$21.86 ($21.86 / Count)</p><a href="https://www.amazon.com/dp/B00UTFZAII?tag=eloabder-20&linkCode=osi&th=1&psc=1">View Product</a></div><div class="product"><a href="https://www.amazon.com/dp/B07WHG6J5S?tag=eloabder-20&linkCode=osi&th=1&psc=1"><img src="https://m.media-amazon.com/images/I/41hnaEOxB9L._SL500_.jpg" alt="Product Image"></a><p>KEEPOW Vacuum Filters for Eureka, Power Speed Vacuum Filters Replacement for Eureka NEU182A, NEU182B, NEU280, NEU180, NEU181, NEU188, NEU202 Bagless Upright Vacuum Cleaner, Part E0202 (4 Pack)</p><p>$9.99 ($2.50 / Count)</p><a href="https://www.amazon.com/dp/B07WHG6J5S?tag=eloabder-20&linkCode=osi&th=1&psc=1">View Product</a></div><div class="product"><a href="https://www.amazon.com/dp/B00UTFZB82?tag=eloabder-20&linkCode=osi&th=1&psc=1"><img src="https://m.media-amazon.com/images/I/41WdlL5T0dL._SL500_.jpg" alt="Product Image"></a><p>Miele AirClean 3D Efficiency Dust Bag, Type FJM, 4 Bags & 2 Filters, White</p><p>$18.99</p><a href="https://www.amazon.com/dp/B00UTFZB82?tag=eloabder-20&linkCode=osi&th=1&psc=1">View Product</a></div><div class="product"><a href="https://www.amazon.com/dp/B09NKP346M?tag=eloabder-20&linkCode=osi&th=1&psc=1"><img src="https://m.media-amazon.com/images/I/41o25nqkODL._SL500_.jpg" alt="Product Image"></a><p>Anewise 6 Pack Filter Replacement for Bissell Powerforce Compact Lightweight Upright 2112 1520 for Bissel Turbo Bagless 2690 Cleanview 3437 3508 Vacuum Cleaner, Compare to Parts #1604896/160-4896</p><p>$12.99</p><a href="https://www.amazon.com/dp/B09NKP346M?tag=eloabder-20&linkCode=osi&th=1&psc=1">View Product</a></div><div class="product"><a href="https://www.amazon.com/dp/B01MQ5NITB?tag=eloabder-20&linkCode=osi&th=1&psc=1"><img src="https://m.media-amazon.com/images/I/41J6lG4H1bL._SL500_.jpg" alt="Product Image"></a><p>Bissell Style 7 3 Pack Vacuum Cleaner Bags, White, 3 Count</p><p>$8.69 ($2.90 / Count)</p><a href="https://www.amazon.com/dp/B01MQ5NITB?tag=eloabder-20&linkCode=osi&th=1&psc=1">View Product</a></div><div class="product"><a href="https://www.amazon.com/dp/B0CDH1JY5D?tag=eloabder-20&linkCode=osi&th=1&psc=1"><img src="https://m.media-amazon.com/images/I/516DPXu4siL._SL500_.jpg" alt="Product Image"></a><p>4 Pack Replacement Filters Compatiable with Wyze Cordless Vacuum Cleaner, Removable and Washable HEPA Filter Accessories Part Set with 1 Cleaning Brush for Wyze Handheld Cordless Vacuum Cleaner</p><p>$15.99 ($4.00 / Count)</p><a href="https://www.amazon.com/dp/B0CDH1JY5D?tag=eloabder-20&linkCode=osi&th=1&psc=1">View Product</a></div><div class="product"><a href="https://www.amazon.com/dp/B07P3WB37F?tag=eloabder-20&linkCode=osi&th=1&psc=1"><img src="https://m.media-amazon.com/images/I/51WaYrkiVXL._SL500_.jpg" alt="Product Image"></a><p>Miele AirClean 3D Efficiency Dust Bag, Type GN, XL Value Pack, 8 Bags and 4 Filters</p><p>$36.99</p><a href="https://www.amazon.com/dp/B07P3WB37F?tag=eloabder-20&linkCode=osi&th=1&psc=1">View Product</a></div><div class="product"><a href="https://www.amazon.com/dp/B09DSY4Z2T?tag=eloabder-20&linkCode=osi&th=1&psc=1"><img src="https://m.media-amazon.com/images/I/51+ref3EeAL._SL500_.jpg" alt="Product Image"></a><p>Filter Replacement for Tineco A10 A11 Hero A10/A11 Master PURE ONE S11 Series, S12, X Cordless Vacuum Cleaner (3 PACK) â€¦</p><p>$12.99 ($4.33 / Count)</p><a href="https://www.amazon.com/dp/B09DSY4Z2T?tag=eloabder-20&linkCode=osi&th=1&psc=1">View Product</a></div>


<div class="product"><a href="https://www.amazon.com/dp/B0BXRR5QFV?tag=eloabder-20&linkCode=osi&th=1&psc=1"><img src="https://m.media-amazon.com/images/I/41sjdBkCp8L._SL500_.jpg" alt="Product Image"></a><p>AC Infinity CLOUDFORGE T7, Plant Humidifier 15L with VPD Humidity Controls, 10-Level Precision Vaporizer, Extendable Hose, Targeting Pipe, and No-Leak Seal for Grow Tents</p><p>$159.00</p><a href="https://www.amazon.com/dp/B0BXRR5QFV?tag=eloabder-20&linkCode=osi&th=1&psc=1">View Product</a></div><div class="product"><a href="https://www.amazon.com/dp/B01N6MV8SA?tag=eloabder-20&linkCode=osi&th=1&psc=1"><img src="https://m.media-amazon.com/images/I/41hX08+W1xL._SL500_.jpg" alt="Product Image"></a><p>Protec Humidifier Tank Cleaner, 1 Count - Colors May Vary</p><p>$5.98</p><a href="https://www.amazon.com/dp/B01N6MV8SA?tag=eloabder-20&linkCode=osi&th=1&psc=1">View Product</a></div><div class="product"><a href="https://www.amazon.com/dp/B07GXBTH82?tag=eloabder-20&linkCode=osi&th=1&psc=1"><img src="https://m.media-amazon.com/images/I/41ibxK12JPL._SL500_.jpg" alt="Product Image"></a><p>Essick Air 1970-2 Humidifier, 2-Quart Bacteriostatic Treatment, 2 Pack, Clear, 2</p><p>$22.99</p><a href="https://www.amazon.com/dp/B07GXBTH82?tag=eloabder-20&linkCode=osi&th=1&psc=1">View Product</a></div><div class="product"><a href="https://www.amazon.com/dp/B08TTT3K9B?tag=eloabder-20&linkCode=osi&th=1&psc=1"><img src="https://m.media-amazon.com/images/I/41U6j9SexmL._SL500_.jpg" alt="Product Image"></a><p>Leemone Humidifier Cleaner 12 Pack, Demineralization Cleaning Ball, Works in All humidifiers and Fish Tanks, Purifies Water, Prevents Hard Water Build-Up, Eliminates White Dust and Odor</p><p>$14.44</p><a href="https://www.amazon.com/dp/B08TTT3K9B?tag=eloabder-20&linkCode=osi&th=1&psc=1">View Product</a></div>
<div class="product"><a href="https://www.amazon.com/dp/B07YD4XCT3?tag=eloabder-20&linkCode=osi&th=1&psc=1"><img src="https://m.media-amazon.com/images/I/41hR81iKyJL._SL500_.jpg" alt="Product Image"></a><p>Vacplus Moisture Absorber Packets, Fragrance Free(10 Pack), Humidity Packs, Hanging Closet Dehumidifier Bags, Desiccant 9.8OZ</p><p>$21.99</p><a href="https://www.amazon.com/dp/B07YD4XCT3?tag=eloabder-20&linkCode=osi&th=1&psc=1">View Product</a></div><div class="product"><a href="https://www.amazon.com/dp/B09LQF5V5K?tag=eloabder-20&linkCode=osi&th=1&psc=1"><img src="https://m.media-amazon.com/images/I/51Cx5ECAotL._SL500_.jpg" alt="Product Image"></a><p>CLEVAST Moisture Absorbers Packets 10 Pack, Dehumidifier Bags for Closet, Unscented Hanging Humidity Absorber in Wardrobes, Bedrooms, Bathrooms(230g/pack)</p><p>$16.98</p><a href="https://www.amazon.com/dp/B09LQF5V5K?tag=eloabder-20&linkCode=osi&th=1&psc=1">View Product</a></div><div class="product"><a href="https://www.amazon.com/dp/B0B8L9QRW8?tag=eloabder-20&linkCode=osi&th=1&psc=1"><img src="https://m.media-amazon.com/images/I/518LgtpPi8L._SL500_.jpg" alt="Product Image"></a><p>Arm & Hammer Essentials Disposable Moisture Absorber and Odor Eliminator Tub, Fragrance Free, 1 lb, 3-Pack, Attracts and Traps Excess Moisture, Ideal Closet Dehumidifier, White</p><p>$24.94 ($0.52 / Ounce)</p><a href="https://www.amazon.com/dp/B0B8L9QRW8?tag=eloabder-20&linkCode=osi&th=1&psc=1">View Product</a></div><div class="product"><a href="https://www.amazon.com/dp/B09W9TPJGZ?tag=eloabder-20&linkCode=osi&th=1&psc=1"><img src="https://m.media-amazon.com/images/I/51pVTVMwHbL._SL500_.jpg" alt="Product Image"></a><p>THECOSKY Dehumidifier and Air Purifier Combo,HEPA H13 Filter and Negative Air Ion Function,54oz(1.6L) Water Tank with Drain Hose,24hrs Auto-Off Timer,Idea for Bedroom,Bathroom,Closet,RV</p><p>$109.99</p><a href="https://www.amazon.com/dp/B09W9TPJGZ?tag=eloabder-20&linkCode=osi&th=1&psc=1">View Product</a></div><div class="product"><a href="https://www.amazon.com/dp/B0CXDG65LZ?tag=eloabder-20&linkCode=osi&th=1&psc=1"><img src="https://m.media-amazon.com/images/I/41HNflmbKHL._SL500_.jpg" alt="Product Image"></a><p>14 x 17.5 x1.75 MERV 13 Replacement Dehumidifier Filter Compatible with Santa Fe Advance90, Advance100, Advance120, Honeywell DR90 & DR120 dehumidifier models, 2 Pack</p><p>$42.99</p><a href="https://www.amazon.com/dp/B0CXDG65LZ?tag=eloabder-20&linkCode=osi&th=1&psc=1">View Product</a></div>
<div class="product"><a href="https://www.amazon.com/dp/B088B921NQ?tag=eloabder-20&linkCode=osi&th=1&psc=1"><img src="https://m.media-amazon.com/images/I/612e4cT3RYL._SL500_.jpg" alt="Product Image"></a><p>ULTTY H13 HEPA Replacement Filter with Medical Coating, True HEPA Filter For R021/ R020 Purifying Fan, Medium</p><p>$29.99</p><a href="https://www.amazon.com/dp/B088B921NQ?tag=eloabder-20&linkCode=osi&th=1&psc=1">View Product</a></div><div class="product"><a href="https://www.amazon.com/dp/B0D2MZ4Y7Z?tag=eloabder-20&linkCode=osi&th=1&psc=1"><img src="https://m.media-amazon.com/images/I/51KgTHizWyL._SL500_.jpg" alt="Product Image"></a><p>Butto 5-Pack Ceiling Fan Filters for Blades - Strong Adhesive Ceiling Fan Filters for Common Household Contaminants - Unscented Coconut Carbon Fan Air Purifier Pads to Make Air Fresh and Natural</p><p>$9.98</p><a href="https://www.amazon.com/dp/B0D2MZ4Y7Z?tag=eloabder-20&linkCode=osi&th=1&psc=1">View Product</a></div><div class="product"><a href="https://www.amazon.com/dp/B0C42HCM21?tag=eloabder-20&linkCode=osi&th=1&psc=1"><img src="https://m.media-amazon.com/images/I/31jk3lpoygL._SL500_.jpg" alt="Product Image"></a><p>Barnakl Ceiling Fan Filters | Activated Coconut Shell Carbon Filter | Easy-Stick Universal Ceiling Fan Air Filters | Unscented Ceiling Fan Blade Filters for Common Household Contaminants, (3-Count)</p><p>$19.99 ($6.66 / Count)</p><a href="https://www.amazon.com/dp/B0C42HCM21?tag=eloabder-20&linkCode=osi&th=1&psc=1">View Product</a></div>
<div class="product"><a href="https://www.amazon.com/dp/B08LZWP29P?tag=eloabder-20&linkCode=osi&th=1&psc=1"><img src="https://m.media-amazon.com/images/I/41NLuzzFW9L._SL500_.jpg" alt="Product Image"></a><p>Chromex Tankless Water Heater Descaling Solution | Highly Effective Descaler Restores Heating Efficiency, Quart, 32 fl oz (1)</p><p>$26.99</p><a href="https://www.amazon.com/dp/B08LZWP29P?tag=eloabder-20&linkCode=osi&th=1&psc=1">View Product</a></div>

<div class="product"><a href="https://www.amazon.com/dp/B005UO4OWQ?tag=eloabder-20&linkCode=osi&th=1&psc=1"><img src="https://m.media-amazon.com/images/I/41oQPKFofoL._SL500_.jpg" alt="Product Image"></a><p>Bissell 203-7458 Brushroll, Bg10/86T3, Black</p><p>$21.26 ($21.26 / Count)</p><a href="https://www.amazon.com/dp/B005UO4OWQ?tag=eloabder-20&linkCode=osi&th=1&psc=1">View Product</a></div>





















<div class="product"><a href="https://www.amazon.com/dp/B0014J7FUY?tag=eloabder-20&linkCode=osi&th=1&psc=1"><img src="https://m.media-amazon.com/images/I/31QrM+IPxOL._SL500_.jpg" alt="Product Image"></a><p>Urnex Grindz Professional Coffee Grinder Cleaning Tablets - 430 Grams - All Natural Food Safe Gluten Free - Cleans Burr and Casing - Help Extend Life of Your Grinder</p><p>$25.99 ($1.71 / Ounce)</p><a href="https://www.amazon.com/dp/B0014J7FUY?tag=eloabder-20&linkCode=osi&th=1&psc=1">View Product</a></div>



<div class="product"><a href="https://www.amazon.com/dp/B0CHW317SG?tag=eloabder-20&linkCode=osi&th=1&psc=1"><img src="https://m.media-amazon.com/images/I/41Qd5Iu3qBL._SL500_.jpg" alt="Product Image"></a><p>EUHOMY 55 Can Beverage Refrigerator cooler-Mini Fridge Glass Door for Beer Drinks Wines, Freestanding Beverage Fridge with Adjustable Shelves Blue LED for Home/Office/Dorm/Bar (1.3cu.ft)</p><p>$128.99</p><a href="https://www.amazon.com/dp/B0CHW317SG?tag=eloabder-20&linkCode=osi&th=1&psc=1">View Product</a></div>

<div class="product"><a href="https://www.amazon.com/dp/B099CN2MRK?tag=eloabder-20&linkCode=osi&th=1&psc=1"><img src="https://m.media-amazon.com/images/I/31CvUCIUX5L._SL500_.jpg" alt="Product Image"></a><p>Genuine PuroAir 240 Replacement Filter - Replacement HEPA Filter for PuroAir 240 Purifier - Captures up to 99% of Pollen, Smoke, Pollen, Dust and Common Household Pollutants</p><p>$48.00</p><a href="https://www.amazon.com/dp/B099CN2MRK?tag=eloabder-20&linkCode=osi&th=1&psc=1">View Product</a></div><div class="product"><a href="https://www.amazon.com/dp/B0055521W0?tag=eloabder-20&linkCode=osi&th=1&psc=1"><img src="https://m.media-amazon.com/images/I/41Hs7ixdyXL._SL500_.jpg" alt="Product Image"></a><p>GermGuardian Filter B HEPA Pure Genuine Air Purifier Replacement Filter, Removes 99.97% of Pollutants for AC4825, AC4300, AC4900, AC4825DLX, AC4850, CDAP4500, AP2200, Black/Yellow, FLT4825</p><p>$17.90 ($17.90 / Count)</p><a href="https://www.amazon.com/dp/B0055521W0?tag=eloabder-20&linkCode=osi&th=1&psc=1">View Product</a></div><div class="product"><a href="https://www.amazon.com/dp/B0BNMYKZPV?tag=eloabder-20&linkCode=osi&th=1&psc=1"><img src="https://m.media-amazon.com/images/I/41-K3mB6KkL._SL500_.jpg" alt="Product Image"></a><p>2 Pack True HEPA KILO Filter Compatible with Afloia KILO, KILOPLUS, KILOPRO, MIRO,MIRO PRO and MORENTO MR-Kilo, Kalo Air Purifier, 360Â° 3-Stage Filtration</p><p>$34.99 ($17.50 / Count)</p><a href="https://www.amazon.com/dp/B0BNMYKZPV?tag=eloabder-20&linkCode=osi&th=1&psc=1">View Product</a></div><div class="product"><a href="https://www.amazon.com/dp/B0D3M4Y9W7?tag=eloabder-20&linkCode=osi&th=1&psc=1"><img src="https://m.media-amazon.com/images/I/41tzW+mkZuL._SL500_.jpg" alt="Product Image"></a><p>Breshair 14 True HEPA Filter Replacement Compatible with PuroAir 240 Air Purifier, 3-in-1 Filtration System with Activated Carbon Filter, 2-Pack</p><p>$31.56 ($15.78 / Count)</p><a href="https://www.amazon.com/dp/B0D3M4Y9W7?tag=eloabder-20&linkCode=osi&th=1&psc=1">View Product</a></div><div class="product"><a href="https://www.amazon.com/dp/B0CB18MVX6?tag=eloabder-20&linkCode=osi&th=1&psc=1"><img src="https://m.media-amazon.com/images/I/519ZmmLOrzL._SL500_.jpg" alt="Product Image"></a><p>2 Pack 3-in-1 H13 True HEPA Replacement Filter Compatible with Pure Enrichment PureZone Air Purifier Part# PEAIRPLG</p><p>$23.99 ($12.00 / Count)</p><a href="https://www.amazon.com/dp/B0CB18MVX6?tag=eloabder-20&linkCode=osi&th=1&psc=1">View Product</a></div><div class="product"><a href="https://www.amazon.com/dp/B08JTZMRML?tag=eloabder-20&linkCode=osi&th=1&psc=1"><img src="https://m.media-amazon.com/images/I/51yx60sCjHL._SL500_.jpg" alt="Product Image"></a><p>6 Pack HPA300 HEPA Filter Replacement for Honeywell HPA300 Series Air Purifiers HPA300, HPA300VP, HPA304, HPA3300, Replace HRF-R3 (6 Ture HEPA R Replacement Filter + 8 Activated Carbon Pre-Filter)</p><p>$47.99 ($3.43 / Count)</p><a href="https://www.amazon.com/dp/B08JTZMRML?tag=eloabder-20&linkCode=osi&th=1&psc=1">View Product</a></div><div class="product"><a href="https://www.amazon.com/dp/B0CF1GLSYS?tag=eloabder-20&linkCode=osi&th=1&psc=1"><img src="https://m.media-amazon.com/images/I/41709EXRzXL._SL500_.jpg" alt="Product Image"></a><p>CHIVALZ 4 Pack HY4866 True HEPA Replacement Filters Compatible with MORENTO HY4866 Air Purifier, WESTHEY HY4866 Air Purifier and YIOU M1 Air Cleaner Purifier, Original Version</p><p>$39.99 ($10.00 / Count)</p><a href="https://www.amazon.com/dp/B0CF1GLSYS?tag=eloabder-20&linkCode=osi&th=1&psc=1">View Product</a></div>







<div class="product"><a href="https://www.amazon.com/dp/B0CYKMFKR9?tag=eloabder-20&linkCode=osi&th=1&psc=1"><img src="https://m.media-amazon.com/images/I/316zU-ozoxL._SL500_.jpg" alt="Product Image"></a><p>Air Purifier Replacement Filter for Space Heater Bladeless Fan</p><p>$29.99</p><a href="https://www.amazon.com/dp/B0CYKMFKR9?tag=eloabder-20&linkCode=osi&th=1&psc=1">View Product</a></div>
<div class="product"><a href="https://www.amazon.com/dp/B07MRH6VY7?tag=eloabder-20&linkCode=osi&th=1&psc=1"><img src="https://m.media-amazon.com/images/I/51g-nuN4A5L._SL500_.jpg" alt="Product Image"></a><p>Colorfullife Replacement Air Purifier Filter for Dyson Tower Purifier Pure Cool Link TP01, TP02, TP03, BP01, Compare to Part 968126-03ï¼Œ2 Pack</p><p>$26.99</p><a href="https://www.amazon.com/dp/B07MRH6VY7?tag=eloabder-20&linkCode=osi&th=1&psc=1">View Product</a></div><div class="product"><a href="https://www.amazon.com/dp/B07TX5SW7J?tag=eloabder-20&linkCode=osi&th=1&psc=1"><img src="https://m.media-amazon.com/images/I/512Kn+cPglL._SL500_.jpg" alt="Product Image"></a><p>TP01 HEPA Filter Replacement Compatible with Dyson Tower Purifier Pure Cool Link TP01, TP02, TP03, AM11, BP01 Models, Compare to Part # 968126-03 (Pack of 2)</p><p>$27.95 ($13.98 / Count)</p><a href="https://www.amazon.com/dp/B07TX5SW7J?tag=eloabder-20&linkCode=osi&th=1&psc=1">View Product</a></div><div class="product"><a href="https://www.amazon.com/dp/B0CC24GZGB?tag=eloabder-20&linkCode=osi&th=1&psc=1"><img src="https://m.media-amazon.com/images/I/41woNpZ9VgL._SL500_.jpg" alt="Product Image"></a><p>TP01 TP02 Filter Compatible with Dyson Pure Cool Link Purifying Tower Fan TP00 TP03 AM11 and Cool Me BP01 Personal Series, 360Â° Air Purifier Filter Replacement 968126-03, 1-Pack</p><p>$25.99</p><a href="https://www.amazon.com/dp/B0CC24GZGB?tag=eloabder-20&linkCode=osi&th=1&psc=1">View Product</a></div><div class="product"><a href="https://www.amazon.com/dp/B0CX23N2JJ?tag=eloabder-20&linkCode=osi&th=1&psc=1"><img src="https://m.media-amazon.com/images/I/3145hmd5j7L._SL500_.jpg" alt="Product Image"></a><p>Dreo Air Purifiers Replacement Filter, HEPA Filter for Dreo Purifier Tower Fan MC710S, with 2 Stage Filtration, Black, Standard(DR-HPA019)</p><p>$39.99</p><a href="https://www.amazon.com/dp/B0CX23N2JJ?tag=eloabder-20&linkCode=osi&th=1&psc=1">View Product</a></div>










<div class="product"><a href="https://www.amazon.com/dp/B001U0OJ7O?tag=eloabder-20&linkCode=osi&th=1&psc=1"><img src="https://m.media-amazon.com/images/I/41XEg3QV-wL._SL500_.jpg" alt="Product Image"></a><p>Whirlpool W10165294RB 15-Inch Plastic Trash Compactor ct, 60 Bags, Count</p><p>$48.34</p><a href="https://www.amazon.com/dp/B001U0OJ7O?tag=eloabder-20&linkCode=osi&th=1&psc=1">View Product</a></div><div class="product"><a href="https://www.amazon.com/dp/B0CC3V4ZZ4?tag=eloabder-20&linkCode=osi&th=1&psc=1"><img src="https://m.media-amazon.com/images/I/31bbvodHnjL._SL500_.jpg" alt="Product Image"></a><p>Waste Smasher- Hand-Held Manual Trash Compactor Dishwasher Safe Black</p><p>$24.95</p><a href="https://www.amazon.com/dp/B0CC3V4ZZ4?tag=eloabder-20&linkCode=osi&th=1&psc=1">View Product</a></div><div class="product"><a href="https://www.amazon.com/dp/B00IYO5914?tag=eloabder-20&linkCode=osi&th=1&psc=1"><img src="https://m.media-amazon.com/images/I/51SLpTXIYNL._SL500_.jpg" alt="Product Image"></a><p>Kitchen Master Super Strong Compactor Bags Pre Cuffed (12 Pack)</p><p>$34.95</p><a href="https://www.amazon.com/dp/B00IYO5914?tag=eloabder-20&linkCode=osi&th=1&psc=1">View Product</a></div><div class="product"><a href="https://www.amazon.com/dp/B075DJ4ZVQ?tag=eloabder-20&linkCode=osi&th=1&psc=1"><img src="https://m.media-amazon.com/images/I/51Vaek4I89L._SL500_.jpg" alt="Product Image"></a><p>Dano Pre-Cuffed Compactor Bags</p><p>$32.95 ($2.75 / Count)</p><a href="https://www.amazon.com/dp/B075DJ4ZVQ?tag=eloabder-20&linkCode=osi&th=1&psc=1">View Product</a></div><div class="product"><a href="https://www.amazon.com/dp/B0C2DCVCBJ?tag=eloabder-20&linkCode=osi&th=1&psc=1"><img src="https://m.media-amazon.com/images/I/51072CtaKuL._SL500_.jpg" alt="Product Image"></a><p>60-pack W10165294RB Trash Compactor Bags - leak-proof trash compactor bags for kitchen 60-ct 15 inches - Fits 15-inch Rectangular Drawer Compactors</p><p>$45.99 ($0.77 / Count)</p><a href="https://www.amazon.com/dp/B0C2DCVCBJ?tag=eloabder-20&linkCode=osi&th=1&psc=1">View Product</a></div><div class="product"><a href="https://www.amazon.com/dp/B001U0OJ7E?tag=eloabder-20&linkCode=osi&th=1&psc=1"><img src="https://m.media-amazon.com/images/I/41c0z26RyvL._SL500_.jpg" alt="Product Image"></a><p>Whirlpool W10165293RB Genuine OEM 60 Pack-Plastic Compactor Bags-18" Models â€“ 1394369, 4178058, 4318932, 4318933, 4318935, 4318937, 4318939, AH1964576, EA1964576, PS1964576</p><p>$48.64 ($0.81 / Count)</p><a href="https://www.amazon.com/dp/B001U0OJ7E?tag=eloabder-20&linkCode=osi&th=1&psc=1">View Product</a></div><div class="product"><a href="https://www.amazon.com/dp/B00W27J16S?tag=eloabder-20&linkCode=osi&th=1&psc=1"><img src="https://m.media-amazon.com/images/I/41RaOjAGlrL._SL500_.jpg" alt="Product Image"></a><p>Compactor Bags Pre Cuffed (50 Pack)</p><p>$84.95 ($1.70 / count)</p><a href="https://www.amazon.com/dp/B00W27J16S?tag=eloabder-20&linkCode=osi&th=1&psc=1">View Product</a></div><div class="product"><a href="https://www.amazon.com/dp/B00MOCYY2W?tag=eloabder-20&linkCode=osi&th=1&psc=1"><img src="https://m.media-amazon.com/images/I/41SH8mDsAnL._SL500_.jpg" alt="Product Image"></a><p>GE WX60X1 Genuine OEM Universal Trash Compactor Bags for GE Trash Compactors</p><p>$19.00</p><a href="https://www.amazon.com/dp/B00MOCYY2W?tag=eloabder-20&linkCode=osi&th=1&psc=1">View Product</a></div><div class="product"><a href="https://www.amazon.com/dp/B0D7SFSTNG?tag=eloabder-20&linkCode=osi&th=1&psc=1"><img src="https://m.media-amazon.com/images/I/41szt9tZJPL._SL500_.jpg" alt="Product Image"></a><p>4PCS Trash Compactor Charcoal Air Filter Fit for Whirlpool/KitchenAid/Maytag/Jenn-Air/Amana/Inglis/Magic Chef Trash Compactor, Replaces 4151750 554358 WP4151750 AP6009134 PS11742279</p><p>$23.59 ($5.90 / Count)</p><a href="https://www.amazon.com/dp/B0D7SFSTNG?tag=eloabder-20&linkCode=osi&th=1&psc=1">View Product</a></div>
<div class="product"><a href="https://www.amazon.com/dp/B0CGLX5ZB9?tag=eloabder-20&linkCode=osi&th=1&psc=1"><img src="https://m.media-amazon.com/images/I/51qeRZQS98L._SL500_.jpg" alt="Product Image"></a><p>Spare Replacement Parts Compatible with MAMNV BR150 BR151, ZCWA BR150 BR151, MANVINS G20 Robot Vacuum and Mop Combo Accessories Include: 3 Hepa Filters 3 Mop Pads 6 Side Spin Brushes</p><p>$9.98</p><a href="https://www.amazon.com/dp/B0CGLX5ZB9?tag=eloabder-20&linkCode=osi&th=1&psc=1">View Product</a></div><div class="product"><a href="https://www.amazon.com/dp/B0B28DGZBG?tag=eloabder-20&linkCode=osi&th=1&psc=1"><img src="https://m.media-amazon.com/images/I/51ooMN4RqML._SL500_.jpg" alt="Product Image"></a><p>Replacement Parts for Shark AI AV2511AE AV2501S AV2610WA AV2501AE RV2502AE RV2610WA RV2520 AV2510 2-In-1 AI Ultra Robot Vacuum Cleaner Accessories Kits. Main Brush, HEPA Filter, Foam Filter,Side Brush</p><p>$19.99 ($1.05 / Count)</p><a href="https://www.amazon.com/dp/B0B28DGZBG?tag=eloabder-20&linkCode=osi&th=1&psc=1">View Product</a></div><div class="product"><a href="https://www.amazon.com/dp/B0782T7L6P?tag=eloabder-20&linkCode=osi&th=1&psc=1"><img src="https://m.media-amazon.com/images/I/41hTVkuzMJL._SL500_.jpg" alt="Product Image"></a><p>10pcs HEPA Filters Replacement for ILIFE V3s V3s pro V5 V5s V5s Pro V5s Pro 2 V5s Plus Noisz S5 Robotic Vacuum Cleaner ILIFE V3s pro Filters ILIFE Robot Vacuum Filter</p><p>$9.80 ($0.98 / Count)</p><a href="https://www.amazon.com/dp/B0782T7L6P?tag=eloabder-20&linkCode=osi&th=1&psc=1">View Product</a></div><div class="product"><a href="https://www.amazon.com/dp/B0CXLVHTTC?tag=eloabder-20&linkCode=osi&th=1&psc=1"><img src="https://m.media-amazon.com/images/I/51BT3phYzKL._SL500_.jpg" alt="Product Image"></a><p>HUIZHEN Spare Accessories for MAMNV BR150/BR151, for ZCWA BR150/BR151, for MANVINS G20,for GTTVO BR150/BR151,for ONSON BR150/BR151 Robot Vacuum Replacement Parts,6 Side Brush,4 HEPA Filters,4 Mop Pads</p><p>$9.99</p><a href="https://www.amazon.com/dp/B0CXLVHTTC?tag=eloabder-20&linkCode=osi&th=1&psc=1">View Product</a></div><div class="product"><a href="https://www.amazon.com/dp/B08RYDDQL8?tag=eloabder-20&linkCode=osi&th=1&psc=1"><img src="https://m.media-amazon.com/images/I/314Xd7+oBXL._SL500_.jpg" alt="Product Image"></a><p>AirClean 4 Pack 3.7" High Replacement Base Pre-Motor Foam Filters Compatible with Shark IQ Robot Vacuum R101AE RV1001AE UR1005AE Self-Empty Base</p><p>$12.99 ($3.25 / Count)</p><a href="https://www.amazon.com/dp/B08RYDDQL8?tag=eloabder-20&linkCode=osi&th=1&psc=1">View Product</a></div><div class="product"><a href="https://www.amazon.com/dp/B0CJLHJ557?tag=eloabder-20&linkCode=osi&th=1&psc=1"><img src="https://m.media-amazon.com/images/I/41iQm8hUjiL._SL500_.jpg" alt="Product Image"></a><p>Replacement Parts Compatible with WYZE Robot Vacuum Cleaner WVCR200S Accessories, 2 Main Brushes, 6 Hepa Filters, 8 Side Brushes Attachment Spare Pack</p><p>$14.99 ($0.94 / Count)</p><a href="https://www.amazon.com/dp/B0CJLHJ557?tag=eloabder-20&linkCode=osi&th=1&psc=1">View Product</a></div>
<div class="product"><a href="https://www.amazon.com/dp/B0C4595Q8P?tag=eloabder-20&linkCode=osi&th=1&psc=1"><img src="https://m.media-amazon.com/images/I/51k23SAtRxL._SL500_.jpg" alt="Product Image"></a><p>4 Pack FSV001 HEPA Filter Compatiable with Fabuletta FSV101, FSV001, Girnoor G160&G165, Afoddon A300, Lubluelu 202, Oraimo Cordless Vacuum Cleaner, Besswin W26 Cordless Stick Vacuum Cleaners</p><p>$15.99 ($4.00 / Count)</p><a href="https://www.amazon.com/dp/B0C4595Q8P?tag=eloabder-20&linkCode=osi&th=1&psc=1">View Product</a></div>
<div class="product"><a href="https://www.amazon.com/dp/B0BNKJX96X?tag=eloabder-20&linkCode=osi&th=1&psc=1"><img src="https://m.media-amazon.com/images/I/41OPeLFppoL._SL500_.jpg" alt="Product Image"></a><p>6 PACK 2033 Replacement Filter Compatible with Bissell Featherweight Stick Lightweight Bagless Vacuum Cleaner 20331, 20333, 20334, 20336, 20339, 2033M,6 Mesh Filter 6 Foam Filters, Replace # 1611508</p><p>$14.99 ($2.50 / Count)</p><a href="https://www.amazon.com/dp/B0BNKJX96X?tag=eloabder-20&linkCode=osi&th=1&psc=1">View Product</a></div><div class="product"><a href="https://www.amazon.com/dp/B0CMBWLTSM?tag=eloabder-20&linkCode=osi&th=1&psc=1"><img src="https://m.media-amazon.com/images/I/41PHqKaLTDL._SL500_.jpg" alt="Product Image"></a><p>18V ONE + Cordless Pet Stick Vacuum Filter for Ryobi, PCL720, PBLSV716, PBLSV717 Stick Vacuum, Reusable Washable Filters, Compare to Part A32SV720N, 6 Pack</p><p>$15.99 ($2.66 / Count)</p><a href="https://www.amazon.com/dp/B0CMBWLTSM?tag=eloabder-20&linkCode=osi&th=1&psc=1">View Product</a></div><div class="product"><a href="https://www.amazon.com/dp/B0CXDYWWT9?tag=eloabder-20&linkCode=osi&th=1&psc=1"><img src="https://m.media-amazon.com/images/I/41F1csTT8jL._SL500_.jpg" alt="Product Image"></a><p>2 Replacement Filters for Craftsman V20 Cordless Stick Vacuum CMCVS001D1, for Black Decker BSVF1 BSV2020 BSV2020G BSV2020P Cordless Stick Vacuum Cleaner with 1 Cleaning Brush</p><p>$14.99</p><a href="https://www.amazon.com/dp/B0CXDYWWT9?tag=eloabder-20&linkCode=osi&th=1&psc=1">View Product</a></div><div class="product"><a href="https://www.amazon.com/dp/B0CCJ5N5DH?tag=eloabder-20&linkCode=osi&th=1&psc=1"><img src="https://m.media-amazon.com/images/I/41xmhDPqk8L._SL500_.jpg" alt="Product Image"></a><p>Aolleteau 1 Pack Brush Roller Compatible with Black + Decker BSV2020, BSV2020P, BSV2020G Powerseries Extreme Cordless Stick Vacuum and Compatible with Craftsman V20 Cordless Stick Vacuum CMCVS001D1</p><p>$17.99</p><a href="https://www.amazon.com/dp/B0CCJ5N5DH?tag=eloabder-20&linkCode=osi&th=1&psc=1">View Product</a></div><div class="product"><a href="https://www.amazon.com/dp/B0CQY61LFD?tag=eloabder-20&linkCode=osi&th=1&psc=1"><img src="https://m.media-amazon.com/images/I/31swBBC444L._SL500_.jpg" alt="Product Image"></a><p>Tablenco for Shark HZ602 Filter Replacement Ultralight Pet Pro Corded Stick Vacuum and HZ2002 Vertex DuoClean PowerFins fit HZ2000 HZ251 HZ250 HH200 HH202,4 Foam Felt 4 Motor Kit (No cleaning brush)</p><p>$9.98</p><a href="https://www.amazon.com/dp/B0CQY61LFD?tag=eloabder-20&linkCode=osi&th=1&psc=1">View Product</a></div><div class="product"><a href="https://www.amazon.com/dp/B09Q55KW8W?tag=eloabder-20&linkCode=osi&th=1&psc=1"><img src="https://m.media-amazon.com/images/I/51MKsJy6nSL._SL500_.jpg" alt="Product Image"></a><p>Anicell 2033 Featherweight Filter for Bissell Featherweight Stick Lightweight Bagless Vacuum 20331 20333 20334 20336 20339 2033M, 4 Mesh Filters 6 Foam Filters Replacement, Replace part# 1611508</p><p>$11.99</p><a href="https://www.amazon.com/dp/B09Q55KW8W?tag=eloabder-20&linkCode=osi&th=1&psc=1">View Product</a></div><div class="product"><a href="https://www.amazon.com/dp/B0CDVG7LHD?tag=eloabder-20&linkCode=osi&th=1&psc=1"><img src="https://m.media-amazon.com/images/I/41hjN1Te6sL._SL500_.jpg" alt="Product Image"></a><p>Moreffi 3 Pack Filter Replacement For HART Cordless Stick Vacuum HPSV01 and HPSV50, Compare to Part Number HASV01</p><p>$19.99 ($6.66 / Count)</p><a href="https://www.amazon.com/dp/B0CDVG7LHD?tag=eloabder-20&linkCode=osi&th=1&psc=1">View Product</a></div>
<div class="product"><a href="https://www.amazon.com/dp/B07DQ9TZC8?tag=eloabder-20&linkCode=osi&th=1&psc=1"><img src="https://m.media-amazon.com/images/I/41PHyZ20FuL._SL500_.jpg" alt="Product Image"></a><p>Kenmore 53294 Style O HEPA Cloth Vacuum Bags for Kenmore Upright Vacuum Cleaners 6 Pack,White</p><p>$20.99 ($3.50 / Count)</p><a href="https://www.amazon.com/dp/B07DQ9TZC8?tag=eloabder-20&linkCode=osi&th=1&psc=1">View Product</a></div><div class="product"><a href="https://www.amazon.com/dp/B08MXVTTT2?tag=eloabder-20&linkCode=osi&th=1&psc=1"><img src="https://m.media-amazon.com/images/I/41T6wRpIMzL._SL500_.jpg" alt="Product Image"></a><p>Kenmore IB600 HEPA Replacement Intuition Upright Vacuum Cleaner Bags for BU4022, BU4020, BU4018, BU4050, BU3040,White</p><p>$18.75</p><a href="https://www.amazon.com/dp/B08MXVTTT2?tag=eloabder-20&linkCode=osi&th=1&psc=1">View Product</a></div><div class="product"><a href="https://www.amazon.com/dp/B01010JVYO?tag=eloabder-20&linkCode=osi&th=1&psc=1"><img src="https://m.media-amazon.com/images/I/51Anluh47GL._SL500_.jpg" alt="Product Image"></a><p>EnviroCare Replacement Micro Filtration Vacuum Cleaner Dust Bags Designed to fit Hoover Windtunnel Upright Type Y 9 pack</p><p>$9.89 ($1.10 / Count)</p><a href="https://www.amazon.com/dp/B01010JVYO?tag=eloabder-20&linkCode=osi&th=1&psc=1">View Product</a></div><div class="product"><a href="https://www.amazon.com/dp/B0D5CP3WBY?tag=eloabder-20&linkCode=osi&th=1&psc=1"><img src="https://m.media-amazon.com/images/I/31MaGmsVOwL._SL500_.jpg" alt="Product Image"></a><p>Bagless Upright Kenmore Vacuum HEPA Filters, Compatible with Foam Filters, Felt Filters and Upright vacuum cleaner for Models K4010,DU2015,DU2012(includes 1 Hepa Filters,2 Foam and 2 Felt Filters)</p><p>$12.99</p><a href="https://www.amazon.com/dp/B0D5CP3WBY?tag=eloabder-20&linkCode=osi&th=1&psc=1">View Product</a></div><div class="product"><a href="https://www.amazon.com/dp/B0CBFV28WX?tag=eloabder-20&linkCode=osi&th=1&psc=1"><img src="https://m.media-amazon.com/images/I/51LIYI0wXSL._SL500_.jpg" alt="Product Image"></a><p>16 Packs Vacuum Bags for Oreck Type CC, Compatible with All Oreck XL Upright Vacuum Cleaner - Replaces Part # CCPK8DW</p><p>$21.99 ($1.37 / Count)</p><a href="https://www.amazon.com/dp/B0CBFV28WX?tag=eloabder-20&linkCode=osi&th=1&psc=1">View Product</a></div><div class="product"><a href="https://www.amazon.com/dp/B00F9GQMHA?tag=eloabder-20&linkCode=osi&th=1&psc=1"><img src="https://m.media-amazon.com/images/I/51lhelurelL._SL500_.jpg" alt="Product Image"></a><p>EnviroCare Replacement Premium Vacuum Cleaner Dust Bags made to fit Eureka F&G Uprights 9 bags</p><p>$11.09</p><a href="https://www.amazon.com/dp/B00F9GQMHA?tag=eloabder-20&linkCode=osi&th=1&psc=1">View Product</a></div><div class="product"><a href="https://www.amazon.com/dp/B002CI8G1I?tag=eloabder-20&linkCode=osi&th=1&psc=1"><img src="https://m.media-amazon.com/images/I/51PYQrQpbSL._SL500_.jpg" alt="Product Image"></a><p>EnviroCare Replacement Micro Filtration Vacuum Cleaner Dust Bags made to fit Kenmore Upright Type U/L/O 50688 and 50690, Panasonic Type U-2, Miele Type Z. 9 pack</p><p>$9.99</p><a href="https://www.amazon.com/dp/B002CI8G1I?tag=eloabder-20&linkCode=osi&th=1&psc=1">View Product</a></div>
<div class="product"><a href="https://www.amazon.com/dp/B07GNQJ67P?tag=eloabder-20&linkCode=osi&th=1&psc=1"><img src="https://m.media-amazon.com/images/I/41XHnKbgjAL._SL500_.jpg" alt="Product Image"></a><p>Kenmore 53292 Type Q HEPA Replacement Dust Bags for Canister Vacuum 81214, 81414, 81714, 21814, BC2005, BC3005, 81615, BC7005, 6 Count (Pack of 1)</p><p>$13.24 ($2.21 / Count)</p><a href="https://www.amazon.com/dp/B07GNQJ67P?tag=eloabder-20&linkCode=osi&th=1&psc=1">View Product</a></div><div class="product"><a href="https://www.amazon.com/dp/B01L0C0FVK?tag=eloabder-20&linkCode=osi&th=1&psc=1"><img src="https://m.media-amazon.com/images/I/51ZIjbo9NVL._SL500_.jpg" alt="Product Image"></a><p>Envirocare Replacement Vacuum Bags Compatible with Kenmore Canister Type C/Q. 5055, 50557 and 50558 Panasonic Type C-5 Vacuums,15 pack</p><p>$16.16</p><a href="https://www.amazon.com/dp/B01L0C0FVK?tag=eloabder-20&linkCode=osi&th=1&psc=1">View Product</a></div><div class="product"><a href="https://www.amazon.com/dp/B0BTRTP2PM?tag=eloabder-20&linkCode=osi&th=1&psc=1"><img src="https://m.media-amazon.com/images/I/41K295aRv9L._SL500_.jpg" alt="Product Image"></a><p>Vacuum Cleaner Bags Fit for Kenmore Canister Type C/Q 50555 50557 50558 and Type C-5, 10PCs</p><p>$15.99</p><a href="https://www.amazon.com/dp/B0BTRTP2PM?tag=eloabder-20&linkCode=osi&th=1&psc=1">View Product</a></div><div class="product"><a href="https://www.amazon.com/dp/B0CRQYGLZX?tag=eloabder-20&linkCode=osi&th=1&psc=1"><img src="https://m.media-amazon.com/images/I/413iXp+j3ML._SL500_.jpg" alt="Product Image"></a><p>15 Pack Canister Vacuum Cleaner Bags Compatible with Kenmore Canister Type C/Q 5055, 50555, 50557, 50558 and Type C-5, C-18, 53292, 200 Series, 400 Series, 600 Series, 700 Series, 800 Series Vacuum</p><p>$11.69</p><a href="https://www.amazon.com/dp/B0CRQYGLZX?tag=eloabder-20&linkCode=osi&th=1&psc=1">View Product</a></div><div class="product"><a href="https://www.amazon.com/dp/B00QGD3SBI?tag=eloabder-20&linkCode=osi&th=1&psc=1"><img src="https://m.media-amazon.com/images/I/51xw0asyqTL._SL500_.jpg" alt="Product Image"></a><p>EnviroCare Replacement Vacuum Bags made to fit Kenmore Canister Type C or Q 50555, 50558, 50557 and Panasonic Type C-5 Vacuums, 9 pack</p><p>$9.79</p><a href="https://www.amazon.com/dp/B00QGD3SBI?tag=eloabder-20&linkCode=osi&th=1&psc=1">View Product</a></div><div class="product"><a href="https://www.amazon.com/dp/B0CQP9NP5N?tag=eloabder-20&linkCode=osi&th=1&psc=1"><img src="https://m.media-amazon.com/images/I/41WnNkTz8zL._SL500_.jpg" alt="Product Image"></a><p>8 Pack Replacement Vacuum Bags Compatible with Kenmore Canister Type C/Q. 5055, 50104, 50557 and 50558 Panasonic Type C-5 Vacuums</p><p>$9.99 ($1.25 / Count)</p><a href="https://www.amazon.com/dp/B0CQP9NP5N?tag=eloabder-20&linkCode=osi&th=1&psc=1">View Product</a></div>
<div class="product"><a href="https://www.amazon.com/dp/B09M3Y2BHR?tag=eloabder-20&linkCode=osi&th=1&psc=1"><img src="https://m.media-amazon.com/images/I/31tevngai1L._SL500_.jpg" alt="Product Image"></a><p>Ymimi Vacuum Filter Compatible with Eureka WhirlWind Bagless Canister Vacuum Cleaner,Fits NEN110A,NEN110B,NEN110Dï¼ˆ2-Packï¼‰</p><p>$11.99 ($6.00 / Count)</p><a href="https://www.amazon.com/dp/B09M3Y2BHR?tag=eloabder-20&linkCode=osi&th=1&psc=1">View Product</a></div><div class="product"><a href="https://www.amazon.com/dp/B07J1WWBHN?tag=eloabder-20&linkCode=osi&th=1&psc=1"><img src="https://m.media-amazon.com/images/I/51gmkDrnR2L._SL500_.jpg" alt="Product Image"></a><p>Bissell Powerforce Helix Bagless Washable Premotor Filter #1608225, Black</p><p>$7.78</p><a href="https://www.amazon.com/dp/B07J1WWBHN?tag=eloabder-20&linkCode=osi&th=1&psc=1">View Product</a></div><div class="product"><a href="https://www.amazon.com/dp/B0BK64TMMK?tag=eloabder-20&linkCode=osi&th=1&psc=1"><img src="https://m.media-amazon.com/images/I/41OBMvET7eL._SL500_.jpg" alt="Product Image"></a><p>Vacuum Belt Replacement for Bissell Cleanview Swivel Pet Upright Bagless/Powerlifter Vacuum Cleaner, fits model: 2252, 2254, 22543, 2258,2259, 2260,2316, 2739, 1793, Parts # 3031120, 32074</p><p>$6.99</p><a href="https://www.amazon.com/dp/B0BK64TMMK?tag=eloabder-20&linkCode=osi&th=1&psc=1">View Product</a></div><div class="product"><a href="https://www.amazon.com/dp/B0BKKL3WRB?tag=eloabder-20&linkCode=osi&th=1&psc=1"><img src="https://m.media-amazon.com/images/I/410jMe-FjIL._SL500_.jpg" alt="Product Image"></a><p>Aolleteau F1 HEPA Filter Compatible with Dirt Devil Bagless Upright Cleaner Models Extra Lite, Breeze, Featherlite Bagless, Jaguar Bagless,Platinum Force Vision, Scorpion and Vision Bagless (2 Pack)</p><p>$13.99 ($7.00 / Count)</p><a href="https://www.amazon.com/dp/B0BKKL3WRB?tag=eloabder-20&linkCode=osi&th=1&psc=1">View Product</a></div><div class="product"><a href="https://www.amazon.com/dp/B09SG1P4WN?tag=eloabder-20&linkCode=osi&th=1&psc=1"><img src="https://m.media-amazon.com/images/I/51+Mr+Wq5ML._SL500_.jpg" alt="Product Image"></a><p>NEN110A Vacuum Filter, Inlet Frame and Sponge Filter Compatible with Eureka Whirlwind Bagless Canister Vacuum Cleaner, Fits NEN110A, NEN110B, NEN110D(4-Pack)</p><p>$15.99 ($4.00 / Count)</p><a href="https://www.amazon.com/dp/B09SG1P4WN?tag=eloabder-20&linkCode=osi&th=1&psc=1">View Product</a></div>
<div class="product"><a href="https://www.amazon.com/dp/B07GT9VB9X?tag=eloabder-20&linkCode=osi&th=1&psc=1"><img src="https://m.media-amazon.com/images/I/41IokheYtNL._SL500_.jpg" alt="Product Image"></a><p>6 Pack 1940 Bissell Steam Mop Pads for Bissell PowerFresh Steam Mop 1806 1544 1440 2075A 2685A 1940W 19404 Series, Model 19402 19408 1940a 1940f 1940q 1940t B0006 B0017, Part #5938#203-2633</p><p>$16.99 ($2.83 / Count)</p><a href="https://www.amazon.com/dp/B07GT9VB9X?tag=eloabder-20&linkCode=osi&th=1&psc=1">View Product</a></div><div class="product"><a href="https://www.amazon.com/dp/B07H3MYZLD?tag=eloabder-20&linkCode=osi&th=1&psc=1"><img src="https://m.media-amazon.com/images/I/511p6MPxQ0L._SL500_.jpg" alt="Product Image"></a><p>Flammi Steam Pocket Mop Replacement Pads for Shark S3500 Series S3501 S3601 S3550 S3901 SE450 S3801CO S3601D S2901 S2902 Steam Pocket Mop, 4 Pack</p><p>$16.97 ($4.24 / Count)</p><a href="https://www.amazon.com/dp/B07H3MYZLD?tag=eloabder-20&linkCode=osi&th=1&psc=1">View Product</a></div><div class="product"><a href="https://www.amazon.com/dp/B0C8SH97HN?tag=eloabder-20&linkCode=osi&th=1&psc=1"><img src="https://m.media-amazon.com/images/I/31Mex4y7odL._SL500_.jpg" alt="Product Image"></a><p>HOMEXCEL Steam Mop Replacement Pads Compatible with Bissell Powerfresh Steam Mop 1940 1806 1440 1544 Series, Model 19402 19404 19408 2685A 2075A 1940A 1940Q 1940T 1940W, Steam Mop Pads Refills,4 Pack</p><p>$9.99 ($2.50 / Count)</p><a href="https://www.amazon.com/dp/B0C8SH97HN?tag=eloabder-20&linkCode=osi&th=1&psc=1">View Product</a></div><div class="product"><a href="https://www.amazon.com/dp/B0BFWTXS33?tag=eloabder-20&linkCode=osi&th=1&psc=1"><img src="https://m.media-amazon.com/images/I/51pa2h7o0EL._SL500_.jpg" alt="Product Image"></a><p>12 Pack 1940 Steam Mop Replacement Pads for Bissell Powerfresh Steam Mop 1940 1440 1806 1544 2075 2685A 2814 Series, Model 19402 19404 19408 19409 1940A 1940F 1940Q 1940T 1940W B0006 B0017 2075A 15441</p><p>$24.99</p><a href="https://www.amazon.com/dp/B0BFWTXS33?tag=eloabder-20&linkCode=osi&th=1&psc=1">View Product</a></div><div class="product"><a href="https://www.amazon.com/dp/B0CLP5QGTY?tag=eloabder-20&linkCode=osi&th=1&psc=1"><img src="https://m.media-amazon.com/images/I/414HqpKde9L._SL500_.jpg" alt="Product Image"></a><p>10 Pack 1940 1806 2685A Steam Mop Pads For Bissell Powerfresh Steam Mop Deluxe Pet Lift-Off Plus Slim Scrubbing Steam Mop Replacement Pad 1940A 2814 1544A 2075A Power Fresh Steamer Pad Refill Washable</p><p>$22.99 ($2.30 / Count)</p><a href="https://www.amazon.com/dp/B0CLP5QGTY?tag=eloabder-20&linkCode=osi&th=1&psc=1">View Product</a></div><div class="product"><a href="https://www.amazon.com/dp/B078BBKBPV?tag=eloabder-20&linkCode=osi&th=1&psc=1"><img src="https://m.media-amazon.com/images/I/51WcJqtOUIL._SL500_.jpg" alt="Product Image"></a><p>Tidy Monster Steam Mop Replacement Pads Compatible with Bissell Powerfresh Steam Mop 1940 1806 1544 1440 2075A 2685A Series, Part # 5938 & 203-2633, 1606668 & 1606669 (4 Pack Scrub Plush)</p><p>$9.99</p><a href="https://www.amazon.com/dp/B078BBKBPV?tag=eloabder-20&linkCode=osi&th=1&psc=1">View Product</a></div><div class="product"><a href="https://www.amazon.com/dp/B00A6G37SU?tag=eloabder-20&linkCode=osi&th=1&psc=1"><img src="https://m.media-amazon.com/images/I/51xo0LB-SpL._SL500_.jpg" alt="Product Image"></a><p>BISSELL PowerFresh Steam Mop Pads (Pack of 2) with Fragrance discs (4 ct), 5938</p><p>$21.26 ($10.63 / Count)</p><a href="https://www.amazon.com/dp/B00A6G37SU?tag=eloabder-20&linkCode=osi&th=1&psc=1">View Product</a></div>
<div class="product"><a href="https://www.amazon.com/dp/B0D2QFVY7H?tag=eloabder-20&linkCode=osi&th=1&psc=1"><img src="https://m.media-amazon.com/images/I/417B7H+vvML._SL500_.jpg" alt="Product Image"></a><p>Kenmore KS1010 Deep Clean & Revitalize Pet Carpet Cleaner Formula, 64 oz, White, 64 Fl Oz</p><p>$22.73 ($0.36 / Fl Oz)</p><a href="https://www.amazon.com/dp/B0D2QFVY7H?tag=eloabder-20&linkCode=osi&th=1&psc=1">View Product</a></div><div class="product"><a href="https://www.amazon.com/dp/B0BNK8ZJJ1?tag=eloabder-20&linkCode=osi&th=1&psc=1"><img src="https://m.media-amazon.com/images/I/51z0Pc4xcNL._SL500_.jpg" alt="Product Image"></a><p>Bissell Spotlifter Pet Carpet and Upholstery Cleaner with Brush Head - 4 Pack, 93523</p><p>$23.88 ($0.50 / Fl Oz)</p><a href="https://www.amazon.com/dp/B0BNK8ZJJ1?tag=eloabder-20&linkCode=osi&th=1&psc=1">View Product</a></div><div class="product"><a href="https://www.amazon.com/dp/B0CX245D26?tag=eloabder-20&linkCode=osi&th=1&psc=1"><img src="https://m.media-amazon.com/images/I/411CSXvvO1L._SL500_.jpg" alt="Product Image"></a><p>BISSELLÂ® Spot & Stain with Febreze + Gain Original Scent Formula for Little Green Devices, Portable Carpet Cleaners (3968)</p><p>$12.99 ($0.41 / Fl Oz)</p><a href="https://www.amazon.com/dp/B0CX245D26?tag=eloabder-20&linkCode=osi&th=1&psc=1">View Product</a></div><div class="product"><a href="https://www.amazon.com/dp/B083VZW4R5?tag=eloabder-20&linkCode=osi&th=1&psc=1"><img src="https://m.media-amazon.com/images/I/413BULPLmBL._SL500_.jpg" alt="Product Image"></a><p>BISSELL Multi-Surface Pet Formula with Febreze Freshness for Crosswave (80 oz), 2295L</p><p>$22.99 ($0.29 / Fl Oz)</p><a href="https://www.amazon.com/dp/B083VZW4R5?tag=eloabder-20&linkCode=osi&th=1&psc=1">View Product</a></div><div class="product"><a href="https://www.amazon.com/dp/B0D2RGW219?tag=eloabder-20&linkCode=osi&th=1&psc=1"><img src="https://m.media-amazon.com/images/I/41gD+82tnAL._SL500_.jpg" alt="Product Image"></a><p>Vacmaster Clean & Restore Carpet Cleaner Formula â€“ CCS03</p><p>$19.99 ($0.31 / Fl Oz)</p><a href="https://www.amazon.com/dp/B0D2RGW219?tag=eloabder-20&linkCode=osi&th=1&psc=1">View Product</a></div>






<div class="product"><a href="https://www.amazon.com/dp/B0BY64HQTP?tag=eloabder-20&linkCode=osi&th=1&psc=1"><img src="https://m.media-amazon.com/images/I/41hUxHuASYL._SL500_.jpg" alt="Product Image"></a><p>Air Conditioning Motor WZDK13-38G-1(RD-310-13-8) DC Brushless Fan Motor, 13W Inverter air Conditioner Motor DC Motor for Central air Conditioner</p><p>$39.95</p><a href="https://www.amazon.com/dp/B0BY64HQTP?tag=eloabder-20&linkCode=osi&th=1&psc=1">View Product</a></div><div class="product"><a href="https://www.amazon.com/dp/B0CM5YB884?tag=eloabder-20&linkCode=osi&th=1&psc=1"><img src="https://m.media-amazon.com/images/I/310lQ2tAvLL._SL500_.jpg" alt="Product Image"></a><p>Sparkfix OEM WZDK20-38G (ZKFP-20-8-6) Air Conditioner Replacement Motors DC280V 20W Air Conditioning Fan Motor Inverter Air Conditioner Brushless DC Motor 1300RPM CCW</p><p>$42.79</p><a href="https://www.amazon.com/dp/B0CM5YB884?tag=eloabder-20&linkCode=osi&th=1&psc=1">View Product</a></div>













<div class="product"><a href="https://www.amazon.com/dp/B009PCI2JU?tag=eloabder-20&linkCode=osi&th=1&psc=1"><img src="https://m.media-amazon.com/images/I/310ZJurANUL._SL500_.jpg" alt="Product Image"></a><p>GE RPWFE Refrigerator Water Filter | Certified to Reduce Lead, Sulfur, and 50+ Other Impurities | Replace Every 6 Months for Best Results | Pack of 1</p><p>$49.98</p><a href="https://www.amazon.com/dp/B009PCI2JU?tag=eloabder-20&linkCode=osi&th=1&psc=1">View Product</a></div><div class="product"><a href="https://www.amazon.com/dp/B0882ZJ48W?tag=eloabder-20&linkCode=osi&th=1&psc=1"><img src="https://m.media-amazon.com/images/I/41110o9sUoL._SL500_.jpg" alt="Product Image"></a><p>GE XWFE Refrigerator Water Filter | Certified to Reduce Lead, Sulfur, and 50+ Other Impurities | Replace Every 6 Months for Best Results | Pack of 1, White</p><p>$49.00</p><a href="https://www.amazon.com/dp/B0882ZJ48W?tag=eloabder-20&linkCode=osi&th=1&psc=1">View Product</a></div><div class="product"><a href="https://www.amazon.com/dp/B074HLRXMP?tag=eloabder-20&linkCode=osi&th=1&psc=1"><img src="https://m.media-amazon.com/images/I/21oDpGCQXiL._SL500_.jpg" alt="Product Image"></a><p>LG LT1000P - 6 Month / 200 Gallon Capacity Replacement Refrigerator Water Filter (NSF42, NSF53, and NSF401) ADQ74793501, ADQ75795105, or AGF80300704 , White</p><p>$47.00</p><a href="https://www.amazon.com/dp/B074HLRXMP?tag=eloabder-20&linkCode=osi&th=1&psc=1">View Product</a></div><div class="product"><a href="https://www.amazon.com/dp/B01BKWSHHE?tag=eloabder-20&linkCode=osi&th=1&psc=1"><img src="https://m.media-amazon.com/images/I/31E2+zlkvjL._SL500_.jpg" alt="Product Image"></a><p>Frigidaire EPTWFU01 Water Filtration Filter, 1 Count, White</p><p>$42.99</p><a href="https://www.amazon.com/dp/B01BKWSHHE?tag=eloabder-20&linkCode=osi&th=1&psc=1">View Product</a></div><div class="product"><a href="https://www.amazon.com/dp/B08V6JB9R7?tag=eloabder-20&linkCode=osi&th=1&psc=1"><img src="https://m.media-amazon.com/images/I/31PRPEffCZL._SL500_.jpg" alt="Product Image"></a><p>Frigidaire FPPWFU01 PurePour PWF-1 Water Filter 1 Count (Pack of 1)</p><p>$45.81</p><a href="https://www.amazon.com/dp/B08V6JB9R7?tag=eloabder-20&linkCode=osi&th=1&psc=1">View Product</a></div><div class="product"><a href="https://www.amazon.com/dp/B000AST3AK?tag=eloabder-20&linkCode=osi&th=1&psc=1"><img src="https://m.media-amazon.com/images/I/41DUoSxpwTS._SL500_.jpg" alt="Product Image"></a><p>GE MWF Refrigerator Water Filter | Certified to Reduce Lead, Sulfur, and 50+ Other Impurities | Replace Every 6 Months for Best Results | Pack of 1</p><p>$39.98</p><a href="https://www.amazon.com/dp/B000AST3AK?tag=eloabder-20&linkCode=osi&th=1&psc=1">View Product</a></div><div class="product"><a href="https://www.amazon.com/dp/B0CFZR7K8D?tag=eloabder-20&linkCode=osi&th=1&psc=1"><img src="https://m.media-amazon.com/images/I/31WM5sdhKLL._SL500_.jpg" alt="Product Image"></a><p>HMASAV W10295370A water filter replacement, Compatible with EDR1RXD1,EDR1RXD1B,W10295370,Filter 1,WHR1RXD1,KAD1RXD1,P4RFWB,P8RFWB2L,46-9930,46-9081 2PACK</p><p>$29.99 ($15.00 / Count)</p><a href="https://www.amazon.com/dp/B0CFZR7K8D?tag=eloabder-20&linkCode=osi&th=1&psc=1">View Product</a></div><div class="product"><a href="https://www.amazon.com/dp/B07JM9TTTT?tag=eloabder-20&linkCode=osi&th=1&psc=1"><img src="https://m.media-amazon.com/images/I/41CfAtJ8TPL._SL500_.jpg" alt="Product Image"></a><p>GLACIER FRESH LT1000PC Replacement Water Filter, Compatible with LT1000PC/PCS, LT1000PC, LT-1000PC, MDJ64844601, ADQ747935 ADQ74793504 Filter and LT120F ADQ73334008 Fresh Air (3+3)</p><p>$39.99 ($13.33 / Count)</p><a href="https://www.amazon.com/dp/B07JM9TTTT?tag=eloabder-20&linkCode=osi&th=1&psc=1">View Product</a></div><div class="product"><a href="https://www.amazon.com/dp/B003N1ZSYG?tag=eloabder-20&linkCode=osi&th=1&psc=1"><img src="https://m.media-amazon.com/images/I/31Mbrkrxu1L._SL500_.jpg" alt="Product Image"></a><p>SAMSUNG Genuine Filter for Refrigerator Water and Ice, Carbon Block Filtration for Clean, Clear Drinking Water, 6-Month Life, HAF-CIN/EXP, 1 Pack</p><p>$39.99</p><a href="https://www.amazon.com/dp/B003N1ZSYG?tag=eloabder-20&linkCode=osi&th=1&psc=1">View Product</a></div>









<div class="product"><a href="https://www.amazon.com/dp/B0B2NZ47HN?tag=eloabder-20&linkCode=osi&th=1&psc=1"><img src="https://m.media-amazon.com/images/I/41nC6c2XxJL._SL500_.jpg" alt="Product Image"></a><p>OTE Portable Sparkling Water Maker Soda Maker Machine for home with 20PCS Cylinders 450ml Personal seltzer Carbonators Electroless Double Layer PET Bottle BPA Free Double Pressure Relief Valves -Pink</p><p>$49.99</p><a href="https://www.amazon.com/dp/B0B2NZ47HN?tag=eloabder-20&linkCode=osi&th=1&psc=1">View Product</a></div><div class="product"><a href="https://www.amazon.com/dp/B09DY54L7M?tag=eloabder-20&linkCode=osi&th=1&psc=1"><img src="https://m.media-amazon.com/images/I/31LSpnm3G8L._SL500_.jpg" alt="Product Image"></a><p>MOSOLAN Bottle Cleaning Brush, 17 Inches Extra Long Handle Water Bottle Brush, Flexible Bendable Cleaner for Washing Narrow Neck Bottles, Wine Decanter, Kombucha, Pipes, Beer Brewing Supplies, 2 Pack</p><p>$11.95 ($5.98 / Count)</p><a href="https://www.amazon.com/dp/B09DY54L7M?tag=eloabder-20&linkCode=osi&th=1&psc=1">View Product</a></div><div class="product"><a href="https://www.amazon.com/dp/B0736CBNDN?tag=eloabder-20&linkCode=osi&th=1&psc=1"><img src="https://m.media-amazon.com/images/I/41tWXmwP5KL._SL500_.jpg" alt="Product Image"></a><p>#2 Filter Pads (10 Pack Bulk) Compatible with Mini Jet Machine | #2 1.8-2.5 micron | 2 Micron Filtering pads. Filter Wine Beer, Kombucha, Mead Mash. Polishing filtration| Not a Buon Vino product.</p><p>$18.99</p><a href="https://www.amazon.com/dp/B0736CBNDN?tag=eloabder-20&linkCode=osi&th=1&psc=1">View Product</a></div>









<div class="product"><a href="https://www.amazon.com/dp/B07YGN577Y?tag=eloabder-20&linkCode=osi&th=1&psc=1"><img src="https://m.media-amazon.com/images/I/31kfZiyDMUL._SL500_.jpg" alt="Product Image"></a><p>9870163 Trash Power Nut WP9870163 L8</p><p>$50.36</p><a href="https://www.amazon.com/dp/B07YGN577Y?tag=eloabder-20&linkCode=osi&th=1&psc=1">View Product</a></div>

<div class="product"><a href="https://www.amazon.com/dp/B0CWQLM4C7?tag=eloabder-20&linkCode=osi&th=1&psc=1"><img src="https://m.media-amazon.com/images/I/41gTEIOjtlL._SL500_.jpg" alt="Product Image"></a><p>7" Seven Seconds Lazy Kitchen Food Making Tools - Multifunctional Fruit Vegetable Chopper Quick Garlic Peeling Machine Convenient Food Chopper for Slicing,Juice,Grinding</p><p>$32.99</p><a href="https://www.amazon.com/dp/B0CWQLM4C7?tag=eloabder-20&linkCode=osi&th=1&psc=1">View Product</a></div>







<div class="product"><a href="https://www.amazon.com/dp/B0CNKFM9WR?tag=eloabder-20&linkCode=osi&th=1&psc=1"><img src="https://m.media-amazon.com/images/I/31sGGIDic9L._SL500_.jpg" alt="Product Image"></a><p>hobbyme Pack of 4 Plastic Coffee Scoops with Brush & Espresso Grinder Brush for Ground Coffee Cleaning Tea Power Coffee Grinder Spoon</p><p>$6.49</p><a href="https://www.amazon.com/dp/B0CNKFM9WR?tag=eloabder-20&linkCode=osi&th=1&psc=1">View Product</a></div>





<div class="product"><a href="https://www.amazon.com/dp/B07798328B?tag=eloabder-20&linkCode=osi&th=1&psc=1"><img src="https://m.media-amazon.com/images/I/31Vpin+sgUS._SL500_.jpg" alt="Product Image"></a><p>Prime-Line MP10513 Standard Plastic Ice Cube Trays (5 Pack)</p><p>$12.69</p><a href="https://www.amazon.com/dp/B07798328B?tag=eloabder-20&linkCode=osi&th=1&psc=1">View Product</a></div><div class="product"><a href="https://www.amazon.com/dp/B077965JDB?tag=eloabder-20&linkCode=osi&th=1&psc=1"><img src="https://m.media-amazon.com/images/I/31H1hNlH6RL._SL500_.jpg" alt="Product Image"></a><p>Prime-Line MP10863 Standard Plastic Ice Cube Trays (2 Pack)</p><p>$9.69</p><a href="https://www.amazon.com/dp/B077965JDB?tag=eloabder-20&linkCode=osi&th=1&psc=1">View Product</a></div>

<div class="product"><a href="https://www.amazon.com/dp/B08MPLY84K?tag=eloabder-20&linkCode=osi&th=1&psc=1"><img src="https://m.media-amazon.com/images/I/31kWTfzQJBL._SL500_.jpg" alt="Product Image"></a><p>Syntus Vacuum Sealer Bags, 6 Pack 3 Rolls 11" x 20' and 3 Rolls 8" x 20' Commercial Grade BPA Free Bag Rolls, Food Vac Bags for Storage, Meal Prep or Sous Vide</p><p>$19.99</p><a href="https://www.amazon.com/dp/B08MPLY84K?tag=eloabder-20&linkCode=osi&th=1&psc=1">View Product</a></div><div class="product"><a href="https://www.amazon.com/dp/B0C5BWRMQL?tag=eloabder-20&linkCode=osi&th=1&psc=1"><img src="https://m.media-amazon.com/images/I/41yPpkb6oeL._SL500_.jpg" alt="Product Image"></a><p>Bonsenkitchen Vacuum Sealer Rolls Bags, 6 Pack 3 Rolls 11" x 20' + 3 Rolls 8" x 20' Commercial Grade BPA Free Bag Rolls, Durable Customized Size Food Vac Bags for Storage and Sous Vide Cooking VB3211</p><p>$19.99 ($3.33 / Count)</p><a href="https://www.amazon.com/dp/B0C5BWRMQL?tag=eloabder-20&linkCode=osi&th=1&psc=1">View Product</a></div><div class="product"><a href="https://www.amazon.com/dp/B0C5C1JTC4?tag=eloabder-20&linkCode=osi&th=1&psc=1"><img src="https://m.media-amazon.com/images/I/31JpyYsm7YL._SL500_.jpg" alt="Product Image"></a><p>Bonsenkitchen Vacuum Food Sealer Bags 200 Quart 8" x 12", BPA Free, Commercial Grade Textured Food Vacuum Sealer Bag, Thick Embossed Bags for Food Storage and Sous Vide Cooking VB3208</p><p>$18.39 ($0.09 / Count)</p><a href="https://www.amazon.com/dp/B0C5C1JTC4?tag=eloabder-20&linkCode=osi&th=1&psc=1">View Product</a></div><div class="product"><a href="https://www.amazon.com/dp/B07TMZDGQ1?tag=eloabder-20&linkCode=osi&th=1&psc=1"><img src="https://m.media-amazon.com/images/I/31cRCu-JIsL._SL500_.jpg" alt="Product Image"></a><p>Wevac Vacuum Sealer Bags 11x50 Rolls 2 pack for Food Saver, Seal a Meal, Weston. Commercial Grade, BPA Free, Heavy Duty, Great for vac storage, Meal Prep or Sous Vide</p><p>$20.99 ($0.21 / Count)</p><a href="https://www.amazon.com/dp/B07TMZDGQ1?tag=eloabder-20&linkCode=osi&th=1&psc=1">View Product</a></div><div class="product"><a href="https://www.amazon.com/dp/B07TV4KRCL?tag=eloabder-20&linkCode=osi&th=1&psc=1"><img src="https://m.media-amazon.com/images/I/31uv3qtc9bL._SL500_.jpg" alt="Product Image"></a><p>Wevac Vacuum Sealer Bags 100 Gallon 11x16 Inch for Food Saver, Seal a Meal, Weston. Commercial Grade, BPA Free, Heavy Duty, Great for vac storage, Meal Prep and Sous Vide</p><p>$21.24</p><a href="https://www.amazon.com/dp/B07TV4KRCL?tag=eloabder-20&linkCode=osi&th=1&psc=1">View Product</a></div>


<div class="product"><a href="https://www.amazon.com/dp/B093G5XCVF?tag=eloabder-20&linkCode=osi&th=1&psc=1"><img src="https://m.media-amazon.com/images/I/313Cq6ASf0S._SL500_.jpg" alt="Product Image"></a><p>2 Multipurpose Pastry Brush Basting & Coffee Grinders Cleaning Brush Wooden Handle Natural Boar Bristles Baking Cooking Sauce egg wash Bakery Supply Espresso Bean Barista</p><p>$7.21</p><a href="https://www.amazon.com/dp/B093G5XCVF?tag=eloabder-20&linkCode=osi&th=1&psc=1">View Product</a></div><div class="product"><a href="https://www.amazon.com/dp/B07JGRYG31?tag=eloabder-20&linkCode=osi&th=1&psc=1"><img src="https://m.media-amazon.com/images/I/31nd-jhgzdL._SL500_.jpg" alt="Product Image"></a><p>Coffee Grinder Cleaning Brush + Coffee Brush Wood Handle & Natural Bristles Pastry Brush</p><p>$5.99</p><a href="https://www.amazon.com/dp/B07JGRYG31?tag=eloabder-20&linkCode=osi&th=1&psc=1">View Product</a></div><div class="product"><a href="https://www.amazon.com/dp/B0C53G4T7X?tag=eloabder-20&linkCode=osi&th=1&psc=1"><img src="https://m.media-amazon.com/images/I/21Hrgmpj8YL._SL500_.jpg" alt="Product Image"></a><p>Leadigol Cleaning Tool Coffee Machine Home Pastry Brush Multifunctional Wooden Handle Baking Soft Bristles Coffee Grinder Brush</p><p>$7.99</p><a href="https://www.amazon.com/dp/B0C53G4T7X?tag=eloabder-20&linkCode=osi&th=1&psc=1">View Product</a></div><div class="product"><a href="https://www.amazon.com/dp/B07W5WM2LF?tag=eloabder-20&linkCode=osi&th=1&psc=1"><img src="https://m.media-amazon.com/images/I/41-7fWE9tSL._SL500_.jpg" alt="Product Image"></a><p>Redecker Waffle Machine Brush with Oiled Beechwood Handle, Stiff Heat-resistant Tampico Fiber Bristles, 6-1/2 inches, Made in Germany</p><p>$21.99</p><a href="https://www.amazon.com/dp/B07W5WM2LF?tag=eloabder-20&linkCode=osi&th=1&psc=1">View Product</a></div>






Aucun rÃ©sultat trouvÃ©.


<div class="product"><a href="https://www.amazon.com/dp/B00LQKZQAW?tag=eloabder-20&linkCode=osi&th=1&psc=1"><img src="https://m.media-amazon.com/images/I/31nBii+cbiL._SL500_.jpg" alt="Product Image"></a><p>Electrolux 5308000716 Dish Replacement , White</p><p>$17.16</p><a href="https://www.amazon.com/dp/B00LQKZQAW?tag=eloabder-20&linkCode=osi&th=1&psc=1">View Product</a></div><div class="product"><a href="https://www.amazon.com/dp/B09BBPTSNK?tag=eloabder-20&linkCode=osi&th=1&psc=1"><img src="https://m.media-amazon.com/images/I/41kdVEnPDTL._SL500_.jpg" alt="Product Image"></a><p>Judeeâ€™s Butter Powder 5 lb - 100% Non-GMO and Keto-Friendly - rBST Hormone-Free - Gluten-Free and Nut-Free - Made from 100% Real Butter - Baking Ready Ingredient - Made in USA</p><p>$59.99 ($0.75 / Ounce)</p><a href="https://www.amazon.com/dp/B09BBPTSNK?tag=eloabder-20&linkCode=osi&th=1&psc=1">View Product</a></div>
<div class="product"><a href="https://www.amazon.com/dp/B0C1G9K19X?tag=eloabder-20&linkCode=osi&th=1&psc=1"><img src="https://m.media-amazon.com/images/I/41OVBrQ1wFL._SL500_.jpg" alt="Product Image"></a><p>Coffee Cup Design Coffee Filter Holder, Coffee Paper Rack Stand, Metal Coffee Filter Container Stand, Coffee Bar Accessories Vertical Paper Towel Napkin Holder for Cone Square Fan Shaped Size (Black)</p><p>$8.99</p><a href="https://www.amazon.com/dp/B0C1G9K19X?tag=eloabder-20&linkCode=osi&th=1&psc=1">View Product</a></div><div class="product"><a href="https://www.amazon.com/dp/B07TP1YN7G?tag=eloabder-20&linkCode=osi&th=1&psc=1"><img src="https://m.media-amazon.com/images/I/41BpYdpRyaL._SL500_.jpg" alt="Product Image"></a><p>CAFEMASY Coffee Filter Holder Storage Coffee Filter Paper Dispenser Rack with Dustproof Cover for V60 and Cone Coffee Filters</p><p>$9.99</p><a href="https://www.amazon.com/dp/B07TP1YN7G?tag=eloabder-20&linkCode=osi&th=1&psc=1">View Product</a></div><div class="product"><a href="https://www.amazon.com/dp/B0BFCTW7MY?tag=eloabder-20&linkCode=osi&th=1&psc=1"><img src="https://m.media-amazon.com/images/I/31s709IEZkL._SL500_.jpg" alt="Product Image"></a><p>Coffee Filter Holder, watchget Reusable Coffee Paper Filter Storage Bag for Cone-shaped Filter Papers V60 Waterproof Canvas Suitable for Outdoor Camping Traveling(02)</p><p>$11.99</p><a href="https://www.amazon.com/dp/B0BFCTW7MY?tag=eloabder-20&linkCode=osi&th=1&psc=1">View Product</a></div>













<div class="product"><a href="https://www.amazon.com/dp/B00UTFZAII?tag=eloabder-20&linkCode=osi&th=1&psc=1"><img src="https://m.media-amazon.com/images/I/31z7hZ6KbXL._SL500_.jpg" alt="Product Image"></a><p>Miele 10123210 AirClean 3D Efficiency Dust Bag, Type GN, 4 Bags & 2 Filters, White</p><p>$21.86 ($21.86 / Count)</p><a href="https://www.amazon.com/dp/B00UTFZAII?tag=eloabder-20&linkCode=osi&th=1&psc=1">View Product</a></div><div class="product"><a href="https://www.amazon.com/dp/B07WHG6J5S?tag=eloabder-20&linkCode=osi&th=1&psc=1"><img src="https://m.media-amazon.com/images/I/41hnaEOxB9L._SL500_.jpg" alt="Product Image"></a><p>KEEPOW Vacuum Filters for Eureka, Power Speed Vacuum Filters Replacement for Eureka NEU182A, NEU182B, NEU280, NEU180, NEU181, NEU188, NEU202 Bagless Upright Vacuum Cleaner, Part E0202 (4 Pack)</p><p>$9.99 ($2.50 / Count)</p><a href="https://www.amazon.com/dp/B07WHG6J5S?tag=eloabder-20&linkCode=osi&th=1&psc=1">View Product</a></div><div class="product"><a href="https://www.amazon.com/dp/B00UTFZB82?tag=eloabder-20&linkCode=osi&th=1&psc=1"><img src="https://m.media-amazon.com/images/I/41WdlL5T0dL._SL500_.jpg" alt="Product Image"></a><p>Miele AirClean 3D Efficiency Dust Bag, Type FJM, 4 Bags & 2 Filters, White</p><p>$18.99</p><a href="https://www.amazon.com/dp/B00UTFZB82?tag=eloabder-20&linkCode=osi&th=1&psc=1">View Product</a></div><div class="product"><a href="https://www.amazon.com/dp/B09NKP346M?tag=eloabder-20&linkCode=osi&th=1&psc=1"><img src="https://m.media-amazon.com/images/I/41o25nqkODL._SL500_.jpg" alt="Product Image"></a><p>Anewise 6 Pack Filter Replacement for Bissell Powerforce Compact Lightweight Upright 2112 1520 for Bissel Turbo Bagless 2690 Cleanview 3437 3508 Vacuum Cleaner, Compare to Parts #1604896/160-4896</p><p>$12.99</p><a href="https://www.amazon.com/dp/B09NKP346M?tag=eloabder-20&linkCode=osi&th=1&psc=1">View Product</a></div><div class="product"><a href="https://www.amazon.com/dp/B01MQ5NITB?tag=eloabder-20&linkCode=osi&th=1&psc=1"><img src="https://m.media-amazon.com/images/I/41J6lG4H1bL._SL500_.jpg" alt="Product Image"></a><p>Bissell Style 7 3 Pack Vacuum Cleaner Bags, White, 3 Count</p><p>$8.69 ($2.90 / Count)</p><a href="https://www.amazon.com/dp/B01MQ5NITB?tag=eloabder-20&linkCode=osi&th=1&psc=1">View Product</a></div><div class="product"><a href="https://www.amazon.com/dp/B0CDH1JY5D?tag=eloabder-20&linkCode=osi&th=1&psc=1"><img src="https://m.media-amazon.com/images/I/516DPXu4siL._SL500_.jpg" alt="Product Image"></a><p>4 Pack Replacement Filters Compatiable with Wyze Cordless Vacuum Cleaner, Removable and Washable HEPA Filter Accessories Part Set with 1 Cleaning Brush for Wyze Handheld Cordless Vacuum Cleaner</p><p>$15.99 ($4.00 / Count)</p><a href="https://www.amazon.com/dp/B0CDH1JY5D?tag=eloabder-20&linkCode=osi&th=1&psc=1">View Product</a></div><div class="product"><a href="https://www.amazon.com/dp/B07P3WB37F?tag=eloabder-20&linkCode=osi&th=1&psc=1"><img src="https://m.media-amazon.com/images/I/51WaYrkiVXL._SL500_.jpg" alt="Product Image"></a><p>Miele AirClean 3D Efficiency Dust Bag, Type GN, XL Value Pack, 8 Bags and 4 Filters</p><p>$36.99</p><a href="https://www.amazon.com/dp/B07P3WB37F?tag=eloabder-20&linkCode=osi&th=1&psc=1">View Product</a></div><div class="product"><a href="https://www.amazon.com/dp/B09DSY4Z2T?tag=eloabder-20&linkCode=osi&th=1&psc=1"><img src="https://m.media-amazon.com/images/I/51+ref3EeAL._SL500_.jpg" alt="Product Image"></a><p>Filter Replacement for Tineco A10 A11 Hero A10/A11 Master PURE ONE S11 Series, S12, X Cordless Vacuum Cleaner (3 PACK) â€¦</p><p>$12.99 ($4.33 / Count)</p><a href="https://www.amazon.com/dp/B09DSY4Z2T?tag=eloabder-20&linkCode=osi&th=1&psc=1">View Product</a></div>


<div class="product"><a href="https://www.amazon.com/dp/B0BXRR5QFV?tag=eloabder-20&linkCode=osi&th=1&psc=1"><img src="https://m.media-amazon.com/images/I/41sjdBkCp8L._SL500_.jpg" alt="Product Image"></a><p>AC Infinity CLOUDFORGE T7, Plant Humidifier 15L with VPD Humidity Controls, 10-Level Precision Vaporizer, Extendable Hose, Targeting Pipe, and No-Leak Seal for Grow Tents</p><p>$159.00</p><a href="https://www.amazon.com/dp/B0BXRR5QFV?tag=eloabder-20&linkCode=osi&th=1&psc=1">View Product</a></div><div class="product"><a href="https://www.amazon.com/dp/B01N6MV8SA?tag=eloabder-20&linkCode=osi&th=1&psc=1"><img src="https://m.media-amazon.com/images/I/41hX08+W1xL._SL500_.jpg" alt="Product Image"></a><p>Protec Humidifier Tank Cleaner, 1 Count - Colors May Vary</p><p>$5.98</p><a href="https://www.amazon.com/dp/B01N6MV8SA?tag=eloabder-20&linkCode=osi&th=1&psc=1">View Product</a></div><div class="product"><a href="https://www.amazon.com/dp/B07GXBTH82?tag=eloabder-20&linkCode=osi&th=1&psc=1"><img src="https://m.media-amazon.com/images/I/41ibxK12JPL._SL500_.jpg" alt="Product Image"></a><p>Essick Air 1970-2 Humidifier, 2-Quart Bacteriostatic Treatment, 2 Pack, Clear, 2</p><p>$22.99</p><a href="https://www.amazon.com/dp/B07GXBTH82?tag=eloabder-20&linkCode=osi&th=1&psc=1">View Product</a></div><div class="product"><a href="https://www.amazon.com/dp/B08TTT3K9B?tag=eloabder-20&linkCode=osi&th=1&psc=1"><img src="https://m.media-amazon.com/images/I/41U6j9SexmL._SL500_.jpg" alt="Product Image"></a><p>Leemone Humidifier Cleaner 12 Pack, Demineralization Cleaning Ball, Works in All humidifiers and Fish Tanks, Purifies Water, Prevents Hard Water Build-Up, Eliminates White Dust and Odor</p><p>$14.44</p><a href="https://www.amazon.com/dp/B08TTT3K9B?tag=eloabder-20&linkCode=osi&th=1&psc=1">View Product</a></div>
<div class="product"><a href="https://www.amazon.com/dp/B07YD4XCT3?tag=eloabder-20&linkCode=osi&th=1&psc=1"><img src="https://m.media-amazon.com/images/I/41hR81iKyJL._SL500_.jpg" alt="Product Image"></a><p>Vacplus Moisture Absorber Packets, Fragrance Free(10 Pack), Humidity Packs, Hanging Closet Dehumidifier Bags, Desiccant 9.8OZ</p><p>$21.99</p><a href="https://www.amazon.com/dp/B07YD4XCT3?tag=eloabder-20&linkCode=osi&th=1&psc=1">View Product</a></div><div class="product"><a href="https://www.amazon.com/dp/B09LQF5V5K?tag=eloabder-20&linkCode=osi&th=1&psc=1"><img src="https://m.media-amazon.com/images/I/51Cx5ECAotL._SL500_.jpg" alt="Product Image"></a><p>CLEVAST Moisture Absorbers Packets 10 Pack, Dehumidifier Bags for Closet, Unscented Hanging Humidity Absorber in Wardrobes, Bedrooms, Bathrooms(230g/pack)</p><p>$16.98</p><a href="https://www.amazon.com/dp/B09LQF5V5K?tag=eloabder-20&linkCode=osi&th=1&psc=1">View Product</a></div><div class="product"><a href="https://www.amazon.com/dp/B0B8L9QRW8?tag=eloabder-20&linkCode=osi&th=1&psc=1"><img src="https://m.media-amazon.com/images/I/518LgtpPi8L._SL500_.jpg" alt="Product Image"></a><p>Arm & Hammer Essentials Disposable Moisture Absorber and Odor Eliminator Tub, Fragrance Free, 1 lb, 3-Pack, Attracts and Traps Excess Moisture, Ideal Closet Dehumidifier, White</p><p>$24.94 ($0.52 / Ounce)</p><a href="https://www.amazon.com/dp/B0B8L9QRW8?tag=eloabder-20&linkCode=osi&th=1&psc=1">View Product</a></div><div class="product"><a href="https://www.amazon.com/dp/B09W9TPJGZ?tag=eloabder-20&linkCode=osi&th=1&psc=1"><img src="https://m.media-amazon.com/images/I/51pVTVMwHbL._SL500_.jpg" alt="Product Image"></a><p>THECOSKY Dehumidifier and Air Purifier Combo,HEPA H13 Filter and Negative Air Ion Function,54oz(1.6L) Water Tank with Drain Hose,24hrs Auto-Off Timer,Idea for Bedroom,Bathroom,Closet,RV</p><p>$109.99</p><a href="https://www.amazon.com/dp/B09W9TPJGZ?tag=eloabder-20&linkCode=osi&th=1&psc=1">View Product</a></div><div class="product"><a href="https://www.amazon.com/dp/B0CXDG65LZ?tag=eloabder-20&linkCode=osi&th=1&psc=1"><img src="https://m.media-amazon.com/images/I/41HNflmbKHL._SL500_.jpg" alt="Product Image"></a><p>14 x 17.5 x1.75 MERV 13 Replacement Dehumidifier Filter Compatible with Santa Fe Advance90, Advance100, Advance120, Honeywell DR90 & DR120 dehumidifier models, 2 Pack</p><p>$42.99</p><a href="https://www.amazon.com/dp/B0CXDG65LZ?tag=eloabder-20&linkCode=osi&th=1&psc=1">View Product</a></div>
<div class="product"><a href="https://www.amazon.com/dp/B088B921NQ?tag=eloabder-20&linkCode=osi&th=1&psc=1"><img src="https://m.media-amazon.com/images/I/612e4cT3RYL._SL500_.jpg" alt="Product Image"></a><p>ULTTY H13 HEPA Replacement Filter with Medical Coating, True HEPA Filter For R021/ R020 Purifying Fan, Medium</p><p>$29.99</p><a href="https://www.amazon.com/dp/B088B921NQ?tag=eloabder-20&linkCode=osi&th=1&psc=1">View Product</a></div><div class="product"><a href="https://www.amazon.com/dp/B0D2MZ4Y7Z?tag=eloabder-20&linkCode=osi&th=1&psc=1"><img src="https://m.media-amazon.com/images/I/51KgTHizWyL._SL500_.jpg" alt="Product Image"></a><p>Butto 5-Pack Ceiling Fan Filters for Blades - Strong Adhesive Ceiling Fan Filters for Common Household Contaminants - Unscented Coconut Carbon Fan Air Purifier Pads to Make Air Fresh and Natural</p><p>$9.98</p><a href="https://www.amazon.com/dp/B0D2MZ4Y7Z?tag=eloabder-20&linkCode=osi&th=1&psc=1">View Product</a></div><div class="product"><a href="https://www.amazon.com/dp/B0C42HCM21?tag=eloabder-20&linkCode=osi&th=1&psc=1"><img src="https://m.media-amazon.com/images/I/31jk3lpoygL._SL500_.jpg" alt="Product Image"></a><p>Barnakl Ceiling Fan Filters | Activated Coconut Shell Carbon Filter | Easy-Stick Universal Ceiling Fan Air Filters | Unscented Ceiling Fan Blade Filters for Common Household Contaminants, (3-Count)</p><p>$19.99 ($6.66 / Count)</p><a href="https://www.amazon.com/dp/B0C42HCM21?tag=eloabder-20&linkCode=osi&th=1&psc=1">View Product</a></div>
<div class="product"><a href="https://www.amazon.com/dp/B08LZWP29P?tag=eloabder-20&linkCode=osi&th=1&psc=1"><img src="https://m.media-amazon.com/images/I/41NLuzzFW9L._SL500_.jpg" alt="Product Image"></a><p>Chromex Tankless Water Heater Descaling Solution | Highly Effective Descaler Restores Heating Efficiency, Quart, 32 fl oz (1)</p><p>$26.99</p><a href="https://www.amazon.com/dp/B08LZWP29P?tag=eloabder-20&linkCode=osi&th=1&psc=1">View Product</a></div>

<div class="product"><a href="https://www.amazon.com/dp/B005UO4OWQ?tag=eloabder-20&linkCode=osi&th=1&psc=1"><img src="https://m.media-amazon.com/images/I/41oQPKFofoL._SL500_.jpg" alt="Product Image"></a><p>Bissell 203-7458 Brushroll, Bg10/86T3, Black</p><p>$21.26 ($21.26 / Count)</p><a href="https://www.amazon.com/dp/B005UO4OWQ?tag=eloabder-20&linkCode=osi&th=1&psc=1">View Product</a></div>





















<div class="product"><a href="https://www.amazon.com/dp/B0014J7FUY?tag=eloabder-20&linkCode=osi&th=1&psc=1"><img src="https://m.media-amazon.com/images/I/31QrM+IPxOL._SL500_.jpg" alt="Product Image"></a><p>Urnex Grindz Professional Coffee Grinder Cleaning Tablets - 430 Grams - All Natural Food Safe Gluten Free - Cleans Burr and Casing - Help Extend Life of Your Grinder</p><p>$25.99 ($1.71 / Ounce)</p><a href="https://www.amazon.com/dp/B0014J7FUY?tag=eloabder-20&linkCode=osi&th=1&psc=1">View Product</a></div>



<div class="product"><a href="https://www.amazon.com/dp/B0CHW317SG?tag=eloabder-20&linkCode=osi&th=1&psc=1"><img src="https://m.media-amazon.com/images/I/41Qd5Iu3qBL._SL500_.jpg" alt="Product Image"></a><p>EUHOMY 55 Can Beverage Refrigerator cooler-Mini Fridge Glass Door for Beer Drinks Wines, Freestanding Beverage Fridge with Adjustable Shelves Blue LED for Home/Office/Dorm/Bar (1.3cu.ft)</p><p>$128.99</p><a href="https://www.amazon.com/dp/B0CHW317SG?tag=eloabder-20&linkCode=osi&th=1&psc=1">View Product</a></div>

<div class="product"><a href="https://www.amazon.com/dp/B099CN2MRK?tag=eloabder-20&linkCode=osi&th=1&psc=1"><img src="https://m.media-amazon.com/images/I/31CvUCIUX5L._SL500_.jpg" alt="Product Image"></a><p>Genuine PuroAir 240 Replacement Filter - Replacement HEPA Filter for PuroAir 240 Purifier - Captures up to 99% of Pollen, Smoke, Pollen, Dust and Common Household Pollutants</p><p>$48.00</p><a href="https://www.amazon.com/dp/B099CN2MRK?tag=eloabder-20&linkCode=osi&th=1&psc=1">View Product</a></div><div class="product"><a href="https://www.amazon.com/dp/B0055521W0?tag=eloabder-20&linkCode=osi&th=1&psc=1"><img src="https://m.media-amazon.com/images/I/41Hs7ixdyXL._SL500_.jpg" alt="Product Image"></a><p>GermGuardian Filter B HEPA Pure Genuine Air Purifier Replacement Filter, Removes 99.97% of Pollutants for AC4825, AC4300, AC4900, AC4825DLX, AC4850, CDAP4500, AP2200, Black/Yellow, FLT4825</p><p>$17.90 ($17.90 / Count)</p><a href="https://www.amazon.com/dp/B0055521W0?tag=eloabder-20&linkCode=osi&th=1&psc=1">View Product</a></div><div class="product"><a href="https://www.amazon.com/dp/B0BNMYKZPV?tag=eloabder-20&linkCode=osi&th=1&psc=1"><img src="https://m.media-amazon.com/images/I/41-K3mB6KkL._SL500_.jpg" alt="Product Image"></a><p>2 Pack True HEPA KILO Filter Compatible with Afloia KILO, KILOPLUS, KILOPRO, MIRO,MIRO PRO and MORENTO MR-Kilo, Kalo Air Purifier, 360Â° 3-Stage Filtration</p><p>$34.99 ($17.50 / Count)</p><a href="https://www.amazon.com/dp/B0BNMYKZPV?tag=eloabder-20&linkCode=osi&th=1&psc=1">View Product</a></div><div class="product"><a href="https://www.amazon.com/dp/B0D3M4Y9W7?tag=eloabder-20&linkCode=osi&th=1&psc=1"><img src="https://m.media-amazon.com/images/I/41tzW+mkZuL._SL500_.jpg" alt="Product Image"></a><p>Breshair 14 True HEPA Filter Replacement Compatible with PuroAir 240 Air Purifier, 3-in-1 Filtration System with Activated Carbon Filter, 2-Pack</p><p>$31.56 ($15.78 / Count)</p><a href="https://www.amazon.com/dp/B0D3M4Y9W7?tag=eloabder-20&linkCode=osi&th=1&psc=1">View Product</a></div><div class="product"><a href="https://www.amazon.com/dp/B0CB18MVX6?tag=eloabder-20&linkCode=osi&th=1&psc=1"><img src="https://m.media-amazon.com/images/I/519ZmmLOrzL._SL500_.jpg" alt="Product Image"></a><p>2 Pack 3-in-1 H13 True HEPA Replacement Filter Compatible with Pure Enrichment PureZone Air Purifier Part# PEAIRPLG</p><p>$23.99 ($12.00 / Count)</p><a href="https://www.amazon.com/dp/B0CB18MVX6?tag=eloabder-20&linkCode=osi&th=1&psc=1">View Product</a></div><div class="product"><a href="https://www.amazon.com/dp/B08JTZMRML?tag=eloabder-20&linkCode=osi&th=1&psc=1"><img src="https://m.media-amazon.com/images/I/51yx60sCjHL._SL500_.jpg" alt="Product Image"></a><p>6 Pack HPA300 HEPA Filter Replacement for Honeywell HPA300 Series Air Purifiers HPA300, HPA300VP, HPA304, HPA3300, Replace HRF-R3 (6 Ture HEPA R Replacement Filter + 8 Activated Carbon Pre-Filter)</p><p>$47.99 ($3.43 / Count)</p><a href="https://www.amazon.com/dp/B08JTZMRML?tag=eloabder-20&linkCode=osi&th=1&psc=1">View Product</a></div><div class="product"><a href="https://www.amazon.com/dp/B0CF1GLSYS?tag=eloabder-20&linkCode=osi&th=1&psc=1"><img src="https://m.media-amazon.com/images/I/41709EXRzXL._SL500_.jpg" alt="Product Image"></a><p>CHIVALZ 4 Pack HY4866 True HEPA Replacement Filters Compatible with MORENTO HY4866 Air Purifier, WESTHEY HY4866 Air Purifier and YIOU M1 Air Cleaner Purifier, Original Version</p><p>$39.99 ($10.00 / Count)</p><a href="https://www.amazon.com/dp/B0CF1GLSYS?tag=eloabder-20&linkCode=osi&th=1&psc=1">View Product</a></div>







<div class="product"><a href="https://www.amazon.com/dp/B0CYKMFKR9?tag=eloabder-20&linkCode=osi&th=1&psc=1"><img src="https://m.media-amazon.com/images/I/316zU-ozoxL._SL500_.jpg" alt="Product Image"></a><p>Air Purifier Replacement Filter for Space Heater Bladeless Fan</p><p>$29.99</p><a href="https://www.amazon.com/dp/B0CYKMFKR9?tag=eloabder-20&linkCode=osi&th=1&psc=1">View Product</a></div>
<div class="product"><a href="https://www.amazon.com/dp/B07MRH6VY7?tag=eloabder-20&linkCode=osi&th=1&psc=1"><img src="https://m.media-amazon.com/images/I/51g-nuN4A5L._SL500_.jpg" alt="Product Image"></a><p>Colorfullife Replacement Air Purifier Filter for Dyson Tower Purifier Pure Cool Link TP01, TP02, TP03, BP01, Compare to Part 968126-03ï¼Œ2 Pack</p><p>$26.99</p><a href="https://www.amazon.com/dp/B07MRH6VY7?tag=eloabder-20&linkCode=osi&th=1&psc=1">View Product</a></div><div class="product"><a href="https://www.amazon.com/dp/B07TX5SW7J?tag=eloabder-20&linkCode=osi&th=1&psc=1"><img src="https://m.media-amazon.com/images/I/512Kn+cPglL._SL500_.jpg" alt="Product Image"></a><p>TP01 HEPA Filter Replacement Compatible with Dyson Tower Purifier Pure Cool Link TP01, TP02, TP03, AM11, BP01 Models, Compare to Part # 968126-03 (Pack of 2)</p><p>$27.95 ($13.98 / Count)</p><a href="https://www.amazon.com/dp/B07TX5SW7J?tag=eloabder-20&linkCode=osi&th=1&psc=1">View Product</a></div><div class="product"><a href="https://www.amazon.com/dp/B0CC24GZGB?tag=eloabder-20&linkCode=osi&th=1&psc=1"><img src="https://m.media-amazon.com/images/I/41woNpZ9VgL._SL500_.jpg" alt="Product Image"></a><p>TP01 TP02 Filter Compatible with Dyson Pure Cool Link Purifying Tower Fan TP00 TP03 AM11 and Cool Me BP01 Personal Series, 360Â° Air Purifier Filter Replacement 968126-03, 1-Pack</p><p>$25.99</p><a href="https://www.amazon.com/dp/B0CC24GZGB?tag=eloabder-20&linkCode=osi&th=1&psc=1">View Product</a></div><div class="product"><a href="https://www.amazon.com/dp/B0CX23N2JJ?tag=eloabder-20&linkCode=osi&th=1&psc=1"><img src="https://m.media-amazon.com/images/I/3145hmd5j7L._SL500_.jpg" alt="Product Image"></a><p>Dreo Air Purifiers Replacement Filter, HEPA Filter for Dreo Purifier Tower Fan MC710S, with 2 Stage Filtration, Black, Standard(DR-HPA019)</p><p>$39.99</p><a href="https://www.amazon.com/dp/B0CX23N2JJ?tag=eloabder-20&linkCode=osi&th=1&psc=1">View Product</a></div>










<div class="product"><a href="https://www.amazon.com/dp/B001U0OJ7O?tag=eloabder-20&linkCode=osi&th=1&psc=1"><img src="https://m.media-amazon.com/images/I/41XEg3QV-wL._SL500_.jpg" alt="Product Image"></a><p>Whirlpool W10165294RB 15-Inch Plastic Trash Compactor ct, 60 Bags, Count</p><p>$48.34</p><a href="https://www.amazon.com/dp/B001U0OJ7O?tag=eloabder-20&linkCode=osi&th=1&psc=1">View Product</a></div><div class="product"><a href="https://www.amazon.com/dp/B0CC3V4ZZ4?tag=eloabder-20&linkCode=osi&th=1&psc=1"><img src="https://m.media-amazon.com/images/I/31bbvodHnjL._SL500_.jpg" alt="Product Image"></a><p>Waste Smasher- Hand-Held Manual Trash Compactor Dishwasher Safe Black</p><p>$24.95</p><a href="https://www.amazon.com/dp/B0CC3V4ZZ4?tag=eloabder-20&linkCode=osi&th=1&psc=1">View Product</a></div><div class="product"><a href="https://www.amazon.com/dp/B00IYO5914?tag=eloabder-20&linkCode=osi&th=1&psc=1"><img src="https://m.media-amazon.com/images/I/51SLpTXIYNL._SL500_.jpg" alt="Product Image"></a><p>Kitchen Master Super Strong Compactor Bags Pre Cuffed (12 Pack)</p><p>$34.95</p><a href="https://www.amazon.com/dp/B00IYO5914?tag=eloabder-20&linkCode=osi&th=1&psc=1">View Product</a></div><div class="product"><a href="https://www.amazon.com/dp/B075DJ4ZVQ?tag=eloabder-20&linkCode=osi&th=1&psc=1"><img src="https://m.media-amazon.com/images/I/51Vaek4I89L._SL500_.jpg" alt="Product Image"></a><p>Dano Pre-Cuffed Compactor Bags</p><p>$32.95 ($2.75 / Count)</p><a href="https://www.amazon.com/dp/B075DJ4ZVQ?tag=eloabder-20&linkCode=osi&th=1&psc=1">View Product</a></div><div class="product"><a href="https://www.amazon.com/dp/B0C2DCVCBJ?tag=eloabder-20&linkCode=osi&th=1&psc=1"><img src="https://m.media-amazon.com/images/I/51072CtaKuL._SL500_.jpg" alt="Product Image"></a><p>60-pack W10165294RB Trash Compactor Bags - leak-proof trash compactor bags for kitchen 60-ct 15 inches - Fits 15-inch Rectangular Drawer Compactors</p><p>$45.99 ($0.77 / Count)</p><a href="https://www.amazon.com/dp/B0C2DCVCBJ?tag=eloabder-20&linkCode=osi&th=1&psc=1">View Product</a></div><div class="product"><a href="https://www.amazon.com/dp/B001U0OJ7E?tag=eloabder-20&linkCode=osi&th=1&psc=1"><img src="https://m.media-amazon.com/images/I/41c0z26RyvL._SL500_.jpg" alt="Product Image"></a><p>Whirlpool W10165293RB Genuine OEM 60 Pack-Plastic Compactor Bags-18" Models â€“ 1394369, 4178058, 4318932, 4318933, 4318935, 4318937, 4318939, AH1964576, EA1964576, PS1964576</p><p>$48.64 ($0.81 / Count)</p><a href="https://www.amazon.com/dp/B001U0OJ7E?tag=eloabder-20&linkCode=osi&th=1&psc=1">View Product</a></div><div class="product"><a href="https://www.amazon.com/dp/B00W27J16S?tag=eloabder-20&linkCode=osi&th=1&psc=1"><img src="https://m.media-amazon.com/images/I/41RaOjAGlrL._SL500_.jpg" alt="Product Image"></a><p>Compactor Bags Pre Cuffed (50 Pack)</p><p>$84.95 ($1.70 / count)</p><a href="https://www.amazon.com/dp/B00W27J16S?tag=eloabder-20&linkCode=osi&th=1&psc=1">View Product</a></div><div class="product"><a href="https://www.amazon.com/dp/B00MOCYY2W?tag=eloabder-20&linkCode=osi&th=1&psc=1"><img src="https://m.media-amazon.com/images/I/41SH8mDsAnL._SL500_.jpg" alt="Product Image"></a><p>GE WX60X1 Genuine OEM Universal Trash Compactor Bags for GE Trash Compactors</p><p>$19.00</p><a href="https://www.amazon.com/dp/B00MOCYY2W?tag=eloabder-20&linkCode=osi&th=1&psc=1">View Product</a></div><div class="product"><a href="https://www.amazon.com/dp/B0D7SFSTNG?tag=eloabder-20&linkCode=osi&th=1&psc=1"><img src="https://m.media-amazon.com/images/I/41szt9tZJPL._SL500_.jpg" alt="Product Image"></a><p>4PCS Trash Compactor Charcoal Air Filter Fit for Whirlpool/KitchenAid/Maytag/Jenn-Air/Amana/Inglis/Magic Chef Trash Compactor, Replaces 4151750 554358 WP4151750 AP6009134 PS11742279</p><p>$23.59 ($5.90 / Count)</p><a href="https://www.amazon.com/dp/B0D7SFSTNG?tag=eloabder-20&linkCode=osi&th=1&psc=1">View Product</a></div>
<div class="product"><a href="https://www.amazon.com/dp/B0CGLX5ZB9?tag=eloabder-20&linkCode=osi&th=1&psc=1"><img src="https://m.media-amazon.com/images/I/51qeRZQS98L._SL500_.jpg" alt="Product Image"></a><p>Spare Replacement Parts Compatible with MAMNV BR150 BR151, ZCWA BR150 BR151, MANVINS G20 Robot Vacuum and Mop Combo Accessories Include: 3 Hepa Filters 3 Mop Pads 6 Side Spin Brushes</p><p>$9.98</p><a href="https://www.amazon.com/dp/B0CGLX5ZB9?tag=eloabder-20&linkCode=osi&th=1&psc=1">View Product</a></div><div class="product"><a href="https://www.amazon.com/dp/B0B28DGZBG?tag=eloabder-20&linkCode=osi&th=1&psc=1"><img src="https://m.media-amazon.com/images/I/51ooMN4RqML._SL500_.jpg" alt="Product Image"></a><p>Replacement Parts for Shark AI AV2511AE AV2501S AV2610WA AV2501AE RV2502AE RV2610WA RV2520 AV2510 2-In-1 AI Ultra Robot Vacuum Cleaner Accessories Kits. Main Brush, HEPA Filter, Foam Filter,Side Brush</p><p>$19.99 ($1.05 / Count)</p><a href="https://www.amazon.com/dp/B0B28DGZBG?tag=eloabder-20&linkCode=osi&th=1&psc=1">View Product</a></div><div class="product"><a href="https://www.amazon.com/dp/B0782T7L6P?tag=eloabder-20&linkCode=osi&th=1&psc=1"><img src="https://m.media-amazon.com/images/I/41hTVkuzMJL._SL500_.jpg" alt="Product Image"></a><p>10pcs HEPA Filters Replacement for ILIFE V3s V3s pro V5 V5s V5s Pro V5s Pro 2 V5s Plus Noisz S5 Robotic Vacuum Cleaner ILIFE V3s pro Filters ILIFE Robot Vacuum Filter</p><p>$9.80 ($0.98 / Count)</p><a href="https://www.amazon.com/dp/B0782T7L6P?tag=eloabder-20&linkCode=osi&th=1&psc=1">View Product</a></div><div class="product"><a href="https://www.amazon.com/dp/B0CXLVHTTC?tag=eloabder-20&linkCode=osi&th=1&psc=1"><img src="https://m.media-amazon.com/images/I/51BT3phYzKL._SL500_.jpg" alt="Product Image"></a><p>HUIZHEN Spare Accessories for MAMNV BR150/BR151, for ZCWA BR150/BR151, for MANVINS G20,for GTTVO BR150/BR151,for ONSON BR150/BR151 Robot Vacuum Replacement Parts,6 Side Brush,4 HEPA Filters,4 Mop Pads</p><p>$9.99</p><a href="https://www.amazon.com/dp/B0CXLVHTTC?tag=eloabder-20&linkCode=osi&th=1&psc=1">View Product</a></div><div class="product"><a href="https://www.amazon.com/dp/B08RYDDQL8?tag=eloabder-20&linkCode=osi&th=1&psc=1"><img src="https://m.media-amazon.com/images/I/314Xd7+oBXL._SL500_.jpg" alt="Product Image"></a><p>AirClean 4 Pack 3.7" High Replacement Base Pre-Motor Foam Filters Compatible with Shark IQ Robot Vacuum R101AE RV1001AE UR1005AE Self-Empty Base</p><p>$12.99 ($3.25 / Count)</p><a href="https://www.amazon.com/dp/B08RYDDQL8?tag=eloabder-20&linkCode=osi&th=1&psc=1">View Product</a></div><div class="product"><a href="https://www.amazon.com/dp/B0CJLHJ557?tag=eloabder-20&linkCode=osi&th=1&psc=1"><img src="https://m.media-amazon.com/images/I/41iQm8hUjiL._SL500_.jpg" alt="Product Image"></a><p>Replacement Parts Compatible with WYZE Robot Vacuum Cleaner WVCR200S Accessories, 2 Main Brushes, 6 Hepa Filters, 8 Side Brushes Attachment Spare Pack</p><p>$14.99 ($0.94 / Count)</p><a href="https://www.amazon.com/dp/B0CJLHJ557?tag=eloabder-20&linkCode=osi&th=1&psc=1">View Product</a></div>
<div class="product"><a href="https://www.amazon.com/dp/B0C4595Q8P?tag=eloabder-20&linkCode=osi&th=1&psc=1"><img src="https://m.media-amazon.com/images/I/51k23SAtRxL._SL500_.jpg" alt="Product Image"></a><p>4 Pack FSV001 HEPA Filter Compatiable with Fabuletta FSV101, FSV001, Girnoor G160&G165, Afoddon A300, Lubluelu 202, Oraimo Cordless Vacuum Cleaner, Besswin W26 Cordless Stick Vacuum Cleaners</p><p>$15.99 ($4.00 / Count)</p><a href="https://www.amazon.com/dp/B0C4595Q8P?tag=eloabder-20&linkCode=osi&th=1&psc=1">View Product</a></div>
<div class="product"><a href="https://www.amazon.com/dp/B0BNKJX96X?tag=eloabder-20&linkCode=osi&th=1&psc=1"><img src="https://m.media-amazon.com/images/I/41OPeLFppoL._SL500_.jpg" alt="Product Image"></a><p>6 PACK 2033 Replacement Filter Compatible with Bissell Featherweight Stick Lightweight Bagless Vacuum Cleaner 20331, 20333, 20334, 20336, 20339, 2033M,6 Mesh Filter 6 Foam Filters, Replace # 1611508</p><p>$14.99 ($2.50 / Count)</p><a href="https://www.amazon.com/dp/B0BNKJX96X?tag=eloabder-20&linkCode=osi&th=1&psc=1">View Product</a></div><div class="product"><a href="https://www.amazon.com/dp/B0CMBWLTSM?tag=eloabder-20&linkCode=osi&th=1&psc=1"><img src="https://m.media-amazon.com/images/I/41PHqKaLTDL._SL500_.jpg" alt="Product Image"></a><p>18V ONE + Cordless Pet Stick Vacuum Filter for Ryobi, PCL720, PBLSV716, PBLSV717 Stick Vacuum, Reusable Washable Filters, Compare to Part A32SV720N, 6 Pack</p><p>$15.99 ($2.66 / Count)</p><a href="https://www.amazon.com/dp/B0CMBWLTSM?tag=eloabder-20&linkCode=osi&th=1&psc=1">View Product</a></div><div class="product"><a href="https://www.amazon.com/dp/B0CXDYWWT9?tag=eloabder-20&linkCode=osi&th=1&psc=1"><img src="https://m.media-amazon.com/images/I/41F1csTT8jL._SL500_.jpg" alt="Product Image"></a><p>2 Replacement Filters for Craftsman V20 Cordless Stick Vacuum CMCVS001D1, for Black Decker BSVF1 BSV2020 BSV2020G BSV2020P Cordless Stick Vacuum Cleaner with 1 Cleaning Brush</p><p>$14.99</p><a href="https://www.amazon.com/dp/B0CXDYWWT9?tag=eloabder-20&linkCode=osi&th=1&psc=1">View Product</a></div><div class="product"><a href="https://www.amazon.com/dp/B0CCJ5N5DH?tag=eloabder-20&linkCode=osi&th=1&psc=1"><img src="https://m.media-amazon.com/images/I/41xmhDPqk8L._SL500_.jpg" alt="Product Image"></a><p>Aolleteau 1 Pack Brush Roller Compatible with Black + Decker BSV2020, BSV2020P, BSV2020G Powerseries Extreme Cordless Stick Vacuum and Compatible with Craftsman V20 Cordless Stick Vacuum CMCVS001D1</p><p>$17.99</p><a href="https://www.amazon.com/dp/B0CCJ5N5DH?tag=eloabder-20&linkCode=osi&th=1&psc=1">View Product</a></div><div class="product"><a href="https://www.amazon.com/dp/B0CQY61LFD?tag=eloabder-20&linkCode=osi&th=1&psc=1"><img src="https://m.media-amazon.com/images/I/31swBBC444L._SL500_.jpg" alt="Product Image"></a><p>Tablenco for Shark HZ602 Filter Replacement Ultralight Pet Pro Corded Stick Vacuum and HZ2002 Vertex DuoClean PowerFins fit HZ2000 HZ251 HZ250 HH200 HH202,4 Foam Felt 4 Motor Kit (No cleaning brush)</p><p>$9.98</p><a href="https://www.amazon.com/dp/B0CQY61LFD?tag=eloabder-20&linkCode=osi&th=1&psc=1">View Product</a></div><div class="product"><a href="https://www.amazon.com/dp/B09Q55KW8W?tag=eloabder-20&linkCode=osi&th=1&psc=1"><img src="https://m.media-amazon.com/images/I/51MKsJy6nSL._SL500_.jpg" alt="Product Image"></a><p>Anicell 2033 Featherweight Filter for Bissell Featherweight Stick Lightweight Bagless Vacuum 20331 20333 20334 20336 20339 2033M, 4 Mesh Filters 6 Foam Filters Replacement, Replace part# 1611508</p><p>$11.99</p><a href="https://www.amazon.com/dp/B09Q55KW8W?tag=eloabder-20&linkCode=osi&th=1&psc=1">View Product</a></div><div class="product"><a href="https://www.amazon.com/dp/B0CDVG7LHD?tag=eloabder-20&linkCode=osi&th=1&psc=1"><img src="https://m.media-amazon.com/images/I/41hjN1Te6sL._SL500_.jpg" alt="Product Image"></a><p>Moreffi 3 Pack Filter Replacement For HART Cordless Stick Vacuum HPSV01 and HPSV50, Compare to Part Number HASV01</p><p>$19.99 ($6.66 / Count)</p><a href="https://www.amazon.com/dp/B0CDVG7LHD?tag=eloabder-20&linkCode=osi&th=1&psc=1">View Product</a></div>
<div class="product"><a href="https://www.amazon.com/dp/B07DQ9TZC8?tag=eloabder-20&linkCode=osi&th=1&psc=1"><img src="https://m.media-amazon.com/images/I/41PHyZ20FuL._SL500_.jpg" alt="Product Image"></a><p>Kenmore 53294 Style O HEPA Cloth Vacuum Bags for Kenmore Upright Vacuum Cleaners 6 Pack,White</p><p>$20.99 ($3.50 / Count)</p><a href="https://www.amazon.com/dp/B07DQ9TZC8?tag=eloabder-20&linkCode=osi&th=1&psc=1">View Product</a></div><div class="product"><a href="https://www.amazon.com/dp/B08MXVTTT2?tag=eloabder-20&linkCode=osi&th=1&psc=1"><img src="https://m.media-amazon.com/images/I/41T6wRpIMzL._SL500_.jpg" alt="Product Image"></a><p>Kenmore IB600 HEPA Replacement Intuition Upright Vacuum Cleaner Bags for BU4022, BU4020, BU4018, BU4050, BU3040,White</p><p>$18.75</p><a href="https://www.amazon.com/dp/B08MXVTTT2?tag=eloabder-20&linkCode=osi&th=1&psc=1">View Product</a></div><div class="product"><a href="https://www.amazon.com/dp/B01010JVYO?tag=eloabder-20&linkCode=osi&th=1&psc=1"><img src="https://m.media-amazon.com/images/I/51Anluh47GL._SL500_.jpg" alt="Product Image"></a><p>EnviroCare Replacement Micro Filtration Vacuum Cleaner Dust Bags Designed to fit Hoover Windtunnel Upright Type Y 9 pack</p><p>$9.89 ($1.10 / Count)</p><a href="https://www.amazon.com/dp/B01010JVYO?tag=eloabder-20&linkCode=osi&th=1&psc=1">View Product</a></div><div class="product"><a href="https://www.amazon.com/dp/B0D5CP3WBY?tag=eloabder-20&linkCode=osi&th=1&psc=1"><img src="https://m.media-amazon.com/images/I/31MaGmsVOwL._SL500_.jpg" alt="Product Image"></a><p>Bagless Upright Kenmore Vacuum HEPA Filters, Compatible with Foam Filters, Felt Filters and Upright vacuum cleaner for Models K4010,DU2015,DU2012(includes 1 Hepa Filters,2 Foam and 2 Felt Filters)</p><p>$12.99</p><a href="https://www.amazon.com/dp/B0D5CP3WBY?tag=eloabder-20&linkCode=osi&th=1&psc=1">View Product</a></div><div class="product"><a href="https://www.amazon.com/dp/B0CBFV28WX?tag=eloabder-20&linkCode=osi&th=1&psc=1"><img src="https://m.media-amazon.com/images/I/51LIYI0wXSL._SL500_.jpg" alt="Product Image"></a><p>16 Packs Vacuum Bags for Oreck Type CC, Compatible with All Oreck XL Upright Vacuum Cleaner - Replaces Part # CCPK8DW</p><p>$21.99 ($1.37 / Count)</p><a href="https://www.amazon.com/dp/B0CBFV28WX?tag=eloabder-20&linkCode=osi&th=1&psc=1">View Product</a></div><div class="product"><a href="https://www.amazon.com/dp/B00F9GQMHA?tag=eloabder-20&linkCode=osi&th=1&psc=1"><img src="https://m.media-amazon.com/images/I/51lhelurelL._SL500_.jpg" alt="Product Image"></a><p>EnviroCare Replacement Premium Vacuum Cleaner Dust Bags made to fit Eureka F&G Uprights 9 bags</p><p>$11.09</p><a href="https://www.amazon.com/dp/B00F9GQMHA?tag=eloabder-20&linkCode=osi&th=1&psc=1">View Product</a></div><div class="product"><a href="https://www.amazon.com/dp/B002CI8G1I?tag=eloabder-20&linkCode=osi&th=1&psc=1"><img src="https://m.media-amazon.com/images/I/51PYQrQpbSL._SL500_.jpg" alt="Product Image"></a><p>EnviroCare Replacement Micro Filtration Vacuum Cleaner Dust Bags made to fit Kenmore Upright Type U/L/O 50688 and 50690, Panasonic Type U-2, Miele Type Z. 9 pack</p><p>$9.99</p><a href="https://www.amazon.com/dp/B002CI8G1I?tag=eloabder-20&linkCode=osi&th=1&psc=1">View Product</a></div>
<div class="product"><a href="https://www.amazon.com/dp/B07GNQJ67P?tag=eloabder-20&linkCode=osi&th=1&psc=1"><img src="https://m.media-amazon.com/images/I/41XHnKbgjAL._SL500_.jpg" alt="Product Image"></a><p>Kenmore 53292 Type Q HEPA Replacement Dust Bags for Canister Vacuum 81214, 81414, 81714, 21814, BC2005, BC3005, 81615, BC7005, 6 Count (Pack of 1)</p><p>$13.24 ($2.21 / Count)</p><a href="https://www.amazon.com/dp/B07GNQJ67P?tag=eloabder-20&linkCode=osi&th=1&psc=1">View Product</a></div><div class="product"><a href="https://www.amazon.com/dp/B01L0C0FVK?tag=eloabder-20&linkCode=osi&th=1&psc=1"><img src="https://m.media-amazon.com/images/I/51ZIjbo9NVL._SL500_.jpg" alt="Product Image"></a><p>Envirocare Replacement Vacuum Bags Compatible with Kenmore Canister Type C/Q. 5055, 50557 and 50558 Panasonic Type C-5 Vacuums,15 pack</p><p>$16.16</p><a href="https://www.amazon.com/dp/B01L0C0FVK?tag=eloabder-20&linkCode=osi&th=1&psc=1">View Product</a></div><div class="product"><a href="https://www.amazon.com/dp/B0BTRTP2PM?tag=eloabder-20&linkCode=osi&th=1&psc=1"><img src="https://m.media-amazon.com/images/I/41K295aRv9L._SL500_.jpg" alt="Product Image"></a><p>Vacuum Cleaner Bags Fit for Kenmore Canister Type C/Q 50555 50557 50558 and Type C-5, 10PCs</p><p>$15.99</p><a href="https://www.amazon.com/dp/B0BTRTP2PM?tag=eloabder-20&linkCode=osi&th=1&psc=1">View Product</a></div><div class="product"><a href="https://www.amazon.com/dp/B0CRQYGLZX?tag=eloabder-20&linkCode=osi&th=1&psc=1"><img src="https://m.media-amazon.com/images/I/413iXp+j3ML._SL500_.jpg" alt="Product Image"></a><p>15 Pack Canister Vacuum Cleaner Bags Compatible with Kenmore Canister Type C/Q 5055, 50555, 50557, 50558 and Type C-5, C-18, 53292, 200 Series, 400 Series, 600 Series, 700 Series, 800 Series Vacuum</p><p>$11.69</p><a href="https://www.amazon.com/dp/B0CRQYGLZX?tag=eloabder-20&linkCode=osi&th=1&psc=1">View Product</a></div><div class="product"><a href="https://www.amazon.com/dp/B00QGD3SBI?tag=eloabder-20&linkCode=osi&th=1&psc=1"><img src="https://m.media-amazon.com/images/I/51xw0asyqTL._SL500_.jpg" alt="Product Image"></a><p>EnviroCare Replacement Vacuum Bags made to fit Kenmore Canister Type C or Q 50555, 50558, 50557 and Panasonic Type C-5 Vacuums, 9 pack</p><p>$9.79</p><a href="https://www.amazon.com/dp/B00QGD3SBI?tag=eloabder-20&linkCode=osi&th=1&psc=1">View Product</a></div><div class="product"><a href="https://www.amazon.com/dp/B0CQP9NP5N?tag=eloabder-20&linkCode=osi&th=1&psc=1"><img src="https://m.media-amazon.com/images/I/41WnNkTz8zL._SL500_.jpg" alt="Product Image"></a><p>8 Pack Replacement Vacuum Bags Compatible with Kenmore Canister Type C/Q. 5055, 50104, 50557 and 50558 Panasonic Type C-5 Vacuums</p><p>$9.99 ($1.25 / Count)</p><a href="https://www.amazon.com/dp/B0CQP9NP5N?tag=eloabder-20&linkCode=osi&th=1&psc=1">View Product</a></div>
<div class="product"><a href="https://www.amazon.com/dp/B09M3Y2BHR?tag=eloabder-20&linkCode=osi&th=1&psc=1"><img src="https://m.media-amazon.com/images/I/31tevngai1L._SL500_.jpg" alt="Product Image"></a><p>Ymimi Vacuum Filter Compatible with Eureka WhirlWind Bagless Canister Vacuum Cleaner,Fits NEN110A,NEN110B,NEN110Dï¼ˆ2-Packï¼‰</p><p>$11.99 ($6.00 / Count)</p><a href="https://www.amazon.com/dp/B09M3Y2BHR?tag=eloabder-20&linkCode=osi&th=1&psc=1">View Product</a></div><div class="product"><a href="https://www.amazon.com/dp/B07J1WWBHN?tag=eloabder-20&linkCode=osi&th=1&psc=1"><img src="https://m.media-amazon.com/images/I/51gmkDrnR2L._SL500_.jpg" alt="Product Image"></a><p>Bissell Powerforce Helix Bagless Washable Premotor Filter #1608225, Black</p><p>$7.78</p><a href="https://www.amazon.com/dp/B07J1WWBHN?tag=eloabder-20&linkCode=osi&th=1&psc=1">View Product</a></div><div class="product"><a href="https://www.amazon.com/dp/B0BK64TMMK?tag=eloabder-20&linkCode=osi&th=1&psc=1"><img src="https://m.media-amazon.com/images/I/41OBMvET7eL._SL500_.jpg" alt="Product Image"></a><p>Vacuum Belt Replacement for Bissell Cleanview Swivel Pet Upright Bagless/Powerlifter Vacuum Cleaner, fits model: 2252, 2254, 22543, 2258,2259, 2260,2316, 2739, 1793, Parts # 3031120, 32074</p><p>$6.99</p><a href="https://www.amazon.com/dp/B0BK64TMMK?tag=eloabder-20&linkCode=osi&th=1&psc=1">View Product</a></div><div class="product"><a href="https://www.amazon.com/dp/B0BKKL3WRB?tag=eloabder-20&linkCode=osi&th=1&psc=1"><img src="https://m.media-amazon.com/images/I/410jMe-FjIL._SL500_.jpg" alt="Product Image"></a><p>Aolleteau F1 HEPA Filter Compatible with Dirt Devil Bagless Upright Cleaner Models Extra Lite, Breeze, Featherlite Bagless, Jaguar Bagless,Platinum Force Vision, Scorpion and Vision Bagless (2 Pack)</p><p>$13.99 ($7.00 / Count)</p><a href="https://www.amazon.com/dp/B0BKKL3WRB?tag=eloabder-20&linkCode=osi&th=1&psc=1">View Product</a></div><div class="product"><a href="https://www.amazon.com/dp/B09SG1P4WN?tag=eloabder-20&linkCode=osi&th=1&psc=1"><img src="https://m.media-amazon.com/images/I/51+Mr+Wq5ML._SL500_.jpg" alt="Product Image"></a><p>NEN110A Vacuum Filter, Inlet Frame and Sponge Filter Compatible with Eureka Whirlwind Bagless Canister Vacuum Cleaner, Fits NEN110A, NEN110B, NEN110D(4-Pack)</p><p>$15.99 ($4.00 / Count)</p><a href="https://www.amazon.com/dp/B09SG1P4WN?tag=eloabder-20&linkCode=osi&th=1&psc=1">View Product</a></div>
<div class="product"><a href="https://www.amazon.com/dp/B07GT9VB9X?tag=eloabder-20&linkCode=osi&th=1&psc=1"><img src="https://m.media-amazon.com/images/I/41IokheYtNL._SL500_.jpg" alt="Product Image"></a><p>6 Pack 1940 Bissell Steam Mop Pads for Bissell PowerFresh Steam Mop 1806 1544 1440 2075A 2685A 1940W 19404 Series, Model 19402 19408 1940a 1940f 1940q 1940t B0006 B0017, Part #5938#203-2633</p><p>$16.99 ($2.83 / Count)</p><a href="https://www.amazon.com/dp/B07GT9VB9X?tag=eloabder-20&linkCode=osi&th=1&psc=1">View Product</a></div><div class="product"><a href="https://www.amazon.com/dp/B07H3MYZLD?tag=eloabder-20&linkCode=osi&th=1&psc=1"><img src="https://m.media-amazon.com/images/I/511p6MPxQ0L._SL500_.jpg" alt="Product Image"></a><p>Flammi Steam Pocket Mop Replacement Pads for Shark S3500 Series S3501 S3601 S3550 S3901 SE450 S3801CO S3601D S2901 S2902 Steam Pocket Mop, 4 Pack</p><p>$16.97 ($4.24 / Count)</p><a href="https://www.amazon.com/dp/B07H3MYZLD?tag=eloabder-20&linkCode=osi&th=1&psc=1">View Product</a></div><div class="product"><a href="https://www.amazon.com/dp/B0C8SH97HN?tag=eloabder-20&linkCode=osi&th=1&psc=1"><img src="https://m.media-amazon.com/images/I/31Mex4y7odL._SL500_.jpg" alt="Product Image"></a><p>HOMEXCEL Steam Mop Replacement Pads Compatible with Bissell Powerfresh Steam Mop 1940 1806 1440 1544 Series, Model 19402 19404 19408 2685A 2075A 1940A 1940Q 1940T 1940W, Steam Mop Pads Refills,4 Pack</p><p>$9.99 ($2.50 / Count)</p><a href="https://www.amazon.com/dp/B0C8SH97HN?tag=eloabder-20&linkCode=osi&th=1&psc=1">View Product</a></div><div class="product"><a href="https://www.amazon.com/dp/B0BFWTXS33?tag=eloabder-20&linkCode=osi&th=1&psc=1"><img src="https://m.media-amazon.com/images/I/51pa2h7o0EL._SL500_.jpg" alt="Product Image"></a><p>12 Pack 1940 Steam Mop Replacement Pads for Bissell Powerfresh Steam Mop 1940 1440 1806 1544 2075 2685A 2814 Series, Model 19402 19404 19408 19409 1940A 1940F 1940Q 1940T 1940W B0006 B0017 2075A 15441</p><p>$24.99</p><a href="https://www.amazon.com/dp/B0BFWTXS33?tag=eloabder-20&linkCode=osi&th=1&psc=1">View Product</a></div><div class="product"><a href="https://www.amazon.com/dp/B0CLP5QGTY?tag=eloabder-20&linkCode=osi&th=1&psc=1"><img src="https://m.media-amazon.com/images/I/414HqpKde9L._SL500_.jpg" alt="Product Image"></a><p>10 Pack 1940 1806 2685A Steam Mop Pads For Bissell Powerfresh Steam Mop Deluxe Pet Lift-Off Plus Slim Scrubbing Steam Mop Replacement Pad 1940A 2814 1544A 2075A Power Fresh Steamer Pad Refill Washable</p><p>$22.99 ($2.30 / Count)</p><a href="https://www.amazon.com/dp/B0CLP5QGTY?tag=eloabder-20&linkCode=osi&th=1&psc=1">View Product</a></div><div class="product"><a href="https://www.amazon.com/dp/B078BBKBPV?tag=eloabder-20&linkCode=osi&th=1&psc=1"><img src="https://m.media-amazon.com/images/I/51WcJqtOUIL._SL500_.jpg" alt="Product Image"></a><p>Tidy Monster Steam Mop Replacement Pads Compatible with Bissell Powerfresh Steam Mop 1940 1806 1544 1440 2075A 2685A Series, Part # 5938 & 203-2633, 1606668 & 1606669 (4 Pack Scrub Plush)</p><p>$9.99</p><a href="https://www.amazon.com/dp/B078BBKBPV?tag=eloabder-20&linkCode=osi&th=1&psc=1">View Product</a></div><div class="product"><a href="https://www.amazon.com/dp/B00A6G37SU?tag=eloabder-20&linkCode=osi&th=1&psc=1"><img src="https://m.media-amazon.com/images/I/51xo0LB-SpL._SL500_.jpg" alt="Product Image"></a><p>BISSELL PowerFresh Steam Mop Pads (Pack of 2) with Fragrance discs (4 ct), 5938</p><p>$21.26 ($10.63 / Count)</p><a href="https://www.amazon.com/dp/B00A6G37SU?tag=eloabder-20&linkCode=osi&th=1&psc=1">View Product</a></div>
<div class="product"><a href="https://www.amazon.com/dp/B0D2QFVY7H?tag=eloabder-20&linkCode=osi&th=1&psc=1"><img src="https://m.media-amazon.com/images/I/417B7H+vvML._SL500_.jpg" alt="Product Image"></a><p>Kenmore KS1010 Deep Clean & Revitalize Pet Carpet Cleaner Formula, 64 oz, White, 64 Fl Oz</p><p>$22.73 ($0.36 / Fl Oz)</p><a href="https://www.amazon.com/dp/B0D2QFVY7H?tag=eloabder-20&linkCode=osi&th=1&psc=1">View Product</a></div><div class="product"><a href="https://www.amazon.com/dp/B0BNK8ZJJ1?tag=eloabder-20&linkCode=osi&th=1&psc=1"><img src="https://m.media-amazon.com/images/I/51z0Pc4xcNL._SL500_.jpg" alt="Product Image"></a><p>Bissell Spotlifter Pet Carpet and Upholstery Cleaner with Brush Head - 4 Pack, 93523</p><p>$23.88 ($0.50 / Fl Oz)</p><a href="https://www.amazon.com/dp/B0BNK8ZJJ1?tag=eloabder-20&linkCode=osi&th=1&psc=1">View Product</a></div><div class="product"><a href="https://www.amazon.com/dp/B0CX245D26?tag=eloabder-20&linkCode=osi&th=1&psc=1"><img src="https://m.media-amazon.com/images/I/411CSXvvO1L._SL500_.jpg" alt="Product Image"></a><p>BISSELLÂ® Spot & Stain with Febreze + Gain Original Scent Formula for Little Green Devices, Portable Carpet Cleaners (3968)</p><p>$12.99 ($0.41 / Fl Oz)</p><a href="https://www.amazon.com/dp/B0CX245D26?tag=eloabder-20&linkCode=osi&th=1&psc=1">View Product</a></div><div class="product"><a href="https://www.amazon.com/dp/B083VZW4R5?tag=eloabder-20&linkCode=osi&th=1&psc=1"><img src="https://m.media-amazon.com/images/I/413BULPLmBL._SL500_.jpg" alt="Product Image"></a><p>BISSELL Multi-Surface Pet Formula with Febreze Freshness for Crosswave (80 oz), 2295L</p><p>$22.99 ($0.29 / Fl Oz)</p><a href="https://www.amazon.com/dp/B083VZW4R5?tag=eloabder-20&linkCode=osi&th=1&psc=1">View Product</a></div><div class="product"><a href="https://www.amazon.com/dp/B0D2RGW219?tag=eloabder-20&linkCode=osi&th=1&psc=1"><img src="https://m.media-amazon.com/images/I/41gD+82tnAL._SL500_.jpg" alt="Product Image"></a><p>Vacmaster Clean & Restore Carpet Cleaner Formula â€“ CCS03</p><p>$19.99 ($0.31 / Fl Oz)</p><a href="https://www.amazon.com/dp/B0D2RGW219?tag=eloabder-20&linkCode=osi&th=1&psc=1">View Product</a></div>






<div class="product"><a href="https://www.amazon.com/dp/B0BY64HQTP?tag=eloabder-20&linkCode=osi&th=1&psc=1"><img src="https://m.media-amazon.com/images/I/41hUxHuASYL._SL500_.jpg" alt="Product Image"></a><p>Air Conditioning Motor WZDK13-38G-1(RD-310-13-8) DC Brushless Fan Motor, 13W Inverter air Conditioner Motor DC Motor for Central air Conditioner</p><p>$39.95</p><a href="https://www.amazon.com/dp/B0BY64HQTP?tag=eloabder-20&linkCode=osi&th=1&psc=1">View Product</a></div><div class="product"><a href="https://www.amazon.com/dp/B0CM5YB884?tag=eloabder-20&linkCode=osi&th=1&psc=1"><img src="https://m.media-amazon.com/images/I/310lQ2tAvLL._SL500_.jpg" alt="Product Image"></a><p>Sparkfix OEM WZDK20-38G (ZKFP-20-8-6) Air Conditioner Replacement Motors DC280V 20W Air Conditioning Fan Motor Inverter Air Conditioner Brushless DC Motor 1300RPM CCW</p><p>$42.79</p><a href="https://www.amazon.com/dp/B0CM5YB884?tag=eloabder-20&linkCode=osi&th=1&psc=1">View Product</a></div>













<div class="product"><a href="https://www.amazon.com/dp/B009PCI2JU?tag=eloabder-20&linkCode=osi&th=1&psc=1"><img src="https://m.media-amazon.com/images/I/310ZJurANUL._SL500_.jpg" alt="Product Image"></a><p>GE RPWFE Refrigerator Water Filter | Certified to Reduce Lead, Sulfur, and 50+ Other Impurities | Replace Every 6 Months for Best Results | Pack of 1</p><p>$49.98</p><a href="https://www.amazon.com/dp/B009PCI2JU?tag=eloabder-20&linkCode=osi&th=1&psc=1">View Product</a></div><div class="product"><a href="https://www.amazon.com/dp/B0882ZJ48W?tag=eloabder-20&linkCode=osi&th=1&psc=1"><img src="https://m.media-amazon.com/images/I/41110o9sUoL._SL500_.jpg" alt="Product Image"></a><p>GE XWFE Refrigerator Water Filter | Certified to Reduce Lead, Sulfur, and 50+ Other Impurities | Replace Every 6 Months for Best Results | Pack of 1, White</p><p>$49.00</p><a href="https://www.amazon.com/dp/B0882ZJ48W?tag=eloabder-20&linkCode=osi&th=1&psc=1">View Product</a></div><div class="product"><a href="https://www.amazon.com/dp/B074HLRXMP?tag=eloabder-20&linkCode=osi&th=1&psc=1"><img src="https://m.media-amazon.com/images/I/21oDpGCQXiL._SL500_.jpg" alt="Product Image"></a><p>LG LT1000P - 6 Month / 200 Gallon Capacity Replacement Refrigerator Water Filter (NSF42, NSF53, and NSF401) ADQ74793501, ADQ75795105, or AGF80300704 , White</p><p>$47.00</p><a href="https://www.amazon.com/dp/B074HLRXMP?tag=eloabder-20&linkCode=osi&th=1&psc=1">View Product</a></div><div class="product"><a href="https://www.amazon.com/dp/B01BKWSHHE?tag=eloabder-20&linkCode=osi&th=1&psc=1"><img src="https://m.media-amazon.com/images/I/31E2+zlkvjL._SL500_.jpg" alt="Product Image"></a><p>Frigidaire EPTWFU01 Water Filtration Filter, 1 Count, White</p><p>$42.99</p><a href="https://www.amazon.com/dp/B01BKWSHHE?tag=eloabder-20&linkCode=osi&th=1&psc=1">View Product</a></div><div class="product"><a href="https://www.amazon.com/dp/B08V6JB9R7?tag=eloabder-20&linkCode=osi&th=1&psc=1"><img src="https://m.media-amazon.com/images/I/31PRPEffCZL._SL500_.jpg" alt="Product Image"></a><p>Frigidaire FPPWFU01 PurePour PWF-1 Water Filter 1 Count (Pack of 1)</p><p>$45.81</p><a href="https://www.amazon.com/dp/B08V6JB9R7?tag=eloabder-20&linkCode=osi&th=1&psc=1">View Product</a></div><div class="product"><a href="https://www.amazon.com/dp/B000AST3AK?tag=eloabder-20&linkCode=osi&th=1&psc=1"><img src="https://m.media-amazon.com/images/I/41DUoSxpwTS._SL500_.jpg" alt="Product Image"></a><p>GE MWF Refrigerator Water Filter | Certified to Reduce Lead, Sulfur, and 50+ Other Impurities | Replace Every 6 Months for Best Results | Pack of 1</p><p>$39.98</p><a href="https://www.amazon.com/dp/B000AST3AK?tag=eloabder-20&linkCode=osi&th=1&psc=1">View Product</a></div><div class="product"><a href="https://www.amazon.com/dp/B0CFZR7K8D?tag=eloabder-20&linkCode=osi&th=1&psc=1"><img src="https://m.media-amazon.com/images/I/31WM5sdhKLL._SL500_.jpg" alt="Product Image"></a><p>HMASAV W10295370A water filter replacement, Compatible with EDR1RXD1,EDR1RXD1B,W10295370,Filter 1,WHR1RXD1,KAD1RXD1,P4RFWB,P8RFWB2L,46-9930,46-9081 2PACK</p><p>$29.99 ($15.00 / Count)</p><a href="https://www.amazon.com/dp/B0CFZR7K8D?tag=eloabder-20&linkCode=osi&th=1&psc=1">View Product</a></div><div class="product"><a href="https://www.amazon.com/dp/B07JM9TTTT?tag=eloabder-20&linkCode=osi&th=1&psc=1"><img src="https://m.media-amazon.com/images/I/41CfAtJ8TPL._SL500_.jpg" alt="Product Image"></a><p>GLACIER FRESH LT1000PC Replacement Water Filter, Compatible with LT1000PC/PCS, LT1000PC, LT-1000PC, MDJ64844601, ADQ747935 ADQ74793504 Filter and LT120F ADQ73334008 Fresh Air (3+3)</p><p>$39.99 ($13.33 / Count)</p><a href="https://www.amazon.com/dp/B07JM9TTTT?tag=eloabder-20&linkCode=osi&th=1&psc=1">View Product</a></div><div class="product"><a href="https://www.amazon.com/dp/B003N1ZSYG?tag=eloabder-20&linkCode=osi&th=1&psc=1"><img src="https://m.media-amazon.com/images/I/31Mbrkrxu1L._SL500_.jpg" alt="Product Image"></a><p>SAMSUNG Genuine Filter for Refrigerator Water and Ice, Carbon Block Filtration for Clean, Clear Drinking Water, 6-Month Life, HAF-CIN/EXP, 1 Pack</p><p>$39.99</p><a href="https://www.amazon.com/dp/B003N1ZSYG?tag=eloabder-20&linkCode=osi&th=1&psc=1">View Product</a></div>









<div class="product"><a href="https://www.amazon.com/dp/B0B2NZ47HN?tag=eloabder-20&linkCode=osi&th=1&psc=1"><img src="https://m.media-amazon.com/images/I/41nC6c2XxJL._SL500_.jpg" alt="Product Image"></a><p>OTE Portable Sparkling Water Maker Soda Maker Machine for home with 20PCS Cylinders 450ml Personal seltzer Carbonators Electroless Double Layer PET Bottle BPA Free Double Pressure Relief Valves -Pink</p><p>$49.99</p><a href="https://www.amazon.com/dp/B0B2NZ47HN?tag=eloabder-20&linkCode=osi&th=1&psc=1">View Product</a></div><div class="product"><a href="https://www.amazon.com/dp/B09DY54L7M?tag=eloabder-20&linkCode=osi&th=1&psc=1"><img src="https://m.media-amazon.com/images/I/31LSpnm3G8L._SL500_.jpg" alt="Product Image"></a><p>MOSOLAN Bottle Cleaning Brush, 17 Inches Extra Long Handle Water Bottle Brush, Flexible Bendable Cleaner for Washing Narrow Neck Bottles, Wine Decanter, Kombucha, Pipes, Beer Brewing Supplies, 2 Pack</p><p>$11.95 ($5.98 / Count)</p><a href="https://www.amazon.com/dp/B09DY54L7M?tag=eloabder-20&linkCode=osi&th=1&psc=1">View Product</a></div><div class="product"><a href="https://www.amazon.com/dp/B0736CBNDN?tag=eloabder-20&linkCode=osi&th=1&psc=1"><img src="https://m.media-amazon.com/images/I/41tWXmwP5KL._SL500_.jpg" alt="Product Image"></a><p>#2 Filter Pads (10 Pack Bulk) Compatible with Mini Jet Machine | #2 1.8-2.5 micron | 2 Micron Filtering pads. Filter Wine Beer, Kombucha, Mead Mash. Polishing filtration| Not a Buon Vino product.</p><p>$18.99</p><a href="https://www.amazon.com/dp/B0736CBNDN?tag=eloabder-20&linkCode=osi&th=1&psc=1">View Product</a></div>









<div class="product"><a href="https://www.amazon.com/dp/B07YGN577Y?tag=eloabder-20&linkCode=osi&th=1&psc=1"><img src="https://m.media-amazon.com/images/I/31kfZiyDMUL._SL500_.jpg" alt="Product Image"></a><p>9870163 Trash Power Nut WP9870163 L8</p><p>$50.36</p><a href="https://www.amazon.com/dp/B07YGN577Y?tag=eloabder-20&linkCode=osi&th=1&psc=1">View Product</a></div>

<div class="product"><a href="https://www.amazon.com/dp/B0CWQLM4C7?tag=eloabder-20&linkCode=osi&th=1&psc=1"><img src="https://m.media-amazon.com/images/I/41gTEIOjtlL._SL500_.jpg" alt="Product Image"></a><p>7" Seven Seconds Lazy Kitchen Food Making Tools - Multifunctional Fruit Vegetable Chopper Quick Garlic Peeling Machine Convenient Food Chopper for Slicing,Juice,Grinding</p><p>$32.99</p><a href="https://www.amazon.com/dp/B0CWQLM4C7?tag=eloabder-20&linkCode=osi&th=1&psc=1">View Product</a></div>







<div class="product"><a href="https://www.amazon.com/dp/B0CNKFM9WR?tag=eloabder-20&linkCode=osi&th=1&psc=1"><img src="https://m.media-amazon.com/images/I/31sGGIDic9L._SL500_.jpg" alt="Product Image"></a><p>hobbyme Pack of 4 Plastic Coffee Scoops with Brush & Espresso Grinder Brush for Ground Coffee Cleaning Tea Power Coffee Grinder Spoon</p><p>$6.49</p><a href="https://www.amazon.com/dp/B0CNKFM9WR?tag=eloabder-20&linkCode=osi&th=1&psc=1">View Product</a></div>





<div class="product"><a href="https://www.amazon.com/dp/B07798328B?tag=eloabder-20&linkCode=osi&th=1&psc=1"><img src="https://m.media-amazon.com/images/I/31Vpin+sgUS._SL500_.jpg" alt="Product Image"></a><p>Prime-Line MP10513 Standard Plastic Ice Cube Trays (5 Pack)</p><p>$12.69</p><a href="https://www.amazon.com/dp/B07798328B?tag=eloabder-20&linkCode=osi&th=1&psc=1">View Product</a></div><div class="product"><a href="https://www.amazon.com/dp/B077965JDB?tag=eloabder-20&linkCode=osi&th=1&psc=1"><img src="https://m.media-amazon.com/images/I/31H1hNlH6RL._SL500_.jpg" alt="Product Image"></a><p>Prime-Line MP10863 Standard Plastic Ice Cube Trays (2 Pack)</p><p>$9.69</p><a href="https://www.amazon.com/dp/B077965JDB?tag=eloabder-20&linkCode=osi&th=1&psc=1">View Product</a></div>

<div class="product"><a href="https://www.amazon.com/dp/B08MPLY84K?tag=eloabder-20&linkCode=osi&th=1&psc=1"><img src="https://m.media-amazon.com/images/I/31kWTfzQJBL._SL500_.jpg" alt="Product Image"></a><p>Syntus Vacuum Sealer Bags, 6 Pack 3 Rolls 11" x 20' and 3 Rolls 8" x 20' Commercial Grade BPA Free Bag Rolls, Food Vac Bags for Storage, Meal Prep or Sous Vide</p><p>$19.99</p><a href="https://www.amazon.com/dp/B08MPLY84K?tag=eloabder-20&linkCode=osi&th=1&psc=1">View Product</a></div><div class="product"><a href="https://www.amazon.com/dp/B0C5BWRMQL?tag=eloabder-20&linkCode=osi&th=1&psc=1"><img src="https://m.media-amazon.com/images/I/41yPpkb6oeL._SL500_.jpg" alt="Product Image"></a><p>Bonsenkitchen Vacuum Sealer Rolls Bags, 6 Pack 3 Rolls 11" x 20' + 3 Rolls 8" x 20' Commercial Grade BPA Free Bag Rolls, Durable Customized Size Food Vac Bags for Storage and Sous Vide Cooking VB3211</p><p>$19.99 ($3.33 / Count)</p><a href="https://www.amazon.com/dp/B0C5BWRMQL?tag=eloabder-20&linkCode=osi&th=1&psc=1">View Product</a></div><div class="product"><a href="https://www.amazon.com/dp/B0C5C1JTC4?tag=eloabder-20&linkCode=osi&th=1&psc=1"><img src="https://m.media-amazon.com/images/I/31JpyYsm7YL._SL500_.jpg" alt="Product Image"></a><p>Bonsenkitchen Vacuum Food Sealer Bags 200 Quart 8" x 12", BPA Free, Commercial Grade Textured Food Vacuum Sealer Bag, Thick Embossed Bags for Food Storage and Sous Vide Cooking VB3208</p><p>$18.39 ($0.09 / Count)</p><a href="https://www.amazon.com/dp/B0C5C1JTC4?tag=eloabder-20&linkCode=osi&th=1&psc=1">View Product</a></div><div class="product"><a href="https://www.amazon.com/dp/B07TMZDGQ1?tag=eloabder-20&linkCode=osi&th=1&psc=1"><img src="https://m.media-amazon.com/images/I/31cRCu-JIsL._SL500_.jpg" alt="Product Image"></a><p>Wevac Vacuum Sealer Bags 11x50 Rolls 2 pack for Food Saver, Seal a Meal, Weston. Commercial Grade, BPA Free, Heavy Duty, Great for vac storage, Meal Prep or Sous Vide</p><p>$20.99 ($0.21 / Count)</p><a href="https://www.amazon.com/dp/B07TMZDGQ1?tag=eloabder-20&linkCode=osi&th=1&psc=1">View Product</a></div><div class="product"><a href="https://www.amazon.com/dp/B07TV4KRCL?tag=eloabder-20&linkCode=osi&th=1&psc=1"><img src="https://m.media-amazon.com/images/I/31uv3qtc9bL._SL500_.jpg" alt="Product Image"></a><p>Wevac Vacuum Sealer Bags 100 Gallon 11x16 Inch for Food Saver, Seal a Meal, Weston. Commercial Grade, BPA Free, Heavy Duty, Great for vac storage, Meal Prep and Sous Vide</p><p>$21.24</p><a href="https://www.amazon.com/dp/B07TV4KRCL?tag=eloabder-20&linkCode=osi&th=1&psc=1">View Product</a></div>


<div class="product"><a href="https://www.amazon.com/dp/B093G5XCVF?tag=eloabder-20&linkCode=osi&th=1&psc=1"><img src="https://m.media-amazon.com/images/I/313Cq6ASf0S._SL500_.jpg" alt="Product Image"></a><p>2 Multipurpose Pastry Brush Basting & Coffee Grinders Cleaning Brush Wooden Handle Natural Boar Bristles Baking Cooking Sauce egg wash Bakery Supply Espresso Bean Barista</p><p>$7.21</p><a href="https://www.amazon.com/dp/B093G5XCVF?tag=eloabder-20&linkCode=osi&th=1&psc=1">View Product</a></div><div class="product"><a href="https://www.amazon.com/dp/B07JGRYG31?tag=eloabder-20&linkCode=osi&th=1&psc=1"><img src="https://m.media-amazon.com/images/I/31nd-jhgzdL._SL500_.jpg" alt="Product Image"></a><p>Coffee Grinder Cleaning Brush + Coffee Brush Wood Handle & Natural Bristles Pastry Brush</p><p>$5.99</p><a href="https://www.amazon.com/dp/B07JGRYG31?tag=eloabder-20&linkCode=osi&th=1&psc=1">View Product</a></div><div class="product"><a href="https://www.amazon.com/dp/B0C53G4T7X?tag=eloabder-20&linkCode=osi&th=1&psc=1"><img src="https://m.media-amazon.com/images/I/21Hrgmpj8YL._SL500_.jpg" alt="Product Image"></a><p>Leadigol Cleaning Tool Coffee Machine Home Pastry Brush Multifunctional Wooden Handle Baking Soft Bristles Coffee Grinder Brush</p><p>$7.99</p><a href="https://www.amazon.com/dp/B0C53G4T7X?tag=eloabder-20&linkCode=osi&th=1&psc=1">View Product</a></div><div class="product"><a href="https://www.amazon.com/dp/B07W5WM2LF?tag=eloabder-20&linkCode=osi&th=1&psc=1"><img src="https://m.media-amazon.com/images/I/41-7fWE9tSL._SL500_.jpg" alt="Product Image"></a><p>Redecker Waffle Machine Brush with Oiled Beechwood Handle, Stiff Heat-resistant Tampico Fiber Bristles, 6-1/2 inches, Made in Germany</p><p>$21.99</p><a href="https://www.amazon.com/dp/B07W5WM2LF?tag=eloabder-20&linkCode=osi&th=1&psc=1">View Product</a></div>






Aucun rÃ©sultat trouvÃ©.


<div class="product"><a href="https://www.amazon.com/dp/B00LQKZQAW?tag=eloabder-20&linkCode=osi&th=1&psc=1"><img src="https://m.media-amazon.com/images/I/31nBii+cbiL._SL500_.jpg" alt="Product Image"></a><p>Electrolux 5308000716 Dish Replacement , White</p><p>$17.16</p><a href="https://www.amazon.com/dp/B00LQKZQAW?tag=eloabder-20&linkCode=osi&th=1&psc=1">View Product</a></div><div class="product"><a href="https://www.amazon.com/dp/B09BBPTSNK?tag=eloabder-20&linkCode=osi&th=1&psc=1"><img src="https://m.media-amazon.com/images/I/41kdVEnPDTL._SL500_.jpg" alt="Product Image"></a><p>Judeeâ€™s Butter Powder 5 lb - 100% Non-GMO and Keto-Friendly - rBST Hormone-Free - Gluten-Free and Nut-Free - Made from 100% Real Butter - Baking Ready Ingredient - Made in USA</p><p>$59.99 ($0.75 / Ounce)</p><a href="https://www.amazon.com/dp/B09BBPTSNK?tag=eloabder-20&linkCode=osi&th=1&psc=1">View Product</a></div>
<div class="product"><a href="https://www.amazon.com/dp/B0C1G9K19X?tag=eloabder-20&linkCode=osi&th=1&psc=1"><img src="https://m.media-amazon.com/images/I/41OVBrQ1wFL._SL500_.jpg" alt="Product Image"></a><p>Coffee Cup Design Coffee Filter Holder, Coffee Paper Rack Stand, Metal Coffee Filter Container Stand, Coffee Bar Accessories Vertical Paper Towel Napkin Holder for Cone Square Fan Shaped Size (Black)</p><p>$8.99</p><a href="https://www.amazon.com/dp/B0C1G9K19X?tag=eloabder-20&linkCode=osi&th=1&psc=1">View Product</a></div><div class="product"><a href="https://www.amazon.com/dp/B07TP1YN7G?tag=eloabder-20&linkCode=osi&th=1&psc=1"><img src="https://m.media-amazon.com/images/I/41BpYdpRyaL._SL500_.jpg" alt="Product Image"></a><p>CAFEMASY Coffee Filter Holder Storage Coffee Filter Paper Dispenser Rack with Dustproof Cover for V60 and Cone Coffee Filters</p><p>$9.99</p><a href="https://www.amazon.com/dp/B07TP1YN7G?tag=eloabder-20&linkCode=osi&th=1&psc=1">View Product</a></div><div class="product"><a href="https://www.amazon.com/dp/B0BFCTW7MY?tag=eloabder-20&linkCode=osi&th=1&psc=1"><img src="https://m.media-amazon.com/images/I/31s709IEZkL._SL500_.jpg" alt="Product Image"></a><p>Coffee Filter Holder, watchget Reusable Coffee Paper Filter Storage Bag for Cone-shaped Filter Papers V60 Waterproof Canvas Suitable for Outdoor Camping Traveling(02)</p><p>$11.99</p><a href="https://www.amazon.com/dp/B0BFCTW7MY?tag=eloabder-20&linkCode=osi&th=1&psc=1">View Product</a></div>














<div class="product"><a href="https://www.amazon.com/dp/B00UTFZAII?tag=eloabder-20&linkCode=osi&th=1&psc=1"><img src="https://m.media-amazon.com/images/I/31z7hZ6KbXL._SL500_.jpg" alt="Product Image"></a><p>Miele 10123210 AirClean 3D Efficiency Dust Bag, Type GN, 4 Bags & 2 Filters, White</p><p>$21.86 ($21.86 / Count)</p><a href="https://www.amazon.com/dp/B00UTFZAII?tag=eloabder-20&linkCode=osi&th=1&psc=1">View Product</a></div><div class="product"><a href="https://www.amazon.com/dp/B07WHG6J5S?tag=eloabder-20&linkCode=osi&th=1&psc=1"><img src="https://m.media-amazon.com/images/I/41hnaEOxB9L._SL500_.jpg" alt="Product Image"></a><p>KEEPOW Vacuum Filters for Eureka, Power Speed Vacuum Filters Replacement for Eureka NEU182A, NEU182B, NEU280, NEU180, NEU181, NEU188, NEU202 Bagless Upright Vacuum Cleaner, Part E0202 (4 Pack)</p><p>$9.99 ($2.50 / Count)</p><a href="https://www.amazon.com/dp/B07WHG6J5S?tag=eloabder-20&linkCode=osi&th=1&psc=1">View Product</a></div><div class="product"><a href="https://www.amazon.com/dp/B00UTFZB82?tag=eloabder-20&linkCode=osi&th=1&psc=1"><img src="https://m.media-amazon.com/images/I/41WdlL5T0dL._SL500_.jpg" alt="Product Image"></a><p>Miele AirClean 3D Efficiency Dust Bag, Type FJM, 4 Bags & 2 Filters, White</p><p>$18.99</p><a href="https://www.amazon.com/dp/B00UTFZB82?tag=eloabder-20&linkCode=osi&th=1&psc=1">View Product</a></div><div class="product"><a href="https://www.amazon.com/dp/B09NKP346M?tag=eloabder-20&linkCode=osi&th=1&psc=1"><img src="https://m.media-amazon.com/images/I/41o25nqkODL._SL500_.jpg" alt="Product Image"></a><p>Anewise 6 Pack Filter Replacement for Bissell Powerforce Compact Lightweight Upright 2112 1520 for Bissel Turbo Bagless 2690 Cleanview 3437 3508 Vacuum Cleaner, Compare to Parts #1604896/160-4896</p><p>$12.99</p><a href="https://www.amazon.com/dp/B09NKP346M?tag=eloabder-20&linkCode=osi&th=1&psc=1">View Product</a></div><div class="product"><a href="https://www.amazon.com/dp/B01MQ5NITB?tag=eloabder-20&linkCode=osi&th=1&psc=1"><img src="https://m.media-amazon.com/images/I/41J6lG4H1bL._SL500_.jpg" alt="Product Image"></a><p>Bissell Style 7 3 Pack Vacuum Cleaner Bags, White, 3 Count</p><p>$8.69 ($2.90 / Count)</p><a href="https://www.amazon.com/dp/B01MQ5NITB?tag=eloabder-20&linkCode=osi&th=1&psc=1">View Product</a></div><div class="product"><a href="https://www.amazon.com/dp/B0CDH1JY5D?tag=eloabder-20&linkCode=osi&th=1&psc=1"><img src="https://m.media-amazon.com/images/I/516DPXu4siL._SL500_.jpg" alt="Product Image"></a><p>4 Pack Replacement Filters Compatiable with Wyze Cordless Vacuum Cleaner, Removable and Washable HEPA Filter Accessories Part Set with 1 Cleaning Brush for Wyze Handheld Cordless Vacuum Cleaner</p><p>$15.99 ($4.00 / Count)</p><a href="https://www.amazon.com/dp/B0CDH1JY5D?tag=eloabder-20&linkCode=osi&th=1&psc=1">View Product</a></div><div class="product"><a href="https://www.amazon.com/dp/B07P3WB37F?tag=eloabder-20&linkCode=osi&th=1&psc=1"><img src="https://m.media-amazon.com/images/I/51WaYrkiVXL._SL500_.jpg" alt="Product Image"></a><p>Miele AirClean 3D Efficiency Dust Bag, Type GN, XL Value Pack, 8 Bags and 4 Filters</p><p>$36.99</p><a href="https://www.amazon.com/dp/B07P3WB37F?tag=eloabder-20&linkCode=osi&th=1&psc=1">View Product</a></div><div class="product"><a href="https://www.amazon.com/dp/B09DSY4Z2T?tag=eloabder-20&linkCode=osi&th=1&psc=1"><img src="https://m.media-amazon.com/images/I/51+ref3EeAL._SL500_.jpg" alt="Product Image"></a><p>Filter Replacement for Tineco A10 A11 Hero A10/A11 Master PURE ONE S11 Series, S12, X Cordless Vacuum Cleaner (3 PACK) â€¦</p><p>$12.99 ($4.33 / Count)</p><a href="https://www.amazon.com/dp/B09DSY4Z2T?tag=eloabder-20&linkCode=osi&th=1&psc=1">View Product</a></div>


<div class="product"><a href="https://www.amazon.com/dp/B0BXRR5QFV?tag=eloabder-20&linkCode=osi&th=1&psc=1"><img src="https://m.media-amazon.com/images/I/41sjdBkCp8L._SL500_.jpg" alt="Product Image"></a><p>AC Infinity CLOUDFORGE T7, Plant Humidifier 15L with VPD Humidity Controls, 10-Level Precision Vaporizer, Extendable Hose, Targeting Pipe, and No-Leak Seal for Grow Tents</p><p>$159.00</p><a href="https://www.amazon.com/dp/B0BXRR5QFV?tag=eloabder-20&linkCode=osi&th=1&psc=1">View Product</a></div><div class="product"><a href="https://www.amazon.com/dp/B01N6MV8SA?tag=eloabder-20&linkCode=osi&th=1&psc=1"><img src="https://m.media-amazon.com/images/I/41hX08+W1xL._SL500_.jpg" alt="Product Image"></a><p>Protec Humidifier Tank Cleaner, 1 Count - Colors May Vary</p><p>$5.98</p><a href="https://www.amazon.com/dp/B01N6MV8SA?tag=eloabder-20&linkCode=osi&th=1&psc=1">View Product</a></div><div class="product"><a href="https://www.amazon.com/dp/B07GXBTH82?tag=eloabder-20&linkCode=osi&th=1&psc=1"><img src="https://m.media-amazon.com/images/I/41ibxK12JPL._SL500_.jpg" alt="Product Image"></a><p>Essick Air 1970-2 Humidifier, 2-Quart Bacteriostatic Treatment, 2 Pack, Clear, 2</p><p>$22.99</p><a href="https://www.amazon.com/dp/B07GXBTH82?tag=eloabder-20&linkCode=osi&th=1&psc=1">View Product</a></div><div class="product"><a href="https://www.amazon.com/dp/B08TTT3K9B?tag=eloabder-20&linkCode=osi&th=1&psc=1"><img src="https://m.media-amazon.com/images/I/41U6j9SexmL._SL500_.jpg" alt="Product Image"></a><p>Leemone Humidifier Cleaner 12 Pack, Demineralization Cleaning Ball, Works in All humidifiers and Fish Tanks, Purifies Water, Prevents Hard Water Build-Up, Eliminates White Dust and Odor</p><p>$14.44</p><a href="https://www.amazon.com/dp/B08TTT3K9B?tag=eloabder-20&linkCode=osi&th=1&psc=1">View Product</a></div>
<div class="product"><a href="https://www.amazon.com/dp/B07YD4XCT3?tag=eloabder-20&linkCode=osi&th=1&psc=1"><img src="https://m.media-amazon.com/images/I/41hR81iKyJL._SL500_.jpg" alt="Product Image"></a><p>Vacplus Moisture Absorber Packets, Fragrance Free(10 Pack), Humidity Packs, Hanging Closet Dehumidifier Bags, Desiccant 9.8OZ</p><p>$21.99</p><a href="https://www.amazon.com/dp/B07YD4XCT3?tag=eloabder-20&linkCode=osi&th=1&psc=1">View Product</a></div><div class="product"><a href="https://www.amazon.com/dp/B09LQF5V5K?tag=eloabder-20&linkCode=osi&th=1&psc=1"><img src="https://m.media-amazon.com/images/I/51Cx5ECAotL._SL500_.jpg" alt="Product Image"></a><p>CLEVAST Moisture Absorbers Packets 10 Pack, Dehumidifier Bags for Closet, Unscented Hanging Humidity Absorber in Wardrobes, Bedrooms, Bathrooms(230g/pack)</p><p>$16.98</p><a href="https://www.amazon.com/dp/B09LQF5V5K?tag=eloabder-20&linkCode=osi&th=1&psc=1">View Product</a></div><div class="product"><a href="https://www.amazon.com/dp/B0B8L9QRW8?tag=eloabder-20&linkCode=osi&th=1&psc=1"><img src="https://m.media-amazon.com/images/I/518LgtpPi8L._SL500_.jpg" alt="Product Image"></a><p>Arm & Hammer Essentials Disposable Moisture Absorber and Odor Eliminator Tub, Fragrance Free, 1 lb, 3-Pack, Attracts and Traps Excess Moisture, Ideal Closet Dehumidifier, White</p><p>$24.94 ($0.52 / Ounce)</p><a href="https://www.amazon.com/dp/B0B8L9QRW8?tag=eloabder-20&linkCode=osi&th=1&psc=1">View Product</a></div><div class="product"><a href="https://www.amazon.com/dp/B09W9TPJGZ?tag=eloabder-20&linkCode=osi&th=1&psc=1"><img src="https://m.media-amazon.com/images/I/51pVTVMwHbL._SL500_.jpg" alt="Product Image"></a><p>THECOSKY Dehumidifier and Air Purifier Combo,HEPA H13 Filter and Negative Air Ion Function,54oz(1.6L) Water Tank with Drain Hose,24hrs Auto-Off Timer,Idea for Bedroom,Bathroom,Closet,RV</p><p>$109.99</p><a href="https://www.amazon.com/dp/B09W9TPJGZ?tag=eloabder-20&linkCode=osi&th=1&psc=1">View Product</a></div><div class="product"><a href="https://www.amazon.com/dp/B0CXDG65LZ?tag=eloabder-20&linkCode=osi&th=1&psc=1"><img src="https://m.media-amazon.com/images/I/41HNflmbKHL._SL500_.jpg" alt="Product Image"></a><p>14 x 17.5 x1.75 MERV 13 Replacement Dehumidifier Filter Compatible with Santa Fe Advance90, Advance100, Advance120, Honeywell DR90 & DR120 dehumidifier models, 2 Pack</p><p>$42.99</p><a href="https://www.amazon.com/dp/B0CXDG65LZ?tag=eloabder-20&linkCode=osi&th=1&psc=1">View Product</a></div>
<div class="product"><a href="https://www.amazon.com/dp/B088B921NQ?tag=eloabder-20&linkCode=osi&th=1&psc=1"><img src="https://m.media-amazon.com/images/I/612e4cT3RYL._SL500_.jpg" alt="Product Image"></a><p>ULTTY H13 HEPA Replacement Filter with Medical Coating, True HEPA Filter For R021/ R020 Purifying Fan, Medium</p><p>$29.99</p><a href="https://www.amazon.com/dp/B088B921NQ?tag=eloabder-20&linkCode=osi&th=1&psc=1">View Product</a></div><div class="product"><a href="https://www.amazon.com/dp/B0D2MZ4Y7Z?tag=eloabder-20&linkCode=osi&th=1&psc=1"><img src="https://m.media-amazon.com/images/I/51KgTHizWyL._SL500_.jpg" alt="Product Image"></a><p>Butto 5-Pack Ceiling Fan Filters for Blades - Strong Adhesive Ceiling Fan Filters for Common Household Contaminants - Unscented Coconut Carbon Fan Air Purifier Pads to Make Air Fresh and Natural</p><p>$9.98</p><a href="https://www.amazon.com/dp/B0D2MZ4Y7Z?tag=eloabder-20&linkCode=osi&th=1&psc=1">View Product</a></div><div class="product"><a href="https://www.amazon.com/dp/B0C42HCM21?tag=eloabder-20&linkCode=osi&th=1&psc=1"><img src="https://m.media-amazon.com/images/I/31jk3lpoygL._SL500_.jpg" alt="Product Image"></a><p>Barnakl Ceiling Fan Filters | Activated Coconut Shell Carbon Filter | Easy-Stick Universal Ceiling Fan Air Filters | Unscented Ceiling Fan Blade Filters for Common Household Contaminants, (3-Count)</p><p>$19.99 ($6.66 / Count)</p><a href="https://www.amazon.com/dp/B0C42HCM21?tag=eloabder-20&linkCode=osi&th=1&psc=1">View Product</a></div>
<div class="product"><a href="https://www.amazon.com/dp/B08LZWP29P?tag=eloabder-20&linkCode=osi&th=1&psc=1"><img src="https://m.media-amazon.com/images/I/41NLuzzFW9L._SL500_.jpg" alt="Product Image"></a><p>Chromex Tankless Water Heater Descaling Solution | Highly Effective Descaler Restores Heating Efficiency, Quart, 32 fl oz (1)</p><p>$26.99</p><a href="https://www.amazon.com/dp/B08LZWP29P?tag=eloabder-20&linkCode=osi&th=1&psc=1">View Product</a></div>

<div class="product"><a href="https://www.amazon.com/dp/B005UO4OWQ?tag=eloabder-20&linkCode=osi&th=1&psc=1"><img src="https://m.media-amazon.com/images/I/41oQPKFofoL._SL500_.jpg" alt="Product Image"></a><p>Bissell 203-7458 Brushroll, Bg10/86T3, Black</p><p>$21.26 ($21.26 / Count)</p><a href="https://www.amazon.com/dp/B005UO4OWQ?tag=eloabder-20&linkCode=osi&th=1&psc=1">View Product</a></div>





















<div class="product"><a href="https://www.amazon.com/dp/B0014J7FUY?tag=eloabder-20&linkCode=osi&th=1&psc=1"><img src="https://m.media-amazon.com/images/I/31QrM+IPxOL._SL500_.jpg" alt="Product Image"></a><p>Urnex Grindz Professional Coffee Grinder Cleaning Tablets - 430 Grams - All Natural Food Safe Gluten Free - Cleans Burr and Casing - Help Extend Life of Your Grinder</p><p>$25.99 ($1.71 / Ounce)</p><a href="https://www.amazon.com/dp/B0014J7FUY?tag=eloabder-20&linkCode=osi&th=1&psc=1">View Product</a></div>



<div class="product"><a href="https://www.amazon.com/dp/B0CHW317SG?tag=eloabder-20&linkCode=osi&th=1&psc=1"><img src="https://m.media-amazon.com/images/I/41Qd5Iu3qBL._SL500_.jpg" alt="Product Image"></a><p>EUHOMY 55 Can Beverage Refrigerator cooler-Mini Fridge Glass Door for Beer Drinks Wines, Freestanding Beverage Fridge with Adjustable Shelves Blue LED for Home/Office/Dorm/Bar (1.3cu.ft)</p><p>$128.99</p><a href="https://www.amazon.com/dp/B0CHW317SG?tag=eloabder-20&linkCode=osi&th=1&psc=1">View Product</a></div>

<div class="product"><a href="https://www.amazon.com/dp/B099CN2MRK?tag=eloabder-20&linkCode=osi&th=1&psc=1"><img src="https://m.media-amazon.com/images/I/31CvUCIUX5L._SL500_.jpg" alt="Product Image"></a><p>Genuine PuroAir 240 Replacement Filter - Replacement HEPA Filter for PuroAir 240 Purifier - Captures up to 99% of Pollen, Smoke, Pollen, Dust and Common Household Pollutants</p><p>$48.00</p><a href="https://www.amazon.com/dp/B099CN2MRK?tag=eloabder-20&linkCode=osi&th=1&psc=1">View Product</a></div><div class="product"><a href="https://www.amazon.com/dp/B0055521W0?tag=eloabder-20&linkCode=osi&th=1&psc=1"><img src="https://m.media-amazon.com/images/I/41Hs7ixdyXL._SL500_.jpg" alt="Product Image"></a><p>GermGuardian Filter B HEPA Pure Genuine Air Purifier Replacement Filter, Removes 99.97% of Pollutants for AC4825, AC4300, AC4900, AC4825DLX, AC4850, CDAP4500, AP2200, Black/Yellow, FLT4825</p><p>$17.90 ($17.90 / Count)</p><a href="https://www.amazon.com/dp/B0055521W0?tag=eloabder-20&linkCode=osi&th=1&psc=1">View Product</a></div><div class="product"><a href="https://www.amazon.com/dp/B0BNMYKZPV?tag=eloabder-20&linkCode=osi&th=1&psc=1"><img src="https://m.media-amazon.com/images/I/41-K3mB6KkL._SL500_.jpg" alt="Product Image"></a><p>2 Pack True HEPA KILO Filter Compatible with Afloia KILO, KILOPLUS, KILOPRO, MIRO,MIRO PRO and MORENTO MR-Kilo, Kalo Air Purifier, 360Â° 3-Stage Filtration</p><p>$34.99 ($17.50 / Count)</p><a href="https://www.amazon.com/dp/B0BNMYKZPV?tag=eloabder-20&linkCode=osi&th=1&psc=1">View Product</a></div><div class="product"><a href="https://www.amazon.com/dp/B0D3M4Y9W7?tag=eloabder-20&linkCode=osi&th=1&psc=1"><img src="https://m.media-amazon.com/images/I/41tzW+mkZuL._SL500_.jpg" alt="Product Image"></a><p>Breshair 14 True HEPA Filter Replacement Compatible with PuroAir 240 Air Purifier, 3-in-1 Filtration System with Activated Carbon Filter, 2-Pack</p><p>$31.56 ($15.78 / Count)</p><a href="https://www.amazon.com/dp/B0D3M4Y9W7?tag=eloabder-20&linkCode=osi&th=1&psc=1">View Product</a></div><div class="product"><a href="https://www.amazon.com/dp/B0CB18MVX6?tag=eloabder-20&linkCode=osi&th=1&psc=1"><img src="https://m.media-amazon.com/images/I/519ZmmLOrzL._SL500_.jpg" alt="Product Image"></a><p>2 Pack 3-in-1 H13 True HEPA Replacement Filter Compatible with Pure Enrichment PureZone Air Purifier Part# PEAIRPLG</p><p>$23.99 ($12.00 / Count)</p><a href="https://www.amazon.com/dp/B0CB18MVX6?tag=eloabder-20&linkCode=osi&th=1&psc=1">View Product</a></div><div class="product"><a href="https://www.amazon.com/dp/B08JTZMRML?tag=eloabder-20&linkCode=osi&th=1&psc=1"><img src="https://m.media-amazon.com/images/I/51yx60sCjHL._SL500_.jpg" alt="Product Image"></a><p>6 Pack HPA300 HEPA Filter Replacement for Honeywell HPA300 Series Air Purifiers HPA300, HPA300VP, HPA304, HPA3300, Replace HRF-R3 (6 Ture HEPA R Replacement Filter + 8 Activated Carbon Pre-Filter)</p><p>$47.99 ($3.43 / Count)</p><a href="https://www.amazon.com/dp/B08JTZMRML?tag=eloabder-20&linkCode=osi&th=1&psc=1">View Product</a></div><div class="product"><a href="https://www.amazon.com/dp/B0CF1GLSYS?tag=eloabder-20&linkCode=osi&th=1&psc=1"><img src="https://m.media-amazon.com/images/I/41709EXRzXL._SL500_.jpg" alt="Product Image"></a><p>CHIVALZ 4 Pack HY4866 True HEPA Replacement Filters Compatible with MORENTO HY4866 Air Purifier, WESTHEY HY4866 Air Purifier and YIOU M1 Air Cleaner Purifier, Original Version</p><p>$39.99 ($10.00 / Count)</p><a href="https://www.amazon.com/dp/B0CF1GLSYS?tag=eloabder-20&linkCode=osi&th=1&psc=1">View Product</a></div>







<div class="product"><a href="https://www.amazon.com/dp/B0CYKMFKR9?tag=eloabder-20&linkCode=osi&th=1&psc=1"><img src="https://m.media-amazon.com/images/I/316zU-ozoxL._SL500_.jpg" alt="Product Image"></a><p>Air Purifier Replacement Filter for Space Heater Bladeless Fan</p><p>$29.99</p><a href="https://www.amazon.com/dp/B0CYKMFKR9?tag=eloabder-20&linkCode=osi&th=1&psc=1">View Product</a></div>
<div class="product"><a href="https://www.amazon.com/dp/B07MRH6VY7?tag=eloabder-20&linkCode=osi&th=1&psc=1"><img src="https://m.media-amazon.com/images/I/51g-nuN4A5L._SL500_.jpg" alt="Product Image"></a><p>Colorfullife Replacement Air Purifier Filter for Dyson Tower Purifier Pure Cool Link TP01, TP02, TP03, BP01, Compare to Part 968126-03ï¼Œ2 Pack</p><p>$26.99</p><a href="https://www.amazon.com/dp/B07MRH6VY7?tag=eloabder-20&linkCode=osi&th=1&psc=1">View Product</a></div><div class="product"><a href="https://www.amazon.com/dp/B07TX5SW7J?tag=eloabder-20&linkCode=osi&th=1&psc=1"><img src="https://m.media-amazon.com/images/I/512Kn+cPglL._SL500_.jpg" alt="Product Image"></a><p>TP01 HEPA Filter Replacement Compatible with Dyson Tower Purifier Pure Cool Link TP01, TP02, TP03, AM11, BP01 Models, Compare to Part # 968126-03 (Pack of 2)</p><p>$27.95 ($13.98 / Count)</p><a href="https://www.amazon.com/dp/B07TX5SW7J?tag=eloabder-20&linkCode=osi&th=1&psc=1">View Product</a></div><div class="product"><a href="https://www.amazon.com/dp/B0CC24GZGB?tag=eloabder-20&linkCode=osi&th=1&psc=1"><img src="https://m.media-amazon.com/images/I/41woNpZ9VgL._SL500_.jpg" alt="Product Image"></a><p>TP01 TP02 Filter Compatible with Dyson Pure Cool Link Purifying Tower Fan TP00 TP03 AM11 and Cool Me BP01 Personal Series, 360Â° Air Purifier Filter Replacement 968126-03, 1-Pack</p><p>$25.99</p><a href="https://www.amazon.com/dp/B0CC24GZGB?tag=eloabder-20&linkCode=osi&th=1&psc=1">View Product</a></div><div class="product"><a href="https://www.amazon.com/dp/B0CX23N2JJ?tag=eloabder-20&linkCode=osi&th=1&psc=1"><img src="https://m.media-amazon.com/images/I/3145hmd5j7L._SL500_.jpg" alt="Product Image"></a><p>Dreo Air Purifiers Replacement Filter, HEPA Filter for Dreo Purifier Tower Fan MC710S, with 2 Stage Filtration, Black, Standard(DR-HPA019)</p><p>$39.99</p><a href="https://www.amazon.com/dp/B0CX23N2JJ?tag=eloabder-20&linkCode=osi&th=1&psc=1">View Product</a></div>










<div class="product"><a href="https://www.amazon.com/dp/B001U0OJ7O?tag=eloabder-20&linkCode=osi&th=1&psc=1"><img src="https://m.media-amazon.com/images/I/41XEg3QV-wL._SL500_.jpg" alt="Product Image"></a><p>Whirlpool W10165294RB 15-Inch Plastic Trash Compactor ct, 60 Bags, Count</p><p>$48.34</p><a href="https://www.amazon.com/dp/B001U0OJ7O?tag=eloabder-20&linkCode=osi&th=1&psc=1">View Product</a></div><div class="product"><a href="https://www.amazon.com/dp/B0CC3V4ZZ4?tag=eloabder-20&linkCode=osi&th=1&psc=1"><img src="https://m.media-amazon.com/images/I/31bbvodHnjL._SL500_.jpg" alt="Product Image"></a><p>Waste Smasher- Hand-Held Manual Trash Compactor Dishwasher Safe Black</p><p>$24.95</p><a href="https://www.amazon.com/dp/B0CC3V4ZZ4?tag=eloabder-20&linkCode=osi&th=1&psc=1">View Product</a></div><div class="product"><a href="https://www.amazon.com/dp/B00IYO5914?tag=eloabder-20&linkCode=osi&th=1&psc=1"><img src="https://m.media-amazon.com/images/I/51SLpTXIYNL._SL500_.jpg" alt="Product Image"></a><p>Kitchen Master Super Strong Compactor Bags Pre Cuffed (12 Pack)</p><p>$34.95</p><a href="https://www.amazon.com/dp/B00IYO5914?tag=eloabder-20&linkCode=osi&th=1&psc=1">View Product</a></div><div class="product"><a href="https://www.amazon.com/dp/B075DJ4ZVQ?tag=eloabder-20&linkCode=osi&th=1&psc=1"><img src="https://m.media-amazon.com/images/I/51Vaek4I89L._SL500_.jpg" alt="Product Image"></a><p>Dano Pre-Cuffed Compactor Bags</p><p>$32.95 ($2.75 / Count)</p><a href="https://www.amazon.com/dp/B075DJ4ZVQ?tag=eloabder-20&linkCode=osi&th=1&psc=1">View Product</a></div><div class="product"><a href="https://www.amazon.com/dp/B0C2DCVCBJ?tag=eloabder-20&linkCode=osi&th=1&psc=1"><img src="https://m.media-amazon.com/images/I/51072CtaKuL._SL500_.jpg" alt="Product Image"></a><p>60-pack W10165294RB Trash Compactor Bags - leak-proof trash compactor bags for kitchen 60-ct 15 inches - Fits 15-inch Rectangular Drawer Compactors</p><p>$45.99 ($0.77 / Count)</p><a href="https://www.amazon.com/dp/B0C2DCVCBJ?tag=eloabder-20&linkCode=osi&th=1&psc=1">View Product</a></div><div class="product"><a href="https://www.amazon.com/dp/B001U0OJ7E?tag=eloabder-20&linkCode=osi&th=1&psc=1"><img src="https://m.media-amazon.com/images/I/41c0z26RyvL._SL500_.jpg" alt="Product Image"></a><p>Whirlpool W10165293RB Genuine OEM 60 Pack-Plastic Compactor Bags-18" Models â€“ 1394369, 4178058, 4318932, 4318933, 4318935, 4318937, 4318939, AH1964576, EA1964576, PS1964576</p><p>$48.64 ($0.81 / Count)</p><a href="https://www.amazon.com/dp/B001U0OJ7E?tag=eloabder-20&linkCode=osi&th=1&psc=1">View Product</a></div><div class="product"><a href="https://www.amazon.com/dp/B00W27J16S?tag=eloabder-20&linkCode=osi&th=1&psc=1"><img src="https://m.media-amazon.com/images/I/41RaOjAGlrL._SL500_.jpg" alt="Product Image"></a><p>Compactor Bags Pre Cuffed (50 Pack)</p><p>$84.95 ($1.70 / count)</p><a href="https://www.amazon.com/dp/B00W27J16S?tag=eloabder-20&linkCode=osi&th=1&psc=1">View Product</a></div><div class="product"><a href="https://www.amazon.com/dp/B00MOCYY2W?tag=eloabder-20&linkCode=osi&th=1&psc=1"><img src="https://m.media-amazon.com/images/I/41SH8mDsAnL._SL500_.jpg" alt="Product Image"></a><p>GE WX60X1 Genuine OEM Universal Trash Compactor Bags for GE Trash Compactors</p><p>$19.00</p><a href="https://www.amazon.com/dp/B00MOCYY2W?tag=eloabder-20&linkCode=osi&th=1&psc=1">View Product</a></div><div class="product"><a href="https://www.amazon.com/dp/B0D7SFSTNG?tag=eloabder-20&linkCode=osi&th=1&psc=1"><img src="https://m.media-amazon.com/images/I/41szt9tZJPL._SL500_.jpg" alt="Product Image"></a><p>4PCS Trash Compactor Charcoal Air Filter Fit for Whirlpool/KitchenAid/Maytag/Jenn-Air/Amana/Inglis/Magic Chef Trash Compactor, Replaces 4151750 554358 WP4151750 AP6009134 PS11742279</p><p>$23.59 ($5.90 / Count)</p><a href="https://www.amazon.com/dp/B0D7SFSTNG?tag=eloabder-20&linkCode=osi&th=1&psc=1">View Product</a></div>
<div class="product"><a href="https://www.amazon.com/dp/B0CGLX5ZB9?tag=eloabder-20&linkCode=osi&th=1&psc=1"><img src="https://m.media-amazon.com/images/I/51qeRZQS98L._SL500_.jpg" alt="Product Image"></a><p>Spare Replacement Parts Compatible with MAMNV BR150 BR151, ZCWA BR150 BR151, MANVINS G20 Robot Vacuum and Mop Combo Accessories Include: 3 Hepa Filters 3 Mop Pads 6 Side Spin Brushes</p><p>$9.98</p><a href="https://www.amazon.com/dp/B0CGLX5ZB9?tag=eloabder-20&linkCode=osi&th=1&psc=1">View Product</a></div><div class="product"><a href="https://www.amazon.com/dp/B0B28DGZBG?tag=eloabder-20&linkCode=osi&th=1&psc=1"><img src="https://m.media-amazon.com/images/I/51ooMN4RqML._SL500_.jpg" alt="Product Image"></a><p>Replacement Parts for Shark AI AV2511AE AV2501S AV2610WA AV2501AE RV2502AE RV2610WA RV2520 AV2510 2-In-1 AI Ultra Robot Vacuum Cleaner Accessories Kits. Main Brush, HEPA Filter, Foam Filter,Side Brush</p><p>$19.99 ($1.05 / Count)</p><a href="https://www.amazon.com/dp/B0B28DGZBG?tag=eloabder-20&linkCode=osi&th=1&psc=1">View Product</a></div><div class="product"><a href="https://www.amazon.com/dp/B0782T7L6P?tag=eloabder-20&linkCode=osi&th=1&psc=1"><img src="https://m.media-amazon.com/images/I/41hTVkuzMJL._SL500_.jpg" alt="Product Image"></a><p>10pcs HEPA Filters Replacement for ILIFE V3s V3s pro V5 V5s V5s Pro V5s Pro 2 V5s Plus Noisz S5 Robotic Vacuum Cleaner ILIFE V3s pro Filters ILIFE Robot Vacuum Filter</p><p>$9.80 ($0.98 / Count)</p><a href="https://www.amazon.com/dp/B0782T7L6P?tag=eloabder-20&linkCode=osi&th=1&psc=1">View Product</a></div><div class="product"><a href="https://www.amazon.com/dp/B0CXLVHTTC?tag=eloabder-20&linkCode=osi&th=1&psc=1"><img src="https://m.media-amazon.com/images/I/51BT3phYzKL._SL500_.jpg" alt="Product Image"></a><p>HUIZHEN Spare Accessories for MAMNV BR150/BR151, for ZCWA BR150/BR151, for MANVINS G20,for GTTVO BR150/BR151,for ONSON BR150/BR151 Robot Vacuum Replacement Parts,6 Side Brush,4 HEPA Filters,4 Mop Pads</p><p>$9.99</p><a href="https://www.amazon.com/dp/B0CXLVHTTC?tag=eloabder-20&linkCode=osi&th=1&psc=1">View Product</a></div><div class="product"><a href="https://www.amazon.com/dp/B08RYDDQL8?tag=eloabder-20&linkCode=osi&th=1&psc=1"><img src="https://m.media-amazon.com/images/I/314Xd7+oBXL._SL500_.jpg" alt="Product Image"></a><p>AirClean 4 Pack 3.7" High Replacement Base Pre-Motor Foam Filters Compatible with Shark IQ Robot Vacuum R101AE RV1001AE UR1005AE Self-Empty Base</p><p>$12.99 ($3.25 / Count)</p><a href="https://www.amazon.com/dp/B08RYDDQL8?tag=eloabder-20&linkCode=osi&th=1&psc=1">View Product</a></div><div class="product"><a href="https://www.amazon.com/dp/B0CJLHJ557?tag=eloabder-20&linkCode=osi&th=1&psc=1"><img src="https://m.media-amazon.com/images/I/41iQm8hUjiL._SL500_.jpg" alt="Product Image"></a><p>Replacement Parts Compatible with WYZE Robot Vacuum Cleaner WVCR200S Accessories, 2 Main Brushes, 6 Hepa Filters, 8 Side Brushes Attachment Spare Pack</p><p>$14.99 ($0.94 / Count)</p><a href="https://www.amazon.com/dp/B0CJLHJ557?tag=eloabder-20&linkCode=osi&th=1&psc=1">View Product</a></div>
<div class="product"><a href="https://www.amazon.com/dp/B0C4595Q8P?tag=eloabder-20&linkCode=osi&th=1&psc=1"><img src="https://m.media-amazon.com/images/I/51k23SAtRxL._SL500_.jpg" alt="Product Image"></a><p>4 Pack FSV001 HEPA Filter Compatiable with Fabuletta FSV101, FSV001, Girnoor G160&G165, Afoddon A300, Lubluelu 202, Oraimo Cordless Vacuum Cleaner, Besswin W26 Cordless Stick Vacuum Cleaners</p><p>$15.99 ($4.00 / Count)</p><a href="https://www.amazon.com/dp/B0C4595Q8P?tag=eloabder-20&linkCode=osi&th=1&psc=1">View Product</a></div>
<div class="product"><a href="https://www.amazon.com/dp/B0BNKJX96X?tag=eloabder-20&linkCode=osi&th=1&psc=1"><img src="https://m.media-amazon.com/images/I/41OPeLFppoL._SL500_.jpg" alt="Product Image"></a><p>6 PACK 2033 Replacement Filter Compatible with Bissell Featherweight Stick Lightweight Bagless Vacuum Cleaner 20331, 20333, 20334, 20336, 20339, 2033M,6 Mesh Filter 6 Foam Filters, Replace # 1611508</p><p>$14.99 ($2.50 / Count)</p><a href="https://www.amazon.com/dp/B0BNKJX96X?tag=eloabder-20&linkCode=osi&th=1&psc=1">View Product</a></div><div class="product"><a href="https://www.amazon.com/dp/B0CMBWLTSM?tag=eloabder-20&linkCode=osi&th=1&psc=1"><img src="https://m.media-amazon.com/images/I/41PHqKaLTDL._SL500_.jpg" alt="Product Image"></a><p>18V ONE + Cordless Pet Stick Vacuum Filter for Ryobi, PCL720, PBLSV716, PBLSV717 Stick Vacuum, Reusable Washable Filters, Compare to Part A32SV720N, 6 Pack</p><p>$15.99 ($2.66 / Count)</p><a href="https://www.amazon.com/dp/B0CMBWLTSM?tag=eloabder-20&linkCode=osi&th=1&psc=1">View Product</a></div><div class="product"><a href="https://www.amazon.com/dp/B0CXDYWWT9?tag=eloabder-20&linkCode=osi&th=1&psc=1"><img src="https://m.media-amazon.com/images/I/41F1csTT8jL._SL500_.jpg" alt="Product Image"></a><p>2 Replacement Filters for Craftsman V20 Cordless Stick Vacuum CMCVS001D1, for Black Decker BSVF1 BSV2020 BSV2020G BSV2020P Cordless Stick Vacuum Cleaner with 1 Cleaning Brush</p><p>$14.99</p><a href="https://www.amazon.com/dp/B0CXDYWWT9?tag=eloabder-20&linkCode=osi&th=1&psc=1">View Product</a></div><div class="product"><a href="https://www.amazon.com/dp/B0CCJ5N5DH?tag=eloabder-20&linkCode=osi&th=1&psc=1"><img src="https://m.media-amazon.com/images/I/41xmhDPqk8L._SL500_.jpg" alt="Product Image"></a><p>Aolleteau 1 Pack Brush Roller Compatible with Black + Decker BSV2020, BSV2020P, BSV2020G Powerseries Extreme Cordless Stick Vacuum and Compatible with Craftsman V20 Cordless Stick Vacuum CMCVS001D1</p><p>$17.99</p><a href="https://www.amazon.com/dp/B0CCJ5N5DH?tag=eloabder-20&linkCode=osi&th=1&psc=1">View Product</a></div><div class="product"><a href="https://www.amazon.com/dp/B0CQY61LFD?tag=eloabder-20&linkCode=osi&th=1&psc=1"><img src="https://m.media-amazon.com/images/I/31swBBC444L._SL500_.jpg" alt="Product Image"></a><p>Tablenco for Shark HZ602 Filter Replacement Ultralight Pet Pro Corded Stick Vacuum and HZ2002 Vertex DuoClean PowerFins fit HZ2000 HZ251 HZ250 HH200 HH202,4 Foam Felt 4 Motor Kit (No cleaning brush)</p><p>$9.98</p><a href="https://www.amazon.com/dp/B0CQY61LFD?tag=eloabder-20&linkCode=osi&th=1&psc=1">View Product</a></div><div class="product"><a href="https://www.amazon.com/dp/B09Q55KW8W?tag=eloabder-20&linkCode=osi&th=1&psc=1"><img src="https://m.media-amazon.com/images/I/51MKsJy6nSL._SL500_.jpg" alt="Product Image"></a><p>Anicell 2033 Featherweight Filter for Bissell Featherweight Stick Lightweight Bagless Vacuum 20331 20333 20334 20336 20339 2033M, 4 Mesh Filters 6 Foam Filters Replacement, Replace part# 1611508</p><p>$11.99</p><a href="https://www.amazon.com/dp/B09Q55KW8W?tag=eloabder-20&linkCode=osi&th=1&psc=1">View Product</a></div><div class="product"><a href="https://www.amazon.com/dp/B0CDVG7LHD?tag=eloabder-20&linkCode=osi&th=1&psc=1"><img src="https://m.media-amazon.com/images/I/41hjN1Te6sL._SL500_.jpg" alt="Product Image"></a><p>Moreffi 3 Pack Filter Replacement For HART Cordless Stick Vacuum HPSV01 and HPSV50, Compare to Part Number HASV01</p><p>$19.99 ($6.66 / Count)</p><a href="https://www.amazon.com/dp/B0CDVG7LHD?tag=eloabder-20&linkCode=osi&th=1&psc=1">View Product</a></div>
<div class="product"><a href="https://www.amazon.com/dp/B07DQ9TZC8?tag=eloabder-20&linkCode=osi&th=1&psc=1"><img src="https://m.media-amazon.com/images/I/41PHyZ20FuL._SL500_.jpg" alt="Product Image"></a><p>Kenmore 53294 Style O HEPA Cloth Vacuum Bags for Kenmore Upright Vacuum Cleaners 6 Pack,White</p><p>$20.99 ($3.50 / Count)</p><a href="https://www.amazon.com/dp/B07DQ9TZC8?tag=eloabder-20&linkCode=osi&th=1&psc=1">View Product</a></div><div class="product"><a href="https://www.amazon.com/dp/B08MXVTTT2?tag=eloabder-20&linkCode=osi&th=1&psc=1"><img src="https://m.media-amazon.com/images/I/41T6wRpIMzL._SL500_.jpg" alt="Product Image"></a><p>Kenmore IB600 HEPA Replacement Intuition Upright Vacuum Cleaner Bags for BU4022, BU4020, BU4018, BU4050, BU3040,White</p><p>$18.75</p><a href="https://www.amazon.com/dp/B08MXVTTT2?tag=eloabder-20&linkCode=osi&th=1&psc=1">View Product</a></div><div class="product"><a href="https://www.amazon.com/dp/B01010JVYO?tag=eloabder-20&linkCode=osi&th=1&psc=1"><img src="https://m.media-amazon.com/images/I/51Anluh47GL._SL500_.jpg" alt="Product Image"></a><p>EnviroCare Replacement Micro Filtration Vacuum Cleaner Dust Bags Designed to fit Hoover Windtunnel Upright Type Y 9 pack</p><p>$9.89 ($1.10 / Count)</p><a href="https://www.amazon.com/dp/B01010JVYO?tag=eloabder-20&linkCode=osi&th=1&psc=1">View Product</a></div><div class="product"><a href="https://www.amazon.com/dp/B0D5CP3WBY?tag=eloabder-20&linkCode=osi&th=1&psc=1"><img src="https://m.media-amazon.com/images/I/31MaGmsVOwL._SL500_.jpg" alt="Product Image"></a><p>Bagless Upright Kenmore Vacuum HEPA Filters, Compatible with Foam Filters, Felt Filters and Upright vacuum cleaner for Models K4010,DU2015,DU2012(includes 1 Hepa Filters,2 Foam and 2 Felt Filters)</p><p>$12.99</p><a href="https://www.amazon.com/dp/B0D5CP3WBY?tag=eloabder-20&linkCode=osi&th=1&psc=1">View Product</a></div><div class="product"><a href="https://www.amazon.com/dp/B0CBFV28WX?tag=eloabder-20&linkCode=osi&th=1&psc=1"><img src="https://m.media-amazon.com/images/I/51LIYI0wXSL._SL500_.jpg" alt="Product Image"></a><p>16 Packs Vacuum Bags for Oreck Type CC, Compatible with All Oreck XL Upright Vacuum Cleaner - Replaces Part # CCPK8DW</p><p>$21.99 ($1.37 / Count)</p><a href="https://www.amazon.com/dp/B0CBFV28WX?tag=eloabder-20&linkCode=osi&th=1&psc=1">View Product</a></div><div class="product"><a href="https://www.amazon.com/dp/B00F9GQMHA?tag=eloabder-20&linkCode=osi&th=1&psc=1"><img src="https://m.media-amazon.com/images/I/51lhelurelL._SL500_.jpg" alt="Product Image"></a><p>EnviroCare Replacement Premium Vacuum Cleaner Dust Bags made to fit Eureka F&G Uprights 9 bags</p><p>$11.09</p><a href="https://www.amazon.com/dp/B00F9GQMHA?tag=eloabder-20&linkCode=osi&th=1&psc=1">View Product</a></div><div class="product"><a href="https://www.amazon.com/dp/B002CI8G1I?tag=eloabder-20&linkCode=osi&th=1&psc=1"><img src="https://m.media-amazon.com/images/I/51PYQrQpbSL._SL500_.jpg" alt="Product Image"></a><p>EnviroCare Replacement Micro Filtration Vacuum Cleaner Dust Bags made to fit Kenmore Upright Type U/L/O 50688 and 50690, Panasonic Type U-2, Miele Type Z. 9 pack</p><p>$9.99</p><a href="https://www.amazon.com/dp/B002CI8G1I?tag=eloabder-20&linkCode=osi&th=1&psc=1">View Product</a></div>
<div class="product"><a href="https://www.amazon.com/dp/B07GNQJ67P?tag=eloabder-20&linkCode=osi&th=1&psc=1"><img src="https://m.media-amazon.com/images/I/41XHnKbgjAL._SL500_.jpg" alt="Product Image"></a><p>Kenmore 53292 Type Q HEPA Replacement Dust Bags for Canister Vacuum 81214, 81414, 81714, 21814, BC2005, BC3005, 81615, BC7005, 6 Count (Pack of 1)</p><p>$13.24 ($2.21 / Count)</p><a href="https://www.amazon.com/dp/B07GNQJ67P?tag=eloabder-20&linkCode=osi&th=1&psc=1">View Product</a></div><div class="product"><a href="https://www.amazon.com/dp/B01L0C0FVK?tag=eloabder-20&linkCode=osi&th=1&psc=1"><img src="https://m.media-amazon.com/images/I/51ZIjbo9NVL._SL500_.jpg" alt="Product Image"></a><p>Envirocare Replacement Vacuum Bags Compatible with Kenmore Canister Type C/Q. 5055, 50557 and 50558 Panasonic Type C-5 Vacuums,15 pack</p><p>$16.16</p><a href="https://www.amazon.com/dp/B01L0C0FVK?tag=eloabder-20&linkCode=osi&th=1&psc=1">View Product</a></div><div class="product"><a href="https://www.amazon.com/dp/B0BTRTP2PM?tag=eloabder-20&linkCode=osi&th=1&psc=1"><img src="https://m.media-amazon.com/images/I/41K295aRv9L._SL500_.jpg" alt="Product Image"></a><p>Vacuum Cleaner Bags Fit for Kenmore Canister Type C/Q 50555 50557 50558 and Type C-5, 10PCs</p><p>$15.99</p><a href="https://www.amazon.com/dp/B0BTRTP2PM?tag=eloabder-20&linkCode=osi&th=1&psc=1">View Product</a></div><div class="product"><a href="https://www.amazon.com/dp/B0CRQYGLZX?tag=eloabder-20&linkCode=osi&th=1&psc=1"><img src="https://m.media-amazon.com/images/I/413iXp+j3ML._SL500_.jpg" alt="Product Image"></a><p>15 Pack Canister Vacuum Cleaner Bags Compatible with Kenmore Canister Type C/Q 5055, 50555, 50557, 50558 and Type C-5, C-18, 53292, 200 Series, 400 Series, 600 Series, 700 Series, 800 Series Vacuum</p><p>$11.69</p><a href="https://www.amazon.com/dp/B0CRQYGLZX?tag=eloabder-20&linkCode=osi&th=1&psc=1">View Product</a></div><div class="product"><a href="https://www.amazon.com/dp/B00QGD3SBI?tag=eloabder-20&linkCode=osi&th=1&psc=1"><img src="https://m.media-amazon.com/images/I/51xw0asyqTL._SL500_.jpg" alt="Product Image"></a><p>EnviroCare Replacement Vacuum Bags made to fit Kenmore Canister Type C or Q 50555, 50558, 50557 and Panasonic Type C-5 Vacuums, 9 pack</p><p>$9.79</p><a href="https://www.amazon.com/dp/B00QGD3SBI?tag=eloabder-20&linkCode=osi&th=1&psc=1">View Product</a></div><div class="product"><a href="https://www.amazon.com/dp/B0CQP9NP5N?tag=eloabder-20&linkCode=osi&th=1&psc=1"><img src="https://m.media-amazon.com/images/I/41WnNkTz8zL._SL500_.jpg" alt="Product Image"></a><p>8 Pack Replacement Vacuum Bags Compatible with Kenmore Canister Type C/Q. 5055, 50104, 50557 and 50558 Panasonic Type C-5 Vacuums</p><p>$9.99 ($1.25 / Count)</p><a href="https://www.amazon.com/dp/B0CQP9NP5N?tag=eloabder-20&linkCode=osi&th=1&psc=1">View Product</a></div>
<div class="product"><a href="https://www.amazon.com/dp/B09M3Y2BHR?tag=eloabder-20&linkCode=osi&th=1&psc=1"><img src="https://m.media-amazon.com/images/I/31tevngai1L._SL500_.jpg" alt="Product Image"></a><p>Ymimi Vacuum Filter Compatible with Eureka WhirlWind Bagless Canister Vacuum Cleaner,Fits NEN110A,NEN110B,NEN110Dï¼ˆ2-Packï¼‰</p><p>$11.99 ($6.00 / Count)</p><a href="https://www.amazon.com/dp/B09M3Y2BHR?tag=eloabder-20&linkCode=osi&th=1&psc=1">View Product</a></div><div class="product"><a href="https://www.amazon.com/dp/B07J1WWBHN?tag=eloabder-20&linkCode=osi&th=1&psc=1"><img src="https://m.media-amazon.com/images/I/51gmkDrnR2L._SL500_.jpg" alt="Product Image"></a><p>Bissell Powerforce Helix Bagless Washable Premotor Filter #1608225, Black</p><p>$7.78</p><a href="https://www.amazon.com/dp/B07J1WWBHN?tag=eloabder-20&linkCode=osi&th=1&psc=1">View Product</a></div><div class="product"><a href="https://www.amazon.com/dp/B0BK64TMMK?tag=eloabder-20&linkCode=osi&th=1&psc=1"><img src="https://m.media-amazon.com/images/I/41OBMvET7eL._SL500_.jpg" alt="Product Image"></a><p>Vacuum Belt Replacement for Bissell Cleanview Swivel Pet Upright Bagless/Powerlifter Vacuum Cleaner, fits model: 2252, 2254, 22543, 2258,2259, 2260,2316, 2739, 1793, Parts # 3031120, 32074</p><p>$6.99</p><a href="https://www.amazon.com/dp/B0BK64TMMK?tag=eloabder-20&linkCode=osi&th=1&psc=1">View Product</a></div><div class="product"><a href="https://www.amazon.com/dp/B0BKKL3WRB?tag=eloabder-20&linkCode=osi&th=1&psc=1"><img src="https://m.media-amazon.com/images/I/410jMe-FjIL._SL500_.jpg" alt="Product Image"></a><p>Aolleteau F1 HEPA Filter Compatible with Dirt Devil Bagless Upright Cleaner Models Extra Lite, Breeze, Featherlite Bagless, Jaguar Bagless,Platinum Force Vision, Scorpion and Vision Bagless (2 Pack)</p><p>$13.99 ($7.00 / Count)</p><a href="https://www.amazon.com/dp/B0BKKL3WRB?tag=eloabder-20&linkCode=osi&th=1&psc=1">View Product</a></div><div class="product"><a href="https://www.amazon.com/dp/B09SG1P4WN?tag=eloabder-20&linkCode=osi&th=1&psc=1"><img src="https://m.media-amazon.com/images/I/51+Mr+Wq5ML._SL500_.jpg" alt="Product Image"></a><p>NEN110A Vacuum Filter, Inlet Frame and Sponge Filter Compatible with Eureka Whirlwind Bagless Canister Vacuum Cleaner, Fits NEN110A, NEN110B, NEN110D(4-Pack)</p><p>$15.99 ($4.00 / Count)</p><a href="https://www.amazon.com/dp/B09SG1P4WN?tag=eloabder-20&linkCode=osi&th=1&psc=1">View Product</a></div>
<div class="product"><a href="https://www.amazon.com/dp/B07GT9VB9X?tag=eloabder-20&linkCode=osi&th=1&psc=1"><img src="https://m.media-amazon.com/images/I/41IokheYtNL._SL500_.jpg" alt="Product Image"></a><p>6 Pack 1940 Bissell Steam Mop Pads for Bissell PowerFresh Steam Mop 1806 1544 1440 2075A 2685A 1940W 19404 Series, Model 19402 19408 1940a 1940f 1940q 1940t B0006 B0017, Part #5938#203-2633</p><p>$16.99 ($2.83 / Count)</p><a href="https://www.amazon.com/dp/B07GT9VB9X?tag=eloabder-20&linkCode=osi&th=1&psc=1">View Product</a></div><div class="product"><a href="https://www.amazon.com/dp/B07H3MYZLD?tag=eloabder-20&linkCode=osi&th=1&psc=1"><img src="https://m.media-amazon.com/images/I/511p6MPxQ0L._SL500_.jpg" alt="Product Image"></a><p>Flammi Steam Pocket Mop Replacement Pads for Shark S3500 Series S3501 S3601 S3550 S3901 SE450 S3801CO S3601D S2901 S2902 Steam Pocket Mop, 4 Pack</p><p>$16.97 ($4.24 / Count)</p><a href="https://www.amazon.com/dp/B07H3MYZLD?tag=eloabder-20&linkCode=osi&th=1&psc=1">View Product</a></div><div class="product"><a href="https://www.amazon.com/dp/B0C8SH97HN?tag=eloabder-20&linkCode=osi&th=1&psc=1"><img src="https://m.media-amazon.com/images/I/31Mex4y7odL._SL500_.jpg" alt="Product Image"></a><p>HOMEXCEL Steam Mop Replacement Pads Compatible with Bissell Powerfresh Steam Mop 1940 1806 1440 1544 Series, Model 19402 19404 19408 2685A 2075A 1940A 1940Q 1940T 1940W, Steam Mop Pads Refills,4 Pack</p><p>$9.99 ($2.50 / Count)</p><a href="https://www.amazon.com/dp/B0C8SH97HN?tag=eloabder-20&linkCode=osi&th=1&psc=1">View Product</a></div><div class="product"><a href="https://www.amazon.com/dp/B0BFWTXS33?tag=eloabder-20&linkCode=osi&th=1&psc=1"><img src="https://m.media-amazon.com/images/I/51pa2h7o0EL._SL500_.jpg" alt="Product Image"></a><p>12 Pack 1940 Steam Mop Replacement Pads for Bissell Powerfresh Steam Mop 1940 1440 1806 1544 2075 2685A 2814 Series, Model 19402 19404 19408 19409 1940A 1940F 1940Q 1940T 1940W B0006 B0017 2075A 15441</p><p>$24.99</p><a href="https://www.amazon.com/dp/B0BFWTXS33?tag=eloabder-20&linkCode=osi&th=1&psc=1">View Product</a></div><div class="product"><a href="https://www.amazon.com/dp/B0CLP5QGTY?tag=eloabder-20&linkCode=osi&th=1&psc=1"><img src="https://m.media-amazon.com/images/I/414HqpKde9L._SL500_.jpg" alt="Product Image"></a><p>10 Pack 1940 1806 2685A Steam Mop Pads For Bissell Powerfresh Steam Mop Deluxe Pet Lift-Off Plus Slim Scrubbing Steam Mop Replacement Pad 1940A 2814 1544A 2075A Power Fresh Steamer Pad Refill Washable</p><p>$22.99 ($2.30 / Count)</p><a href="https://www.amazon.com/dp/B0CLP5QGTY?tag=eloabder-20&linkCode=osi&th=1&psc=1">View Product</a></div><div class="product"><a href="https://www.amazon.com/dp/B078BBKBPV?tag=eloabder-20&linkCode=osi&th=1&psc=1"><img src="https://m.media-amazon.com/images/I/51WcJqtOUIL._SL500_.jpg" alt="Product Image"></a><p>Tidy Monster Steam Mop Replacement Pads Compatible with Bissell Powerfresh Steam Mop 1940 1806 1544 1440 2075A 2685A Series, Part # 5938 & 203-2633, 1606668 & 1606669 (4 Pack Scrub Plush)</p><p>$9.99</p><a href="https://www.amazon.com/dp/B078BBKBPV?tag=eloabder-20&linkCode=osi&th=1&psc=1">View Product</a></div><div class="product"><a href="https://www.amazon.com/dp/B00A6G37SU?tag=eloabder-20&linkCode=osi&th=1&psc=1"><img src="https://m.media-amazon.com/images/I/51xo0LB-SpL._SL500_.jpg" alt="Product Image"></a><p>BISSELL PowerFresh Steam Mop Pads (Pack of 2) with Fragrance discs (4 ct), 5938</p><p>$21.26 ($10.63 / Count)</p><a href="https://www.amazon.com/dp/B00A6G37SU?tag=eloabder-20&linkCode=osi&th=1&psc=1">View Product</a></div>
<div class="product"><a href="https://www.amazon.com/dp/B0D2QFVY7H?tag=eloabder-20&linkCode=osi&th=1&psc=1"><img src="https://m.media-amazon.com/images/I/417B7H+vvML._SL500_.jpg" alt="Product Image"></a><p>Kenmore KS1010 Deep Clean & Revitalize Pet Carpet Cleaner Formula, 64 oz, White, 64 Fl Oz</p><p>$22.73 ($0.36 / Fl Oz)</p><a href="https://www.amazon.com/dp/B0D2QFVY7H?tag=eloabder-20&linkCode=osi&th=1&psc=1">View Product</a></div><div class="product"><a href="https://www.amazon.com/dp/B0BNK8ZJJ1?tag=eloabder-20&linkCode=osi&th=1&psc=1"><img src="https://m.media-amazon.com/images/I/51z0Pc4xcNL._SL500_.jpg" alt="Product Image"></a><p>Bissell Spotlifter Pet Carpet and Upholstery Cleaner with Brush Head - 4 Pack, 93523</p><p>$23.88 ($0.50 / Fl Oz)</p><a href="https://www.amazon.com/dp/B0BNK8ZJJ1?tag=eloabder-20&linkCode=osi&th=1&psc=1">View Product</a></div><div class="product"><a href="https://www.amazon.com/dp/B0CX245D26?tag=eloabder-20&linkCode=osi&th=1&psc=1"><img src="https://m.media-amazon.com/images/I/411CSXvvO1L._SL500_.jpg" alt="Product Image"></a><p>BISSELLÂ® Spot & Stain with Febreze + Gain Original Scent Formula for Little Green Devices, Portable Carpet Cleaners (3968)</p><p>$12.99 ($0.41 / Fl Oz)</p><a href="https://www.amazon.com/dp/B0CX245D26?tag=eloabder-20&linkCode=osi&th=1&psc=1">View Product</a></div><div class="product"><a href="https://www.amazon.com/dp/B083VZW4R5?tag=eloabder-20&linkCode=osi&th=1&psc=1"><img src="https://m.media-amazon.com/images/I/413BULPLmBL._SL500_.jpg" alt="Product Image"></a><p>BISSELL Multi-Surface Pet Formula with Febreze Freshness for Crosswave (80 oz), 2295L</p><p>$22.99 ($0.29 / Fl Oz)</p><a href="https://www.amazon.com/dp/B083VZW4R5?tag=eloabder-20&linkCode=osi&th=1&psc=1">View Product</a></div><div class="product"><a href="https://www.amazon.com/dp/B0D2RGW219?tag=eloabder-20&linkCode=osi&th=1&psc=1"><img src="https://m.media-amazon.com/images/I/41gD+82tnAL._SL500_.jpg" alt="Product Image"></a><p>Vacmaster Clean & Restore Carpet Cleaner Formula â€“ CCS03</p><p>$19.99 ($0.31 / Fl Oz)</p><a href="https://www.amazon.com/dp/B0D2RGW219?tag=eloabder-20&linkCode=osi&th=1&psc=1">View Product</a></div>






<div class="product"><a href="https://www.amazon.com/dp/B0BY64HQTP?tag=eloabder-20&linkCode=osi&th=1&psc=1"><img src="https://m.media-amazon.com/images/I/41hUxHuASYL._SL500_.jpg" alt="Product Image"></a><p>Air Conditioning Motor WZDK13-38G-1(RD-310-13-8) DC Brushless Fan Motor, 13W Inverter air Conditioner Motor DC Motor for Central air Conditioner</p><p>$39.95</p><a href="https://www.amazon.com/dp/B0BY64HQTP?tag=eloabder-20&linkCode=osi&th=1&psc=1">View Product</a></div><div class="product"><a href="https://www.amazon.com/dp/B0CM5YB884?tag=eloabder-20&linkCode=osi&th=1&psc=1"><img src="https://m.media-amazon.com/images/I/310lQ2tAvLL._SL500_.jpg" alt="Product Image"></a><p>Sparkfix OEM WZDK20-38G (ZKFP-20-8-6) Air Conditioner Replacement Motors DC280V 20W Air Conditioning Fan Motor Inverter Air Conditioner Brushless DC Motor 1300RPM CCW</p><p>$42.79</p><a href="https://www.amazon.com/dp/B0CM5YB884?tag=eloabder-20&linkCode=osi&th=1&psc=1">View Product</a></div>













<div class="product"><a href="https://www.amazon.com/dp/B009PCI2JU?tag=eloabder-20&linkCode=osi&th=1&psc=1"><img src="https://m.media-amazon.com/images/I/310ZJurANUL._SL500_.jpg" alt="Product Image"></a><p>GE RPWFE Refrigerator Water Filter | Certified to Reduce Lead, Sulfur, and 50+ Other Impurities | Replace Every 6 Months for Best Results | Pack of 1</p><p>$49.98</p><a href="https://www.amazon.com/dp/B009PCI2JU?tag=eloabder-20&linkCode=osi&th=1&psc=1">View Product</a></div><div class="product"><a href="https://www.amazon.com/dp/B0882ZJ48W?tag=eloabder-20&linkCode=osi&th=1&psc=1"><img src="https://m.media-amazon.com/images/I/41110o9sUoL._SL500_.jpg" alt="Product Image"></a><p>GE XWFE Refrigerator Water Filter | Certified to Reduce Lead, Sulfur, and 50+ Other Impurities | Replace Every 6 Months for Best Results | Pack of 1, White</p><p>$49.00</p><a href="https://www.amazon.com/dp/B0882ZJ48W?tag=eloabder-20&linkCode=osi&th=1&psc=1">View Product</a></div><div class="product"><a href="https://www.amazon.com/dp/B074HLRXMP?tag=eloabder-20&linkCode=osi&th=1&psc=1"><img src="https://m.media-amazon.com/images/I/21oDpGCQXiL._SL500_.jpg" alt="Product Image"></a><p>LG LT1000P - 6 Month / 200 Gallon Capacity Replacement Refrigerator Water Filter (NSF42, NSF53, and NSF401) ADQ74793501, ADQ75795105, or AGF80300704 , White</p><p>$47.00</p><a href="https://www.amazon.com/dp/B074HLRXMP?tag=eloabder-20&linkCode=osi&th=1&psc=1">View Product</a></div><div class="product"><a href="https://www.amazon.com/dp/B01BKWSHHE?tag=eloabder-20&linkCode=osi&th=1&psc=1"><img src="https://m.media-amazon.com/images/I/31E2+zlkvjL._SL500_.jpg" alt="Product Image"></a><p>Frigidaire EPTWFU01 Water Filtration Filter, 1 Count, White</p><p>$42.99</p><a href="https://www.amazon.com/dp/B01BKWSHHE?tag=eloabder-20&linkCode=osi&th=1&psc=1">View Product</a></div><div class="product"><a href="https://www.amazon.com/dp/B08V6JB9R7?tag=eloabder-20&linkCode=osi&th=1&psc=1"><img src="https://m.media-amazon.com/images/I/31PRPEffCZL._SL500_.jpg" alt="Product Image"></a><p>Frigidaire FPPWFU01 PurePour PWF-1 Water Filter 1 Count (Pack of 1)</p><p>$45.81</p><a href="https://www.amazon.com/dp/B08V6JB9R7?tag=eloabder-20&linkCode=osi&th=1&psc=1">View Product</a></div><div class="product"><a href="https://www.amazon.com/dp/B000AST3AK?tag=eloabder-20&linkCode=osi&th=1&psc=1"><img src="https://m.media-amazon.com/images/I/41DUoSxpwTS._SL500_.jpg" alt="Product Image"></a><p>GE MWF Refrigerator Water Filter | Certified to Reduce Lead, Sulfur, and 50+ Other Impurities | Replace Every 6 Months for Best Results | Pack of 1</p><p>$39.98</p><a href="https://www.amazon.com/dp/B000AST3AK?tag=eloabder-20&linkCode=osi&th=1&psc=1">View Product</a></div><div class="product"><a href="https://www.amazon.com/dp/B0CFZR7K8D?tag=eloabder-20&linkCode=osi&th=1&psc=1"><img src="https://m.media-amazon.com/images/I/31WM5sdhKLL._SL500_.jpg" alt="Product Image"></a><p>HMASAV W10295370A water filter replacement, Compatible with EDR1RXD1,EDR1RXD1B,W10295370,Filter 1,WHR1RXD1,KAD1RXD1,P4RFWB,P8RFWB2L,46-9930,46-9081 2PACK</p><p>$29.99 ($15.00 / Count)</p><a href="https://www.amazon.com/dp/B0CFZR7K8D?tag=eloabder-20&linkCode=osi&th=1&psc=1">View Product</a></div><div class="product"><a href="https://www.amazon.com/dp/B07JM9TTTT?tag=eloabder-20&linkCode=osi&th=1&psc=1"><img src="https://m.media-amazon.com/images/I/41CfAtJ8TPL._SL500_.jpg" alt="Product Image"></a><p>GLACIER FRESH LT1000PC Replacement Water Filter, Compatible with LT1000PC/PCS, LT1000PC, LT-1000PC, MDJ64844601, ADQ747935 ADQ74793504 Filter and LT120F ADQ73334008 Fresh Air (3+3)</p><p>$39.99 ($13.33 / Count)</p><a href="https://www.amazon.com/dp/B07JM9TTTT?tag=eloabder-20&linkCode=osi&th=1&psc=1">View Product</a></div><div class="product"><a href="https://www.amazon.com/dp/B003N1ZSYG?tag=eloabder-20&linkCode=osi&th=1&psc=1"><img src="https://m.media-amazon.com/images/I/31Mbrkrxu1L._SL500_.jpg" alt="Product Image"></a><p>SAMSUNG Genuine Filter for Refrigerator Water and Ice, Carbon Block Filtration for Clean, Clear Drinking Water, 6-Month Life, HAF-CIN/EXP, 1 Pack</p><p>$39.99</p><a href="https://www.amazon.com/dp/B003N1ZSYG?tag=eloabder-20&linkCode=osi&th=1&psc=1">View Product</a></div>









<div class="product"><a href="https://www.amazon.com/dp/B0B2NZ47HN?tag=eloabder-20&linkCode=osi&th=1&psc=1"><img src="https://m.media-amazon.com/images/I/41nC6c2XxJL._SL500_.jpg" alt="Product Image"></a><p>OTE Portable Sparkling Water Maker Soda Maker Machine for home with 20PCS Cylinders 450ml Personal seltzer Carbonators Electroless Double Layer PET Bottle BPA Free Double Pressure Relief Valves -Pink</p><p>$49.99</p><a href="https://www.amazon.com/dp/B0B2NZ47HN?tag=eloabder-20&linkCode=osi&th=1&psc=1">View Product</a></div><div class="product"><a href="https://www.amazon.com/dp/B09DY54L7M?tag=eloabder-20&linkCode=osi&th=1&psc=1"><img src="https://m.media-amazon.com/images/I/31LSpnm3G8L._SL500_.jpg" alt="Product Image"></a><p>MOSOLAN Bottle Cleaning Brush, 17 Inches Extra Long Handle Water Bottle Brush, Flexible Bendable Cleaner for Washing Narrow Neck Bottles, Wine Decanter, Kombucha, Pipes, Beer Brewing Supplies, 2 Pack</p><p>$11.95 ($5.98 / Count)</p><a href="https://www.amazon.com/dp/B09DY54L7M?tag=eloabder-20&linkCode=osi&th=1&psc=1">View Product</a></div><div class="product"><a href="https://www.amazon.com/dp/B0736CBNDN?tag=eloabder-20&linkCode=osi&th=1&psc=1"><img src="https://m.media-amazon.com/images/I/41tWXmwP5KL._SL500_.jpg" alt="Product Image"></a><p>#2 Filter Pads (10 Pack Bulk) Compatible with Mini Jet Machine | #2 1.8-2.5 micron | 2 Micron Filtering pads. Filter Wine Beer, Kombucha, Mead Mash. Polishing filtration| Not a Buon Vino product.</p><p>$18.99</p><a href="https://www.amazon.com/dp/B0736CBNDN?tag=eloabder-20&linkCode=osi&th=1&psc=1">View Product</a></div>









<div class="product"><a href="https://www.amazon.com/dp/B07YGN577Y?tag=eloabder-20&linkCode=osi&th=1&psc=1"><img src="https://m.media-amazon.com/images/I/31kfZiyDMUL._SL500_.jpg" alt="Product Image"></a><p>9870163 Trash Power Nut WP9870163 L8</p><p>$50.36</p><a href="https://www.amazon.com/dp/B07YGN577Y?tag=eloabder-20&linkCode=osi&th=1&psc=1">View Product</a></div>

<div class="product"><a href="https://www.amazon.com/dp/B0CWQLM4C7?tag=eloabder-20&linkCode=osi&th=1&psc=1"><img src="https://m.media-amazon.com/images/I/41gTEIOjtlL._SL500_.jpg" alt="Product Image"></a><p>7" Seven Seconds Lazy Kitchen Food Making Tools - Multifunctional Fruit Vegetable Chopper Quick Garlic Peeling Machine Convenient Food Chopper for Slicing,Juice,Grinding</p><p>$32.99</p><a href="https://www.amazon.com/dp/B0CWQLM4C7?tag=eloabder-20&linkCode=osi&th=1&psc=1">View Product</a></div>







<div class="product"><a href="https://www.amazon.com/dp/B0CNKFM9WR?tag=eloabder-20&linkCode=osi&th=1&psc=1"><img src="https://m.media-amazon.com/images/I/31sGGIDic9L._SL500_.jpg" alt="Product Image"></a><p>hobbyme Pack of 4 Plastic Coffee Scoops with Brush & Espresso Grinder Brush for Ground Coffee Cleaning Tea Power Coffee Grinder Spoon</p><p>$6.49</p><a href="https://www.amazon.com/dp/B0CNKFM9WR?tag=eloabder-20&linkCode=osi&th=1&psc=1">View Product</a></div>





<div class="product"><a href="https://www.amazon.com/dp/B07798328B?tag=eloabder-20&linkCode=osi&th=1&psc=1"><img src="https://m.media-amazon.com/images/I/31Vpin+sgUS._SL500_.jpg" alt="Product Image"></a><p>Prime-Line MP10513 Standard Plastic Ice Cube Trays (5 Pack)</p><p>$12.69</p><a href="https://www.amazon.com/dp/B07798328B?tag=eloabder-20&linkCode=osi&th=1&psc=1">View Product</a></div><div class="product"><a href="https://www.amazon.com/dp/B077965JDB?tag=eloabder-20&linkCode=osi&th=1&psc=1"><img src="https://m.media-amazon.com/images/I/31H1hNlH6RL._SL500_.jpg" alt="Product Image"></a><p>Prime-Line MP10863 Standard Plastic Ice Cube Trays (2 Pack)</p><p>$9.69</p><a href="https://www.amazon.com/dp/B077965JDB?tag=eloabder-20&linkCode=osi&th=1&psc=1">View Product</a></div>

<div class="product"><a href="https://www.amazon.com/dp/B08MPLY84K?tag=eloabder-20&linkCode=osi&th=1&psc=1"><img src="https://m.media-amazon.com/images/I/31kWTfzQJBL._SL500_.jpg" alt="Product Image"></a><p>Syntus Vacuum Sealer Bags, 6 Pack 3 Rolls 11" x 20' and 3 Rolls 8" x 20' Commercial Grade BPA Free Bag Rolls, Food Vac Bags for Storage, Meal Prep or Sous Vide</p><p>$19.99</p><a href="https://www.amazon.com/dp/B08MPLY84K?tag=eloabder-20&linkCode=osi&th=1&psc=1">View Product</a></div><div class="product"><a href="https://www.amazon.com/dp/B0C5BWRMQL?tag=eloabder-20&linkCode=osi&th=1&psc=1"><img src="https://m.media-amazon.com/images/I/41yPpkb6oeL._SL500_.jpg" alt="Product Image"></a><p>Bonsenkitchen Vacuum Sealer Rolls Bags, 6 Pack 3 Rolls 11" x 20' + 3 Rolls 8" x 20' Commercial Grade BPA Free Bag Rolls, Durable Customized Size Food Vac Bags for Storage and Sous Vide Cooking VB3211</p><p>$19.99 ($3.33 / Count)</p><a href="https://www.amazon.com/dp/B0C5BWRMQL?tag=eloabder-20&linkCode=osi&th=1&psc=1">View Product</a></div><div class="product"><a href="https://www.amazon.com/dp/B0C5C1JTC4?tag=eloabder-20&linkCode=osi&th=1&psc=1"><img src="https://m.media-amazon.com/images/I/31JpyYsm7YL._SL500_.jpg" alt="Product Image"></a><p>Bonsenkitchen Vacuum Food Sealer Bags 200 Quart 8" x 12", BPA Free, Commercial Grade Textured Food Vacuum Sealer Bag, Thick Embossed Bags for Food Storage and Sous Vide Cooking VB3208</p><p>$18.39 ($0.09 / Count)</p><a href="https://www.amazon.com/dp/B0C5C1JTC4?tag=eloabder-20&linkCode=osi&th=1&psc=1">View Product</a></div><div class="product"><a href="https://www.amazon.com/dp/B07TMZDGQ1?tag=eloabder-20&linkCode=osi&th=1&psc=1"><img src="https://m.media-amazon.com/images/I/31cRCu-JIsL._SL500_.jpg" alt="Product Image"></a><p>Wevac Vacuum Sealer Bags 11x50 Rolls 2 pack for Food Saver, Seal a Meal, Weston. Commercial Grade, BPA Free, Heavy Duty, Great for vac storage, Meal Prep or Sous Vide</p><p>$20.99 ($0.21 / Count)</p><a href="https://www.amazon.com/dp/B07TMZDGQ1?tag=eloabder-20&linkCode=osi&th=1&psc=1">View Product</a></div><div class="product"><a href="https://www.amazon.com/dp/B07TV4KRCL?tag=eloabder-20&linkCode=osi&th=1&psc=1"><img src="https://m.media-amazon.com/images/I/31uv3qtc9bL._SL500_.jpg" alt="Product Image"></a><p>Wevac Vacuum Sealer Bags 100 Gallon 11x16 Inch for Food Saver, Seal a Meal, Weston. Commercial Grade, BPA Free, Heavy Duty, Great for vac storage, Meal Prep and Sous Vide</p><p>$21.24</p><a href="https://www.amazon.com/dp/B07TV4KRCL?tag=eloabder-20&linkCode=osi&th=1&psc=1">View Product</a></div>


<div class="product"><a href="https://www.amazon.com/dp/B093G5XCVF?tag=eloabder-20&linkCode=osi&th=1&psc=1"><img src="https://m.media-amazon.com/images/I/313Cq6ASf0S._SL500_.jpg" alt="Product Image"></a><p>2 Multipurpose Pastry Brush Basting & Coffee Grinders Cleaning Brush Wooden Handle Natural Boar Bristles Baking Cooking Sauce egg wash Bakery Supply Espresso Bean Barista</p><p>$7.21</p><a href="https://www.amazon.com/dp/B093G5XCVF?tag=eloabder-20&linkCode=osi&th=1&psc=1">View Product</a></div><div class="product"><a href="https://www.amazon.com/dp/B07JGRYG31?tag=eloabder-20&linkCode=osi&th=1&psc=1"><img src="https://m.media-amazon.com/images/I/31nd-jhgzdL._SL500_.jpg" alt="Product Image"></a><p>Coffee Grinder Cleaning Brush + Coffee Brush Wood Handle & Natural Bristles Pastry Brush</p><p>$5.99</p><a href="https://www.amazon.com/dp/B07JGRYG31?tag=eloabder-20&linkCode=osi&th=1&psc=1">View Product</a></div><div class="product"><a href="https://www.amazon.com/dp/B0C53G4T7X?tag=eloabder-20&linkCode=osi&th=1&psc=1"><img src="https://m.media-amazon.com/images/I/21Hrgmpj8YL._SL500_.jpg" alt="Product Image"></a><p>Leadigol Cleaning Tool Coffee Machine Home Pastry Brush Multifunctional Wooden Handle Baking Soft Bristles Coffee Grinder Brush</p><p>$7.99</p><a href="https://www.amazon.com/dp/B0C53G4T7X?tag=eloabder-20&linkCode=osi&th=1&psc=1">View Product</a></div><div class="product"><a href="https://www.amazon.com/dp/B07W5WM2LF?tag=eloabder-20&linkCode=osi&th=1&psc=1"><img src="https://m.media-amazon.com/images/I/41-7fWE9tSL._SL500_.jpg" alt="Product Image"></a><p>Redecker Waffle Machine Brush with Oiled Beechwood Handle, Stiff Heat-resistant Tampico Fiber Bristles, 6-1/2 inches, Made in Germany</p><p>$21.99</p><a href="https://www.amazon.com/dp/B07W5WM2LF?tag=eloabder-20&linkCode=osi&th=1&psc=1">View Product</a></div>






Aucun rÃ©sultat trouvÃ©.


<div class="product"><a href="https://www.amazon.com/dp/B00LQKZQAW?tag=eloabder-20&linkCode=osi&th=1&psc=1"><img src="https://m.media-amazon.com/images/I/31nBii+cbiL._SL500_.jpg" alt="Product Image"></a><p>Electrolux 5308000716 Dish Replacement , White</p><p>$17.16</p><a href="https://www.amazon.com/dp/B00LQKZQAW?tag=eloabder-20&linkCode=osi&th=1&psc=1">View Product</a></div><div class="product"><a href="https://www.amazon.com/dp/B09BBPTSNK?tag=eloabder-20&linkCode=osi&th=1&psc=1"><img src="https://m.media-amazon.com/images/I/41kdVEnPDTL._SL500_.jpg" alt="Product Image"></a><p>Judeeâ€™s Butter Powder 5 lb - 100% Non-GMO and Keto-Friendly - rBST Hormone-Free - Gluten-Free and Nut-Free - Made from 100% Real Butter - Baking Ready Ingredient - Made in USA</p><p>$59.99 ($0.75 / Ounce)</p><a href="https://www.amazon.com/dp/B09BBPTSNK?tag=eloabder-20&linkCode=osi&th=1&psc=1">View Product</a></div>
<div class="product"><a href="https://www.amazon.com/dp/B0C1G9K19X?tag=eloabder-20&linkCode=osi&th=1&psc=1"><img src="https://m.media-amazon.com/images/I/41OVBrQ1wFL._SL500_.jpg" alt="Product Image"></a><p>Coffee Cup Design Coffee Filter Holder, Coffee Paper Rack Stand, Metal Coffee Filter Container Stand, Coffee Bar Accessories Vertical Paper Towel Napkin Holder for Cone Square Fan Shaped Size (Black)</p><p>$8.99</p><a href="https://www.amazon.com/dp/B0C1G9K19X?tag=eloabder-20&linkCode=osi&th=1&psc=1">View Product</a></div><div class="product"><a href="https://www.amazon.com/dp/B07TP1YN7G?tag=eloabder-20&linkCode=osi&th=1&psc=1"><img src="https://m.media-amazon.com/images/I/41BpYdpRyaL._SL500_.jpg" alt="Product Image"></a><p>CAFEMASY Coffee Filter Holder Storage Coffee Filter Paper Dispenser Rack with Dustproof Cover for V60 and Cone Coffee Filters</p><p>$9.99</p><a href="https://www.amazon.com/dp/B07TP1YN7G?tag=eloabder-20&linkCode=osi&th=1&psc=1">View Product</a></div><div class="product"><a href="https://www.amazon.com/dp/B0BFCTW7MY?tag=eloabder-20&linkCode=osi&th=1&psc=1"><img src="https://m.media-amazon.com/images/I/31s709IEZkL._SL500_.jpg" alt="Product Image"></a><p>Coffee Filter Holder, watchget Reusable Coffee Paper Filter Storage Bag for Cone-shaped Filter Papers V60 Waterproof Canvas Suitable for Outdoor Camping Traveling(02)</p><p>$11.99</p><a href="https://www.amazon.com/dp/B0BFCTW7MY?tag=eloabder-20&linkCode=osi&th=1&psc=1">View Product</a></div>















<div class="product"><a href="https://www.amazon.com/dp/B00UTFZAII?tag=eloabder-20&linkCode=osi&th=1&psc=1"><img src="https://m.media-amazon.com/images/I/31z7hZ6KbXL._SL500_.jpg" alt="Product Image"></a><p>Miele 10123210 AirClean 3D Efficiency Dust Bag, Type GN, 4 Bags & 2 Filters, White</p><p>$21.86 ($21.86 / Count)</p><a href="https://www.amazon.com/dp/B00UTFZAII?tag=eloabder-20&linkCode=osi&th=1&psc=1">View Product</a></div><div class="product"><a href="https://www.amazon.com/dp/B07WHG6J5S?tag=eloabder-20&linkCode=osi&th=1&psc=1"><img src="https://m.media-amazon.com/images/I/41hnaEOxB9L._SL500_.jpg" alt="Product Image"></a><p>KEEPOW Vacuum Filters for Eureka, Power Speed Vacuum Filters Replacement for Eureka NEU182A, NEU182B, NEU280, NEU180, NEU181, NEU188, NEU202 Bagless Upright Vacuum Cleaner, Part E0202 (4 Pack)</p><p>$9.99 ($2.50 / Count)</p><a href="https://www.amazon.com/dp/B07WHG6J5S?tag=eloabder-20&linkCode=osi&th=1&psc=1">View Product</a></div><div class="product"><a href="https://www.amazon.com/dp/B00UTFZB82?tag=eloabder-20&linkCode=osi&th=1&psc=1"><img src="https://m.media-amazon.com/images/I/41WdlL5T0dL._SL500_.jpg" alt="Product Image"></a><p>Miele AirClean 3D Efficiency Dust Bag, Type FJM, 4 Bags & 2 Filters, White</p><p>$18.99</p><a href="https://www.amazon.com/dp/B00UTFZB82?tag=eloabder-20&linkCode=osi&th=1&psc=1">View Product</a></div><div class="product"><a href="https://www.amazon.com/dp/B09NKP346M?tag=eloabder-20&linkCode=osi&th=1&psc=1"><img src="https://m.media-amazon.com/images/I/41o25nqkODL._SL500_.jpg" alt="Product Image"></a><p>Anewise 6 Pack Filter Replacement for Bissell Powerforce Compact Lightweight Upright 2112 1520 for Bissel Turbo Bagless 2690 Cleanview 3437 3508 Vacuum Cleaner, Compare to Parts #1604896/160-4896</p><p>$12.99</p><a href="https://www.amazon.com/dp/B09NKP346M?tag=eloabder-20&linkCode=osi&th=1&psc=1">View Product</a></div><div class="product"><a href="https://www.amazon.com/dp/B01MQ5NITB?tag=eloabder-20&linkCode=osi&th=1&psc=1"><img src="https://m.media-amazon.com/images/I/41J6lG4H1bL._SL500_.jpg" alt="Product Image"></a><p>Bissell Style 7 3 Pack Vacuum Cleaner Bags, White, 3 Count</p><p>$8.69 ($2.90 / Count)</p><a href="https://www.amazon.com/dp/B01MQ5NITB?tag=eloabder-20&linkCode=osi&th=1&psc=1">View Product</a></div><div class="product"><a href="https://www.amazon.com/dp/B0CDH1JY5D?tag=eloabder-20&linkCode=osi&th=1&psc=1"><img src="https://m.media-amazon.com/images/I/516DPXu4siL._SL500_.jpg" alt="Product Image"></a><p>4 Pack Replacement Filters Compatiable with Wyze Cordless Vacuum Cleaner, Removable and Washable HEPA Filter Accessories Part Set with 1 Cleaning Brush for Wyze Handheld Cordless Vacuum Cleaner</p><p>$15.99 ($4.00 / Count)</p><a href="https://www.amazon.com/dp/B0CDH1JY5D?tag=eloabder-20&linkCode=osi&th=1&psc=1">View Product</a></div><div class="product"><a href="https://www.amazon.com/dp/B07P3WB37F?tag=eloabder-20&linkCode=osi&th=1&psc=1"><img src="https://m.media-amazon.com/images/I/51WaYrkiVXL._SL500_.jpg" alt="Product Image"></a><p>Miele AirClean 3D Efficiency Dust Bag, Type GN, XL Value Pack, 8 Bags and 4 Filters</p><p>$36.99</p><a href="https://www.amazon.com/dp/B07P3WB37F?tag=eloabder-20&linkCode=osi&th=1&psc=1">View Product</a></div><div class="product"><a href="https://www.amazon.com/dp/B09DSY4Z2T?tag=eloabder-20&linkCode=osi&th=1&psc=1"><img src="https://m.media-amazon.com/images/I/51+ref3EeAL._SL500_.jpg" alt="Product Image"></a><p>Filter Replacement for Tineco A10 A11 Hero A10/A11 Master PURE ONE S11 Series, S12, X Cordless Vacuum Cleaner (3 PACK) â€¦</p><p>$12.99 ($4.33 / Count)</p><a href="https://www.amazon.com/dp/B09DSY4Z2T?tag=eloabder-20&linkCode=osi&th=1&psc=1">View Product</a></div>


<div class="product"><a href="https://www.amazon.com/dp/B0BXRR5QFV?tag=eloabder-20&linkCode=osi&th=1&psc=1"><img src="https://m.media-amazon.com/images/I/41sjdBkCp8L._SL500_.jpg" alt="Product Image"></a><p>AC Infinity CLOUDFORGE T7, Plant Humidifier 15L with VPD Humidity Controls, 10-Level Precision Vaporizer, Extendable Hose, Targeting Pipe, and No-Leak Seal for Grow Tents</p><p>$159.00</p><a href="https://www.amazon.com/dp/B0BXRR5QFV?tag=eloabder-20&linkCode=osi&th=1&psc=1">View Product</a></div><div class="product"><a href="https://www.amazon.com/dp/B01N6MV8SA?tag=eloabder-20&linkCode=osi&th=1&psc=1"><img src="https://m.media-amazon.com/images/I/41hX08+W1xL._SL500_.jpg" alt="Product Image"></a><p>Protec Humidifier Tank Cleaner, 1 Count - Colors May Vary</p><p>$5.98</p><a href="https://www.amazon.com/dp/B01N6MV8SA?tag=eloabder-20&linkCode=osi&th=1&psc=1">View Product</a></div><div class="product"><a href="https://www.amazon.com/dp/B07GXBTH82?tag=eloabder-20&linkCode=osi&th=1&psc=1"><img src="https://m.media-amazon.com/images/I/41ibxK12JPL._SL500_.jpg" alt="Product Image"></a><p>Essick Air 1970-2 Humidifier, 2-Quart Bacteriostatic Treatment, 2 Pack, Clear, 2</p><p>$22.99</p><a href="https://www.amazon.com/dp/B07GXBTH82?tag=eloabder-20&linkCode=osi&th=1&psc=1">View Product</a></div><div class="product"><a href="https://www.amazon.com/dp/B08TTT3K9B?tag=eloabder-20&linkCode=osi&th=1&psc=1"><img src="https://m.media-amazon.com/images/I/41U6j9SexmL._SL500_.jpg" alt="Product Image"></a><p>Leemone Humidifier Cleaner 12 Pack, Demineralization Cleaning Ball, Works in All humidifiers and Fish Tanks, Purifies Water, Prevents Hard Water Build-Up, Eliminates White Dust and Odor</p><p>$14.44</p><a href="https://www.amazon.com/dp/B08TTT3K9B?tag=eloabder-20&linkCode=osi&th=1&psc=1">View Product</a></div>
<div class="product"><a href="https://www.amazon.com/dp/B07YD4XCT3?tag=eloabder-20&linkCode=osi&th=1&psc=1"><img src="https://m.media-amazon.com/images/I/41hR81iKyJL._SL500_.jpg" alt="Product Image"></a><p>Vacplus Moisture Absorber Packets, Fragrance Free(10 Pack), Humidity Packs, Hanging Closet Dehumidifier Bags, Desiccant 9.8OZ</p><p>$21.99</p><a href="https://www.amazon.com/dp/B07YD4XCT3?tag=eloabder-20&linkCode=osi&th=1&psc=1">View Product</a></div><div class="product"><a href="https://www.amazon.com/dp/B09LQF5V5K?tag=eloabder-20&linkCode=osi&th=1&psc=1"><img src="https://m.media-amazon.com/images/I/51Cx5ECAotL._SL500_.jpg" alt="Product Image"></a><p>CLEVAST Moisture Absorbers Packets 10 Pack, Dehumidifier Bags for Closet, Unscented Hanging Humidity Absorber in Wardrobes, Bedrooms, Bathrooms(230g/pack)</p><p>$16.98</p><a href="https://www.amazon.com/dp/B09LQF5V5K?tag=eloabder-20&linkCode=osi&th=1&psc=1">View Product</a></div><div class="product"><a href="https://www.amazon.com/dp/B0B8L9QRW8?tag=eloabder-20&linkCode=osi&th=1&psc=1"><img src="https://m.media-amazon.com/images/I/518LgtpPi8L._SL500_.jpg" alt="Product Image"></a><p>Arm & Hammer Essentials Disposable Moisture Absorber and Odor Eliminator Tub, Fragrance Free, 1 lb, 3-Pack, Attracts and Traps Excess Moisture, Ideal Closet Dehumidifier, White</p><p>$24.94 ($0.52 / Ounce)</p><a href="https://www.amazon.com/dp/B0B8L9QRW8?tag=eloabder-20&linkCode=osi&th=1&psc=1">View Product</a></div><div class="product"><a href="https://www.amazon.com/dp/B09W9TPJGZ?tag=eloabder-20&linkCode=osi&th=1&psc=1"><img src="https://m.media-amazon.com/images/I/51pVTVMwHbL._SL500_.jpg" alt="Product Image"></a><p>THECOSKY Dehumidifier and Air Purifier Combo,HEPA H13 Filter and Negative Air Ion Function,54oz(1.6L) Water Tank with Drain Hose,24hrs Auto-Off Timer,Idea for Bedroom,Bathroom,Closet,RV</p><p>$109.99</p><a href="https://www.amazon.com/dp/B09W9TPJGZ?tag=eloabder-20&linkCode=osi&th=1&psc=1">View Product</a></div><div class="product"><a href="https://www.amazon.com/dp/B0CXDG65LZ?tag=eloabder-20&linkCode=osi&th=1&psc=1"><img src="https://m.media-amazon.com/images/I/41HNflmbKHL._SL500_.jpg" alt="Product Image"></a><p>14 x 17.5 x1.75 MERV 13 Replacement Dehumidifier Filter Compatible with Santa Fe Advance90, Advance100, Advance120, Honeywell DR90 & DR120 dehumidifier models, 2 Pack</p><p>$42.99</p><a href="https://www.amazon.com/dp/B0CXDG65LZ?tag=eloabder-20&linkCode=osi&th=1&psc=1">View Product</a></div>
<div class="product"><a href="https://www.amazon.com/dp/B088B921NQ?tag=eloabder-20&linkCode=osi&th=1&psc=1"><img src="https://m.media-amazon.com/images/I/612e4cT3RYL._SL500_.jpg" alt="Product Image"></a><p>ULTTY H13 HEPA Replacement Filter with Medical Coating, True HEPA Filter For R021/ R020 Purifying Fan, Medium</p><p>$29.99</p><a href="https://www.amazon.com/dp/B088B921NQ?tag=eloabder-20&linkCode=osi&th=1&psc=1">View Product</a></div><div class="product"><a href="https://www.amazon.com/dp/B0D2MZ4Y7Z?tag=eloabder-20&linkCode=osi&th=1&psc=1"><img src="https://m.media-amazon.com/images/I/51KgTHizWyL._SL500_.jpg" alt="Product Image"></a><p>Butto 5-Pack Ceiling Fan Filters for Blades - Strong Adhesive Ceiling Fan Filters for Common Household Contaminants - Unscented Coconut Carbon Fan Air Purifier Pads to Make Air Fresh and Natural</p><p>$9.98</p><a href="https://www.amazon.com/dp/B0D2MZ4Y7Z?tag=eloabder-20&linkCode=osi&th=1&psc=1">View Product</a></div><div class="product"><a href="https://www.amazon.com/dp/B0C42HCM21?tag=eloabder-20&linkCode=osi&th=1&psc=1"><img src="https://m.media-amazon.com/images/I/31jk3lpoygL._SL500_.jpg" alt="Product Image"></a><p>Barnakl Ceiling Fan Filters | Activated Coconut Shell Carbon Filter | Easy-Stick Universal Ceiling Fan Air Filters | Unscented Ceiling Fan Blade Filters for Common Household Contaminants, (3-Count)</p><p>$19.99 ($6.66 / Count)</p><a href="https://www.amazon.com/dp/B0C42HCM21?tag=eloabder-20&linkCode=osi&th=1&psc=1">View Product</a></div>
<div class="product"><a href="https://www.amazon.com/dp/B08LZWP29P?tag=eloabder-20&linkCode=osi&th=1&psc=1"><img src="https://m.media-amazon.com/images/I/41NLuzzFW9L._SL500_.jpg" alt="Product Image"></a><p>Chromex Tankless Water Heater Descaling Solution | Highly Effective Descaler Restores Heating Efficiency, Quart, 32 fl oz (1)</p><p>$26.99</p><a href="https://www.amazon.com/dp/B08LZWP29P?tag=eloabder-20&linkCode=osi&th=1&psc=1">View Product</a></div>

<div class="product"><a href="https://www.amazon.com/dp/B005UO4OWQ?tag=eloabder-20&linkCode=osi&th=1&psc=1"><img src="https://m.media-amazon.com/images/I/41oQPKFofoL._SL500_.jpg" alt="Product Image"></a><p>Bissell 203-7458 Brushroll, Bg10/86T3, Black</p><p>$21.26 ($21.26 / Count)</p><a href="https://www.amazon.com/dp/B005UO4OWQ?tag=eloabder-20&linkCode=osi&th=1&psc=1">View Product</a></div>





















<div class="product"><a href="https://www.amazon.com/dp/B0014J7FUY?tag=eloabder-20&linkCode=osi&th=1&psc=1"><img src="https://m.media-amazon.com/images/I/31QrM+IPxOL._SL500_.jpg" alt="Product Image"></a><p>Urnex Grindz Professional Coffee Grinder Cleaning Tablets - 430 Grams - All Natural Food Safe Gluten Free - Cleans Burr and Casing - Help Extend Life of Your Grinder</p><p>$25.99 ($1.71 / Ounce)</p><a href="https://www.amazon.com/dp/B0014J7FUY?tag=eloabder-20&linkCode=osi&th=1&psc=1">View Product</a></div>



<div class="product"><a href="https://www.amazon.com/dp/B0CHW317SG?tag=eloabder-20&linkCode=osi&th=1&psc=1"><img src="https://m.media-amazon.com/images/I/41Qd5Iu3qBL._SL500_.jpg" alt="Product Image"></a><p>EUHOMY 55 Can Beverage Refrigerator cooler-Mini Fridge Glass Door for Beer Drinks Wines, Freestanding Beverage Fridge with Adjustable Shelves Blue LED for Home/Office/Dorm/Bar (1.3cu.ft)</p><p>$128.99</p><a href="https://www.amazon.com/dp/B0CHW317SG?tag=eloabder-20&linkCode=osi&th=1&psc=1">View Product</a></div>

<div class="product"><a href="https://www.amazon.com/dp/B099CN2MRK?tag=eloabder-20&linkCode=osi&th=1&psc=1"><img src="https://m.media-amazon.com/images/I/31CvUCIUX5L._SL500_.jpg" alt="Product Image"></a><p>Genuine PuroAir 240 Replacement Filter - Replacement HEPA Filter for PuroAir 240 Purifier - Captures up to 99% of Pollen, Smoke, Pollen, Dust and Common Household Pollutants</p><p>$48.00</p><a href="https://www.amazon.com/dp/B099CN2MRK?tag=eloabder-20&linkCode=osi&th=1&psc=1">View Product</a></div><div class="product"><a href="https://www.amazon.com/dp/B0055521W0?tag=eloabder-20&linkCode=osi&th=1&psc=1"><img src="https://m.media-amazon.com/images/I/41Hs7ixdyXL._SL500_.jpg" alt="Product Image"></a><p>GermGuardian Filter B HEPA Pure Genuine Air Purifier Replacement Filter, Removes 99.97% of Pollutants for AC4825, AC4300, AC4900, AC4825DLX, AC4850, CDAP4500, AP2200, Black/Yellow, FLT4825</p><p>$17.90 ($17.90 / Count)</p><a href="https://www.amazon.com/dp/B0055521W0?tag=eloabder-20&linkCode=osi&th=1&psc=1">View Product</a></div><div class="product"><a href="https://www.amazon.com/dp/B0BNMYKZPV?tag=eloabder-20&linkCode=osi&th=1&psc=1"><img src="https://m.media-amazon.com/images/I/41-K3mB6KkL._SL500_.jpg" alt="Product Image"></a><p>2 Pack True HEPA KILO Filter Compatible with Afloia KILO, KILOPLUS, KILOPRO, MIRO,MIRO PRO and MORENTO MR-Kilo, Kalo Air Purifier, 360Â° 3-Stage Filtration</p><p>$34.99 ($17.50 / Count)</p><a href="https://www.amazon.com/dp/B0BNMYKZPV?tag=eloabder-20&linkCode=osi&th=1&psc=1">View Product</a></div><div class="product"><a href="https://www.amazon.com/dp/B0D3M4Y9W7?tag=eloabder-20&linkCode=osi&th=1&psc=1"><img src="https://m.media-amazon.com/images/I/41tzW+mkZuL._SL500_.jpg" alt="Product Image"></a><p>Breshair 14 True HEPA Filter Replacement Compatible with PuroAir 240 Air Purifier, 3-in-1 Filtration System with Activated Carbon Filter, 2-Pack</p><p>$31.56 ($15.78 / Count)</p><a href="https://www.amazon.com/dp/B0D3M4Y9W7?tag=eloabder-20&linkCode=osi&th=1&psc=1">View Product</a></div><div class="product"><a href="https://www.amazon.com/dp/B0CB18MVX6?tag=eloabder-20&linkCode=osi&th=1&psc=1"><img src="https://m.media-amazon.com/images/I/519ZmmLOrzL._SL500_.jpg" alt="Product Image"></a><p>2 Pack 3-in-1 H13 True HEPA Replacement Filter Compatible with Pure Enrichment PureZone Air Purifier Part# PEAIRPLG</p><p>$23.99 ($12.00 / Count)</p><a href="https://www.amazon.com/dp/B0CB18MVX6?tag=eloabder-20&linkCode=osi&th=1&psc=1">View Product</a></div><div class="product"><a href="https://www.amazon.com/dp/B08JTZMRML?tag=eloabder-20&linkCode=osi&th=1&psc=1"><img src="https://m.media-amazon.com/images/I/51yx60sCjHL._SL500_.jpg" alt="Product Image"></a><p>6 Pack HPA300 HEPA Filter Replacement for Honeywell HPA300 Series Air Purifiers HPA300, HPA300VP, HPA304, HPA3300, Replace HRF-R3 (6 Ture HEPA R Replacement Filter + 8 Activated Carbon Pre-Filter)</p><p>$47.99 ($3.43 / Count)</p><a href="https://www.amazon.com/dp/B08JTZMRML?tag=eloabder-20&linkCode=osi&th=1&psc=1">View Product</a></div><div class="product"><a href="https://www.amazon.com/dp/B0CF1GLSYS?tag=eloabder-20&linkCode=osi&th=1&psc=1"><img src="https://m.media-amazon.com/images/I/41709EXRzXL._SL500_.jpg" alt="Product Image"></a><p>CHIVALZ 4 Pack HY4866 True HEPA Replacement Filters Compatible with MORENTO HY4866 Air Purifier, WESTHEY HY4866 Air Purifier and YIOU M1 Air Cleaner Purifier, Original Version</p><p>$39.99 ($10.00 / Count)</p><a href="https://www.amazon.com/dp/B0CF1GLSYS?tag=eloabder-20&linkCode=osi&th=1&psc=1">View Product</a></div>







<div class="product"><a href="https://www.amazon.com/dp/B0CYKMFKR9?tag=eloabder-20&linkCode=osi&th=1&psc=1"><img src="https://m.media-amazon.com/images/I/316zU-ozoxL._SL500_.jpg" alt="Product Image"></a><p>Air Purifier Replacement Filter for Space Heater Bladeless Fan</p><p>$29.99</p><a href="https://www.amazon.com/dp/B0CYKMFKR9?tag=eloabder-20&linkCode=osi&th=1&psc=1">View Product</a></div>
<div class="product"><a href="https://www.amazon.com/dp/B07MRH6VY7?tag=eloabder-20&linkCode=osi&th=1&psc=1"><img src="https://m.media-amazon.com/images/I/51g-nuN4A5L._SL500_.jpg" alt="Product Image"></a><p>Colorfullife Replacement Air Purifier Filter for Dyson Tower Purifier Pure Cool Link TP01, TP02, TP03, BP01, Compare to Part 968126-03ï¼Œ2 Pack</p><p>$26.99</p><a href="https://www.amazon.com/dp/B07MRH6VY7?tag=eloabder-20&linkCode=osi&th=1&psc=1">View Product</a></div><div class="product"><a href="https://www.amazon.com/dp/B07TX5SW7J?tag=eloabder-20&linkCode=osi&th=1&psc=1"><img src="https://m.media-amazon.com/images/I/512Kn+cPglL._SL500_.jpg" alt="Product Image"></a><p>TP01 HEPA Filter Replacement Compatible with Dyson Tower Purifier Pure Cool Link TP01, TP02, TP03, AM11, BP01 Models, Compare to Part # 968126-03 (Pack of 2)</p><p>$27.95 ($13.98 / Count)</p><a href="https://www.amazon.com/dp/B07TX5SW7J?tag=eloabder-20&linkCode=osi&th=1&psc=1">View Product</a></div><div class="product"><a href="https://www.amazon.com/dp/B0CC24GZGB?tag=eloabder-20&linkCode=osi&th=1&psc=1"><img src="https://m.media-amazon.com/images/I/41woNpZ9VgL._SL500_.jpg" alt="Product Image"></a><p>TP01 TP02 Filter Compatible with Dyson Pure Cool Link Purifying Tower Fan TP00 TP03 AM11 and Cool Me BP01 Personal Series, 360Â° Air Purifier Filter Replacement 968126-03, 1-Pack</p><p>$25.99</p><a href="https://www.amazon.com/dp/B0CC24GZGB?tag=eloabder-20&linkCode=osi&th=1&psc=1">View Product</a></div><div class="product"><a href="https://www.amazon.com/dp/B0CX23N2JJ?tag=eloabder-20&linkCode=osi&th=1&psc=1"><img src="https://m.media-amazon.com/images/I/3145hmd5j7L._SL500_.jpg" alt="Product Image"></a><p>Dreo Air Purifiers Replacement Filter, HEPA Filter for Dreo Purifier Tower Fan MC710S, with 2 Stage Filtration, Black, Standard(DR-HPA019)</p><p>$39.99</p><a href="https://www.amazon.com/dp/B0CX23N2JJ?tag=eloabder-20&linkCode=osi&th=1&psc=1">View Product</a></div>










<div class="product"><a href="https://www.amazon.com/dp/B001U0OJ7O?tag=eloabder-20&linkCode=osi&th=1&psc=1"><img src="https://m.media-amazon.com/images/I/41XEg3QV-wL._SL500_.jpg" alt="Product Image"></a><p>Whirlpool W10165294RB 15-Inch Plastic Trash Compactor ct, 60 Bags, Count</p><p>$48.34</p><a href="https://www.amazon.com/dp/B001U0OJ7O?tag=eloabder-20&linkCode=osi&th=1&psc=1">View Product</a></div><div class="product"><a href="https://www.amazon.com/dp/B0CC3V4ZZ4?tag=eloabder-20&linkCode=osi&th=1&psc=1"><img src="https://m.media-amazon.com/images/I/31bbvodHnjL._SL500_.jpg" alt="Product Image"></a><p>Waste Smasher- Hand-Held Manual Trash Compactor Dishwasher Safe Black</p><p>$24.95</p><a href="https://www.amazon.com/dp/B0CC3V4ZZ4?tag=eloabder-20&linkCode=osi&th=1&psc=1">View Product</a></div><div class="product"><a href="https://www.amazon.com/dp/B00IYO5914?tag=eloabder-20&linkCode=osi&th=1&psc=1"><img src="https://m.media-amazon.com/images/I/51SLpTXIYNL._SL500_.jpg" alt="Product Image"></a><p>Kitchen Master Super Strong Compactor Bags Pre Cuffed (12 Pack)</p><p>$34.95</p><a href="https://www.amazon.com/dp/B00IYO5914?tag=eloabder-20&linkCode=osi&th=1&psc=1">View Product</a></div><div class="product"><a href="https://www.amazon.com/dp/B075DJ4ZVQ?tag=eloabder-20&linkCode=osi&th=1&psc=1"><img src="https://m.media-amazon.com/images/I/51Vaek4I89L._SL500_.jpg" alt="Product Image"></a><p>Dano Pre-Cuffed Compactor Bags</p><p>$32.95 ($2.75 / Count)</p><a href="https://www.amazon.com/dp/B075DJ4ZVQ?tag=eloabder-20&linkCode=osi&th=1&psc=1">View Product</a></div><div class="product"><a href="https://www.amazon.com/dp/B0C2DCVCBJ?tag=eloabder-20&linkCode=osi&th=1&psc=1"><img src="https://m.media-amazon.com/images/I/51072CtaKuL._SL500_.jpg" alt="Product Image"></a><p>60-pack W10165294RB Trash Compactor Bags - leak-proof trash compactor bags for kitchen 60-ct 15 inches - Fits 15-inch Rectangular Drawer Compactors</p><p>$45.99 ($0.77 / Count)</p><a href="https://www.amazon.com/dp/B0C2DCVCBJ?tag=eloabder-20&linkCode=osi&th=1&psc=1">View Product</a></div><div class="product"><a href="https://www.amazon.com/dp/B001U0OJ7E?tag=eloabder-20&linkCode=osi&th=1&psc=1"><img src="https://m.media-amazon.com/images/I/41c0z26RyvL._SL500_.jpg" alt="Product Image"></a><p>Whirlpool W10165293RB Genuine OEM 60 Pack-Plastic Compactor Bags-18" Models â€“ 1394369, 4178058, 4318932, 4318933, 4318935, 4318937, 4318939, AH1964576, EA1964576, PS1964576</p><p>$48.64 ($0.81 / Count)</p><a href="https://www.amazon.com/dp/B001U0OJ7E?tag=eloabder-20&linkCode=osi&th=1&psc=1">View Product</a></div><div class="product"><a href="https://www.amazon.com/dp/B00W27J16S?tag=eloabder-20&linkCode=osi&th=1&psc=1"><img src="https://m.media-amazon.com/images/I/41RaOjAGlrL._SL500_.jpg" alt="Product Image"></a><p>Compactor Bags Pre Cuffed (50 Pack)</p><p>$84.95 ($1.70 / count)</p><a href="https://www.amazon.com/dp/B00W27J16S?tag=eloabder-20&linkCode=osi&th=1&psc=1">View Product</a></div><div class="product"><a href="https://www.amazon.com/dp/B00MOCYY2W?tag=eloabder-20&linkCode=osi&th=1&psc=1"><img src="https://m.media-amazon.com/images/I/41SH8mDsAnL._SL500_.jpg" alt="Product Image"></a><p>GE WX60X1 Genuine OEM Universal Trash Compactor Bags for GE Trash Compactors</p><p>$19.00</p><a href="https://www.amazon.com/dp/B00MOCYY2W?tag=eloabder-20&linkCode=osi&th=1&psc=1">View Product</a></div><div class="product"><a href="https://www.amazon.com/dp/B0D7SFSTNG?tag=eloabder-20&linkCode=osi&th=1&psc=1"><img src="https://m.media-amazon.com/images/I/41szt9tZJPL._SL500_.jpg" alt="Product Image"></a><p>4PCS Trash Compactor Charcoal Air Filter Fit for Whirlpool/KitchenAid/Maytag/Jenn-Air/Amana/Inglis/Magic Chef Trash Compactor, Replaces 4151750 554358 WP4151750 AP6009134 PS11742279</p><p>$23.59 ($5.90 / Count)</p><a href="https://www.amazon.com/dp/B0D7SFSTNG?tag=eloabder-20&linkCode=osi&th=1&psc=1">View Product</a></div>
<div class="product"><a href="https://www.amazon.com/dp/B0CGLX5ZB9?tag=eloabder-20&linkCode=osi&th=1&psc=1"><img src="https://m.media-amazon.com/images/I/51qeRZQS98L._SL500_.jpg" alt="Product Image"></a><p>Spare Replacement Parts Compatible with MAMNV BR150 BR151, ZCWA BR150 BR151, MANVINS G20 Robot Vacuum and Mop Combo Accessories Include: 3 Hepa Filters 3 Mop Pads 6 Side Spin Brushes</p><p>$9.98</p><a href="https://www.amazon.com/dp/B0CGLX5ZB9?tag=eloabder-20&linkCode=osi&th=1&psc=1">View Product</a></div><div class="product"><a href="https://www.amazon.com/dp/B0B28DGZBG?tag=eloabder-20&linkCode=osi&th=1&psc=1"><img src="https://m.media-amazon.com/images/I/51ooMN4RqML._SL500_.jpg" alt="Product Image"></a><p>Replacement Parts for Shark AI AV2511AE AV2501S AV2610WA AV2501AE RV2502AE RV2610WA RV2520 AV2510 2-In-1 AI Ultra Robot Vacuum Cleaner Accessories Kits. Main Brush, HEPA Filter, Foam Filter,Side Brush</p><p>$19.99 ($1.05 / Count)</p><a href="https://www.amazon.com/dp/B0B28DGZBG?tag=eloabder-20&linkCode=osi&th=1&psc=1">View Product</a></div><div class="product"><a href="https://www.amazon.com/dp/B0782T7L6P?tag=eloabder-20&linkCode=osi&th=1&psc=1"><img src="https://m.media-amazon.com/images/I/41hTVkuzMJL._SL500_.jpg" alt="Product Image"></a><p>10pcs HEPA Filters Replacement for ILIFE V3s V3s pro V5 V5s V5s Pro V5s Pro 2 V5s Plus Noisz S5 Robotic Vacuum Cleaner ILIFE V3s pro Filters ILIFE Robot Vacuum Filter</p><p>$9.80 ($0.98 / Count)</p><a href="https://www.amazon.com/dp/B0782T7L6P?tag=eloabder-20&linkCode=osi&th=1&psc=1">View Product</a></div><div class="product"><a href="https://www.amazon.com/dp/B0CXLVHTTC?tag=eloabder-20&linkCode=osi&th=1&psc=1"><img src="https://m.media-amazon.com/images/I/51BT3phYzKL._SL500_.jpg" alt="Product Image"></a><p>HUIZHEN Spare Accessories for MAMNV BR150/BR151, for ZCWA BR150/BR151, for MANVINS G20,for GTTVO BR150/BR151,for ONSON BR150/BR151 Robot Vacuum Replacement Parts,6 Side Brush,4 HEPA Filters,4 Mop Pads</p><p>$9.99</p><a href="https://www.amazon.com/dp/B0CXLVHTTC?tag=eloabder-20&linkCode=osi&th=1&psc=1">View Product</a></div><div class="product"><a href="https://www.amazon.com/dp/B08RYDDQL8?tag=eloabder-20&linkCode=osi&th=1&psc=1"><img src="https://m.media-amazon.com/images/I/314Xd7+oBXL._SL500_.jpg" alt="Product Image"></a><p>AirClean 4 Pack 3.7" High Replacement Base Pre-Motor Foam Filters Compatible with Shark IQ Robot Vacuum R101AE RV1001AE UR1005AE Self-Empty Base</p><p>$12.99 ($3.25 / Count)</p><a href="https://www.amazon.com/dp/B08RYDDQL8?tag=eloabder-20&linkCode=osi&th=1&psc=1">View Product</a></div><div class="product"><a href="https://www.amazon.com/dp/B0CJLHJ557?tag=eloabder-20&linkCode=osi&th=1&psc=1"><img src="https://m.media-amazon.com/images/I/41iQm8hUjiL._SL500_.jpg" alt="Product Image"></a><p>Replacement Parts Compatible with WYZE Robot Vacuum Cleaner WVCR200S Accessories, 2 Main Brushes, 6 Hepa Filters, 8 Side Brushes Attachment Spare Pack</p><p>$14.99 ($0.94 / Count)</p><a href="https://www.amazon.com/dp/B0CJLHJ557?tag=eloabder-20&linkCode=osi&th=1&psc=1">View Product</a></div>
<div class="product"><a href="https://www.amazon.com/dp/B0C4595Q8P?tag=eloabder-20&linkCode=osi&th=1&psc=1"><img src="https://m.media-amazon.com/images/I/51k23SAtRxL._SL500_.jpg" alt="Product Image"></a><p>4 Pack FSV001 HEPA Filter Compatiable with Fabuletta FSV101, FSV001, Girnoor G160&G165, Afoddon A300, Lubluelu 202, Oraimo Cordless Vacuum Cleaner, Besswin W26 Cordless Stick Vacuum Cleaners</p><p>$15.99 ($4.00 / Count)</p><a href="https://www.amazon.com/dp/B0C4595Q8P?tag=eloabder-20&linkCode=osi&th=1&psc=1">View Product</a></div>
<div class="product"><a href="https://www.amazon.com/dp/B0BNKJX96X?tag=eloabder-20&linkCode=osi&th=1&psc=1"><img src="https://m.media-amazon.com/images/I/41OPeLFppoL._SL500_.jpg" alt="Product Image"></a><p>6 PACK 2033 Replacement Filter Compatible with Bissell Featherweight Stick Lightweight Bagless Vacuum Cleaner 20331, 20333, 20334, 20336, 20339, 2033M,6 Mesh Filter 6 Foam Filters, Replace # 1611508</p><p>$14.99 ($2.50 / Count)</p><a href="https://www.amazon.com/dp/B0BNKJX96X?tag=eloabder-20&linkCode=osi&th=1&psc=1">View Product</a></div><div class="product"><a href="https://www.amazon.com/dp/B0CMBWLTSM?tag=eloabder-20&linkCode=osi&th=1&psc=1"><img src="https://m.media-amazon.com/images/I/41PHqKaLTDL._SL500_.jpg" alt="Product Image"></a><p>18V ONE + Cordless Pet Stick Vacuum Filter for Ryobi, PCL720, PBLSV716, PBLSV717 Stick Vacuum, Reusable Washable Filters, Compare to Part A32SV720N, 6 Pack</p><p>$15.99 ($2.66 / Count)</p><a href="https://www.amazon.com/dp/B0CMBWLTSM?tag=eloabder-20&linkCode=osi&th=1&psc=1">View Product</a></div><div class="product"><a href="https://www.amazon.com/dp/B0CXDYWWT9?tag=eloabder-20&linkCode=osi&th=1&psc=1"><img src="https://m.media-amazon.com/images/I/41F1csTT8jL._SL500_.jpg" alt="Product Image"></a><p>2 Replacement Filters for Craftsman V20 Cordless Stick Vacuum CMCVS001D1, for Black Decker BSVF1 BSV2020 BSV2020G BSV2020P Cordless Stick Vacuum Cleaner with 1 Cleaning Brush</p><p>$14.99</p><a href="https://www.amazon.com/dp/B0CXDYWWT9?tag=eloabder-20&linkCode=osi&th=1&psc=1">View Product</a></div><div class="product"><a href="https://www.amazon.com/dp/B0CCJ5N5DH?tag=eloabder-20&linkCode=osi&th=1&psc=1"><img src="https://m.media-amazon.com/images/I/41xmhDPqk8L._SL500_.jpg" alt="Product Image"></a><p>Aolleteau 1 Pack Brush Roller Compatible with Black + Decker BSV2020, BSV2020P, BSV2020G Powerseries Extreme Cordless Stick Vacuum and Compatible with Craftsman V20 Cordless Stick Vacuum CMCVS001D1</p><p>$17.99</p><a href="https://www.amazon.com/dp/B0CCJ5N5DH?tag=eloabder-20&linkCode=osi&th=1&psc=1">View Product</a></div><div class="product"><a href="https://www.amazon.com/dp/B0CQY61LFD?tag=eloabder-20&linkCode=osi&th=1&psc=1"><img src="https://m.media-amazon.com/images/I/31swBBC444L._SL500_.jpg" alt="Product Image"></a><p>Tablenco for Shark HZ602 Filter Replacement Ultralight Pet Pro Corded Stick Vacuum and HZ2002 Vertex DuoClean PowerFins fit HZ2000 HZ251 HZ250 HH200 HH202,4 Foam Felt 4 Motor Kit (No cleaning brush)</p><p>$9.98</p><a href="https://www.amazon.com/dp/B0CQY61LFD?tag=eloabder-20&linkCode=osi&th=1&psc=1">View Product</a></div><div class="product"><a href="https://www.amazon.com/dp/B09Q55KW8W?tag=eloabder-20&linkCode=osi&th=1&psc=1"><img src="https://m.media-amazon.com/images/I/51MKsJy6nSL._SL500_.jpg" alt="Product Image"></a><p>Anicell 2033 Featherweight Filter for Bissell Featherweight Stick Lightweight Bagless Vacuum 20331 20333 20334 20336 20339 2033M, 4 Mesh Filters 6 Foam Filters Replacement, Replace part# 1611508</p><p>$11.99</p><a href="https://www.amazon.com/dp/B09Q55KW8W?tag=eloabder-20&linkCode=osi&th=1&psc=1">View Product</a></div><div class="product"><a href="https://www.amazon.com/dp/B0CDVG7LHD?tag=eloabder-20&linkCode=osi&th=1&psc=1"><img src="https://m.media-amazon.com/images/I/41hjN1Te6sL._SL500_.jpg" alt="Product Image"></a><p>Moreffi 3 Pack Filter Replacement For HART Cordless Stick Vacuum HPSV01 and HPSV50, Compare to Part Number HASV01</p><p>$19.99 ($6.66 / Count)</p><a href="https://www.amazon.com/dp/B0CDVG7LHD?tag=eloabder-20&linkCode=osi&th=1&psc=1">View Product</a></div>
<div class="product"><a href="https://www.amazon.com/dp/B07DQ9TZC8?tag=eloabder-20&linkCode=osi&th=1&psc=1"><img src="https://m.media-amazon.com/images/I/41PHyZ20FuL._SL500_.jpg" alt="Product Image"></a><p>Kenmore 53294 Style O HEPA Cloth Vacuum Bags for Kenmore Upright Vacuum Cleaners 6 Pack,White</p><p>$20.99 ($3.50 / Count)</p><a href="https://www.amazon.com/dp/B07DQ9TZC8?tag=eloabder-20&linkCode=osi&th=1&psc=1">View Product</a></div><div class="product"><a href="https://www.amazon.com/dp/B08MXVTTT2?tag=eloabder-20&linkCode=osi&th=1&psc=1"><img src="https://m.media-amazon.com/images/I/41T6wRpIMzL._SL500_.jpg" alt="Product Image"></a><p>Kenmore IB600 HEPA Replacement Intuition Upright Vacuum Cleaner Bags for BU4022, BU4020, BU4018, BU4050, BU3040,White</p><p>$18.75</p><a href="https://www.amazon.com/dp/B08MXVTTT2?tag=eloabder-20&linkCode=osi&th=1&psc=1">View Product</a></div><div class="product"><a href="https://www.amazon.com/dp/B01010JVYO?tag=eloabder-20&linkCode=osi&th=1&psc=1"><img src="https://m.media-amazon.com/images/I/51Anluh47GL._SL500_.jpg" alt="Product Image"></a><p>EnviroCare Replacement Micro Filtration Vacuum Cleaner Dust Bags Designed to fit Hoover Windtunnel Upright Type Y 9 pack</p><p>$9.89 ($1.10 / Count)</p><a href="https://www.amazon.com/dp/B01010JVYO?tag=eloabder-20&linkCode=osi&th=1&psc=1">View Product</a></div><div class="product"><a href="https://www.amazon.com/dp/B0D5CP3WBY?tag=eloabder-20&linkCode=osi&th=1&psc=1"><img src="https://m.media-amazon.com/images/I/31MaGmsVOwL._SL500_.jpg" alt="Product Image"></a><p>Bagless Upright Kenmore Vacuum HEPA Filters, Compatible with Foam Filters, Felt Filters and Upright vacuum cleaner for Models K4010,DU2015,DU2012(includes 1 Hepa Filters,2 Foam and 2 Felt Filters)</p><p>$12.99</p><a href="https://www.amazon.com/dp/B0D5CP3WBY?tag=eloabder-20&linkCode=osi&th=1&psc=1">View Product</a></div><div class="product"><a href="https://www.amazon.com/dp/B0CBFV28WX?tag=eloabder-20&linkCode=osi&th=1&psc=1"><img src="https://m.media-amazon.com/images/I/51LIYI0wXSL._SL500_.jpg" alt="Product Image"></a><p>16 Packs Vacuum Bags for Oreck Type CC, Compatible with All Oreck XL Upright Vacuum Cleaner - Replaces Part # CCPK8DW</p><p>$21.99 ($1.37 / Count)</p><a href="https://www.amazon.com/dp/B0CBFV28WX?tag=eloabder-20&linkCode=osi&th=1&psc=1">View Product</a></div><div class="product"><a href="https://www.amazon.com/dp/B00F9GQMHA?tag=eloabder-20&linkCode=osi&th=1&psc=1"><img src="https://m.media-amazon.com/images/I/51lhelurelL._SL500_.jpg" alt="Product Image"></a><p>EnviroCare Replacement Premium Vacuum Cleaner Dust Bags made to fit Eureka F&G Uprights 9 bags</p><p>$11.09</p><a href="https://www.amazon.com/dp/B00F9GQMHA?tag=eloabder-20&linkCode=osi&th=1&psc=1">View Product</a></div><div class="product"><a href="https://www.amazon.com/dp/B002CI8G1I?tag=eloabder-20&linkCode=osi&th=1&psc=1"><img src="https://m.media-amazon.com/images/I/51PYQrQpbSL._SL500_.jpg" alt="Product Image"></a><p>EnviroCare Replacement Micro Filtration Vacuum Cleaner Dust Bags made to fit Kenmore Upright Type U/L/O 50688 and 50690, Panasonic Type U-2, Miele Type Z. 9 pack</p><p>$9.99</p><a href="https://www.amazon.com/dp/B002CI8G1I?tag=eloabder-20&linkCode=osi&th=1&psc=1">View Product</a></div>
<div class="product"><a href="https://www.amazon.com/dp/B07GNQJ67P?tag=eloabder-20&linkCode=osi&th=1&psc=1"><img src="https://m.media-amazon.com/images/I/41XHnKbgjAL._SL500_.jpg" alt="Product Image"></a><p>Kenmore 53292 Type Q HEPA Replacement Dust Bags for Canister Vacuum 81214, 81414, 81714, 21814, BC2005, BC3005, 81615, BC7005, 6 Count (Pack of 1)</p><p>$13.24 ($2.21 / Count)</p><a href="https://www.amazon.com/dp/B07GNQJ67P?tag=eloabder-20&linkCode=osi&th=1&psc=1">View Product</a></div><div class="product"><a href="https://www.amazon.com/dp/B01L0C0FVK?tag=eloabder-20&linkCode=osi&th=1&psc=1"><img src="https://m.media-amazon.com/images/I/51ZIjbo9NVL._SL500_.jpg" alt="Product Image"></a><p>Envirocare Replacement Vacuum Bags Compatible with Kenmore Canister Type C/Q. 5055, 50557 and 50558 Panasonic Type C-5 Vacuums,15 pack</p><p>$16.16</p><a href="https://www.amazon.com/dp/B01L0C0FVK?tag=eloabder-20&linkCode=osi&th=1&psc=1">View Product</a></div><div class="product"><a href="https://www.amazon.com/dp/B0BTRTP2PM?tag=eloabder-20&linkCode=osi&th=1&psc=1"><img src="https://m.media-amazon.com/images/I/41K295aRv9L._SL500_.jpg" alt="Product Image"></a><p>Vacuum Cleaner Bags Fit for Kenmore Canister Type C/Q 50555 50557 50558 and Type C-5, 10PCs</p><p>$15.99</p><a href="https://www.amazon.com/dp/B0BTRTP2PM?tag=eloabder-20&linkCode=osi&th=1&psc=1">View Product</a></div><div class="product"><a href="https://www.amazon.com/dp/B0CRQYGLZX?tag=eloabder-20&linkCode=osi&th=1&psc=1"><img src="https://m.media-amazon.com/images/I/413iXp+j3ML._SL500_.jpg" alt="Product Image"></a><p>15 Pack Canister Vacuum Cleaner Bags Compatible with Kenmore Canister Type C/Q 5055, 50555, 50557, 50558 and Type C-5, C-18, 53292, 200 Series, 400 Series, 600 Series, 700 Series, 800 Series Vacuum</p><p>$11.69</p><a href="https://www.amazon.com/dp/B0CRQYGLZX?tag=eloabder-20&linkCode=osi&th=1&psc=1">View Product</a></div><div class="product"><a href="https://www.amazon.com/dp/B00QGD3SBI?tag=eloabder-20&linkCode=osi&th=1&psc=1"><img src="https://m.media-amazon.com/images/I/51xw0asyqTL._SL500_.jpg" alt="Product Image"></a><p>EnviroCare Replacement Vacuum Bags made to fit Kenmore Canister Type C or Q 50555, 50558, 50557 and Panasonic Type C-5 Vacuums, 9 pack</p><p>$9.79</p><a href="https://www.amazon.com/dp/B00QGD3SBI?tag=eloabder-20&linkCode=osi&th=1&psc=1">View Product</a></div><div class="product"><a href="https://www.amazon.com/dp/B0CQP9NP5N?tag=eloabder-20&linkCode=osi&th=1&psc=1"><img src="https://m.media-amazon.com/images/I/41WnNkTz8zL._SL500_.jpg" alt="Product Image"></a><p>8 Pack Replacement Vacuum Bags Compatible with Kenmore Canister Type C/Q. 5055, 50104, 50557 and 50558 Panasonic Type C-5 Vacuums</p><p>$9.99 ($1.25 / Count)</p><a href="https://www.amazon.com/dp/B0CQP9NP5N?tag=eloabder-20&linkCode=osi&th=1&psc=1">View Product</a></div>
<div class="product"><a href="https://www.amazon.com/dp/B09M3Y2BHR?tag=eloabder-20&linkCode=osi&th=1&psc=1"><img src="https://m.media-amazon.com/images/I/31tevngai1L._SL500_.jpg" alt="Product Image"></a><p>Ymimi Vacuum Filter Compatible with Eureka WhirlWind Bagless Canister Vacuum Cleaner,Fits NEN110A,NEN110B,NEN110Dï¼ˆ2-Packï¼‰</p><p>$11.99 ($6.00 / Count)</p><a href="https://www.amazon.com/dp/B09M3Y2BHR?tag=eloabder-20&linkCode=osi&th=1&psc=1">View Product</a></div><div class="product"><a href="https://www.amazon.com/dp/B07J1WWBHN?tag=eloabder-20&linkCode=osi&th=1&psc=1"><img src="https://m.media-amazon.com/images/I/51gmkDrnR2L._SL500_.jpg" alt="Product Image"></a><p>Bissell Powerforce Helix Bagless Washable Premotor Filter #1608225, Black</p><p>$7.78</p><a href="https://www.amazon.com/dp/B07J1WWBHN?tag=eloabder-20&linkCode=osi&th=1&psc=1">View Product</a></div><div class="product"><a href="https://www.amazon.com/dp/B0BK64TMMK?tag=eloabder-20&linkCode=osi&th=1&psc=1"><img src="https://m.media-amazon.com/images/I/41OBMvET7eL._SL500_.jpg" alt="Product Image"></a><p>Vacuum Belt Replacement for Bissell Cleanview Swivel Pet Upright Bagless/Powerlifter Vacuum Cleaner, fits model: 2252, 2254, 22543, 2258,2259, 2260,2316, 2739, 1793, Parts # 3031120, 32074</p><p>$6.99</p><a href="https://www.amazon.com/dp/B0BK64TMMK?tag=eloabder-20&linkCode=osi&th=1&psc=1">View Product</a></div><div class="product"><a href="https://www.amazon.com/dp/B0BKKL3WRB?tag=eloabder-20&linkCode=osi&th=1&psc=1"><img src="https://m.media-amazon.com/images/I/410jMe-FjIL._SL500_.jpg" alt="Product Image"></a><p>Aolleteau F1 HEPA Filter Compatible with Dirt Devil Bagless Upright Cleaner Models Extra Lite, Breeze, Featherlite Bagless, Jaguar Bagless,Platinum Force Vision, Scorpion and Vision Bagless (2 Pack)</p><p>$13.99 ($7.00 / Count)</p><a href="https://www.amazon.com/dp/B0BKKL3WRB?tag=eloabder-20&linkCode=osi&th=1&psc=1">View Product</a></div><div class="product"><a href="https://www.amazon.com/dp/B09SG1P4WN?tag=eloabder-20&linkCode=osi&th=1&psc=1"><img src="https://m.media-amazon.com/images/I/51+Mr+Wq5ML._SL500_.jpg" alt="Product Image"></a><p>NEN110A Vacuum Filter, Inlet Frame and Sponge Filter Compatible with Eureka Whirlwind Bagless Canister Vacuum Cleaner, Fits NEN110A, NEN110B, NEN110D(4-Pack)</p><p>$15.99 ($4.00 / Count)</p><a href="https://www.amazon.com/dp/B09SG1P4WN?tag=eloabder-20&linkCode=osi&th=1&psc=1">View Product</a></div>
<div class="product"><a href="https://www.amazon.com/dp/B07GT9VB9X?tag=eloabder-20&linkCode=osi&th=1&psc=1"><img src="https://m.media-amazon.com/images/I/41IokheYtNL._SL500_.jpg" alt="Product Image"></a><p>6 Pack 1940 Bissell Steam Mop Pads for Bissell PowerFresh Steam Mop 1806 1544 1440 2075A 2685A 1940W 19404 Series, Model 19402 19408 1940a 1940f 1940q 1940t B0006 B0017, Part #5938#203-2633</p><p>$16.99 ($2.83 / Count)</p><a href="https://www.amazon.com/dp/B07GT9VB9X?tag=eloabder-20&linkCode=osi&th=1&psc=1">View Product</a></div><div class="product"><a href="https://www.amazon.com/dp/B07H3MYZLD?tag=eloabder-20&linkCode=osi&th=1&psc=1"><img src="https://m.media-amazon.com/images/I/511p6MPxQ0L._SL500_.jpg" alt="Product Image"></a><p>Flammi Steam Pocket Mop Replacement Pads for Shark S3500 Series S3501 S3601 S3550 S3901 SE450 S3801CO S3601D S2901 S2902 Steam Pocket Mop, 4 Pack</p><p>$16.97 ($4.24 / Count)</p><a href="https://www.amazon.com/dp/B07H3MYZLD?tag=eloabder-20&linkCode=osi&th=1&psc=1">View Product</a></div><div class="product"><a href="https://www.amazon.com/dp/B0C8SH97HN?tag=eloabder-20&linkCode=osi&th=1&psc=1"><img src="https://m.media-amazon.com/images/I/31Mex4y7odL._SL500_.jpg" alt="Product Image"></a><p>HOMEXCEL Steam Mop Replacement Pads Compatible with Bissell Powerfresh Steam Mop 1940 1806 1440 1544 Series, Model 19402 19404 19408 2685A 2075A 1940A 1940Q 1940T 1940W, Steam Mop Pads Refills,4 Pack</p><p>$9.99 ($2.50 / Count)</p><a href="https://www.amazon.com/dp/B0C8SH97HN?tag=eloabder-20&linkCode=osi&th=1&psc=1">View Product</a></div><div class="product"><a href="https://www.amazon.com/dp/B0BFWTXS33?tag=eloabder-20&linkCode=osi&th=1&psc=1"><img src="https://m.media-amazon.com/images/I/51pa2h7o0EL._SL500_.jpg" alt="Product Image"></a><p>12 Pack 1940 Steam Mop Replacement Pads for Bissell Powerfresh Steam Mop 1940 1440 1806 1544 2075 2685A 2814 Series, Model 19402 19404 19408 19409 1940A 1940F 1940Q 1940T 1940W B0006 B0017 2075A 15441</p><p>$24.99</p><a href="https://www.amazon.com/dp/B0BFWTXS33?tag=eloabder-20&linkCode=osi&th=1&psc=1">View Product</a></div><div class="product"><a href="https://www.amazon.com/dp/B0CLP5QGTY?tag=eloabder-20&linkCode=osi&th=1&psc=1"><img src="https://m.media-amazon.com/images/I/414HqpKde9L._SL500_.jpg" alt="Product Image"></a><p>10 Pack 1940 1806 2685A Steam Mop Pads For Bissell Powerfresh Steam Mop Deluxe Pet Lift-Off Plus Slim Scrubbing Steam Mop Replacement Pad 1940A 2814 1544A 2075A Power Fresh Steamer Pad Refill Washable</p><p>$22.99 ($2.30 / Count)</p><a href="https://www.amazon.com/dp/B0CLP5QGTY?tag=eloabder-20&linkCode=osi&th=1&psc=1">View Product</a></div><div class="product"><a href="https://www.amazon.com/dp/B078BBKBPV?tag=eloabder-20&linkCode=osi&th=1&psc=1"><img src="https://m.media-amazon.com/images/I/51WcJqtOUIL._SL500_.jpg" alt="Product Image"></a><p>Tidy Monster Steam Mop Replacement Pads Compatible with Bissell Powerfresh Steam Mop 1940 1806 1544 1440 2075A 2685A Series, Part # 5938 & 203-2633, 1606668 & 1606669 (4 Pack Scrub Plush)</p><p>$9.99</p><a href="https://www.amazon.com/dp/B078BBKBPV?tag=eloabder-20&linkCode=osi&th=1&psc=1">View Product</a></div><div class="product"><a href="https://www.amazon.com/dp/B00A6G37SU?tag=eloabder-20&linkCode=osi&th=1&psc=1"><img src="https://m.media-amazon.com/images/I/51xo0LB-SpL._SL500_.jpg" alt="Product Image"></a><p>BISSELL PowerFresh Steam Mop Pads (Pack of 2) with Fragrance discs (4 ct), 5938</p><p>$21.26 ($10.63 / Count)</p><a href="https://www.amazon.com/dp/B00A6G37SU?tag=eloabder-20&linkCode=osi&th=1&psc=1">View Product</a></div>
<div class="product"><a href="https://www.amazon.com/dp/B0D2QFVY7H?tag=eloabder-20&linkCode=osi&th=1&psc=1"><img src="https://m.media-amazon.com/images/I/417B7H+vvML._SL500_.jpg" alt="Product Image"></a><p>Kenmore KS1010 Deep Clean & Revitalize Pet Carpet Cleaner Formula, 64 oz, White, 64 Fl Oz</p><p>$22.73 ($0.36 / Fl Oz)</p><a href="https://www.amazon.com/dp/B0D2QFVY7H?tag=eloabder-20&linkCode=osi&th=1&psc=1">View Product</a></div><div class="product"><a href="https://www.amazon.com/dp/B0BNK8ZJJ1?tag=eloabder-20&linkCode=osi&th=1&psc=1"><img src="https://m.media-amazon.com/images/I/51z0Pc4xcNL._SL500_.jpg" alt="Product Image"></a><p>Bissell Spotlifter Pet Carpet and Upholstery Cleaner with Brush Head - 4 Pack, 93523</p><p>$23.88 ($0.50 / Fl Oz)</p><a href="https://www.amazon.com/dp/B0BNK8ZJJ1?tag=eloabder-20&linkCode=osi&th=1&psc=1">View Product</a></div><div class="product"><a href="https://www.amazon.com/dp/B0CX245D26?tag=eloabder-20&linkCode=osi&th=1&psc=1"><img src="https://m.media-amazon.com/images/I/411CSXvvO1L._SL500_.jpg" alt="Product Image"></a><p>BISSELLÂ® Spot & Stain with Febreze + Gain Original Scent Formula for Little Green Devices, Portable Carpet Cleaners (3968)</p><p>$12.99 ($0.41 / Fl Oz)</p><a href="https://www.amazon.com/dp/B0CX245D26?tag=eloabder-20&linkCode=osi&th=1&psc=1">View Product</a></div><div class="product"><a href="https://www.amazon.com/dp/B083VZW4R5?tag=eloabder-20&linkCode=osi&th=1&psc=1"><img src="https://m.media-amazon.com/images/I/413BULPLmBL._SL500_.jpg" alt="Product Image"></a><p>BISSELL Multi-Surface Pet Formula with Febreze Freshness for Crosswave (80 oz), 2295L</p><p>$22.99 ($0.29 / Fl Oz)</p><a href="https://www.amazon.com/dp/B083VZW4R5?tag=eloabder-20&linkCode=osi&th=1&psc=1">View Product</a></div><div class="product"><a href="https://www.amazon.com/dp/B0D2RGW219?tag=eloabder-20&linkCode=osi&th=1&psc=1"><img src="https://m.media-amazon.com/images/I/41gD+82tnAL._SL500_.jpg" alt="Product Image"></a><p>Vacmaster Clean & Restore Carpet Cleaner Formula â€“ CCS03</p><p>$19.99 ($0.31 / Fl Oz)</p><a href="https://www.amazon.com/dp/B0D2RGW219?tag=eloabder-20&linkCode=osi&th=1&psc=1">View Product</a></div>






<div class="product"><a href="https://www.amazon.com/dp/B0BY64HQTP?tag=eloabder-20&linkCode=osi&th=1&psc=1"><img src="https://m.media-amazon.com/images/I/41hUxHuASYL._SL500_.jpg" alt="Product Image"></a><p>Air Conditioning Motor WZDK13-38G-1(RD-310-13-8) DC Brushless Fan Motor, 13W Inverter air Conditioner Motor DC Motor for Central air Conditioner</p><p>$39.95</p><a href="https://www.amazon.com/dp/B0BY64HQTP?tag=eloabder-20&linkCode=osi&th=1&psc=1">View Product</a></div><div class="product"><a href="https://www.amazon.com/dp/B0CM5YB884?tag=eloabder-20&linkCode=osi&th=1&psc=1"><img src="https://m.media-amazon.com/images/I/310lQ2tAvLL._SL500_.jpg" alt="Product Image"></a><p>Sparkfix OEM WZDK20-38G (ZKFP-20-8-6) Air Conditioner Replacement Motors DC280V 20W Air Conditioning Fan Motor Inverter Air Conditioner Brushless DC Motor 1300RPM CCW</p><p>$42.79</p><a href="https://www.amazon.com/dp/B0CM5YB884?tag=eloabder-20&linkCode=osi&th=1&psc=1">View Product</a></div>













<div class="product"><a href="https://www.amazon.com/dp/B009PCI2JU?tag=eloabder-20&linkCode=osi&th=1&psc=1"><img src="https://m.media-amazon.com/images/I/310ZJurANUL._SL500_.jpg" alt="Product Image"></a><p>GE RPWFE Refrigerator Water Filter | Certified to Reduce Lead, Sulfur, and 50+ Other Impurities | Replace Every 6 Months for Best Results | Pack of 1</p><p>$49.98</p><a href="https://www.amazon.com/dp/B009PCI2JU?tag=eloabder-20&linkCode=osi&th=1&psc=1">View Product</a></div><div class="product"><a href="https://www.amazon.com/dp/B0882ZJ48W?tag=eloabder-20&linkCode=osi&th=1&psc=1"><img src="https://m.media-amazon.com/images/I/41110o9sUoL._SL500_.jpg" alt="Product Image"></a><p>GE XWFE Refrigerator Water Filter | Certified to Reduce Lead, Sulfur, and 50+ Other Impurities | Replace Every 6 Months for Best Results | Pack of 1, White</p><p>$49.00</p><a href="https://www.amazon.com/dp/B0882ZJ48W?tag=eloabder-20&linkCode=osi&th=1&psc=1">View Product</a></div><div class="product"><a href="https://www.amazon.com/dp/B074HLRXMP?tag=eloabder-20&linkCode=osi&th=1&psc=1"><img src="https://m.media-amazon.com/images/I/21oDpGCQXiL._SL500_.jpg" alt="Product Image"></a><p>LG LT1000P - 6 Month / 200 Gallon Capacity Replacement Refrigerator Water Filter (NSF42, NSF53, and NSF401) ADQ74793501, ADQ75795105, or AGF80300704 , White</p><p>$47.00</p><a href="https://www.amazon.com/dp/B074HLRXMP?tag=eloabder-20&linkCode=osi&th=1&psc=1">View Product</a></div><div class="product"><a href="https://www.amazon.com/dp/B01BKWSHHE?tag=eloabder-20&linkCode=osi&th=1&psc=1"><img src="https://m.media-amazon.com/images/I/31E2+zlkvjL._SL500_.jpg" alt="Product Image"></a><p>Frigidaire EPTWFU01 Water Filtration Filter, 1 Count, White</p><p>$42.99</p><a href="https://www.amazon.com/dp/B01BKWSHHE?tag=eloabder-20&linkCode=osi&th=1&psc=1">View Product</a></div><div class="product"><a href="https://www.amazon.com/dp/B08V6JB9R7?tag=eloabder-20&linkCode=osi&th=1&psc=1"><img src="https://m.media-amazon.com/images/I/31PRPEffCZL._SL500_.jpg" alt="Product Image"></a><p>Frigidaire FPPWFU01 PurePour PWF-1 Water Filter 1 Count (Pack of 1)</p><p>$45.81</p><a href="https://www.amazon.com/dp/B08V6JB9R7?tag=eloabder-20&linkCode=osi&th=1&psc=1">View Product</a></div><div class="product"><a href="https://www.amazon.com/dp/B000AST3AK?tag=eloabder-20&linkCode=osi&th=1&psc=1"><img src="https://m.media-amazon.com/images/I/41DUoSxpwTS._SL500_.jpg" alt="Product Image"></a><p>GE MWF Refrigerator Water Filter | Certified to Reduce Lead, Sulfur, and 50+ Other Impurities | Replace Every 6 Months for Best Results | Pack of 1</p><p>$39.98</p><a href="https://www.amazon.com/dp/B000AST3AK?tag=eloabder-20&linkCode=osi&th=1&psc=1">View Product</a></div><div class="product"><a href="https://www.amazon.com/dp/B0CFZR7K8D?tag=eloabder-20&linkCode=osi&th=1&psc=1"><img src="https://m.media-amazon.com/images/I/31WM5sdhKLL._SL500_.jpg" alt="Product Image"></a><p>HMASAV W10295370A water filter replacement, Compatible with EDR1RXD1,EDR1RXD1B,W10295370,Filter 1,WHR1RXD1,KAD1RXD1,P4RFWB,P8RFWB2L,46-9930,46-9081 2PACK</p><p>$29.99 ($15.00 / Count)</p><a href="https://www.amazon.com/dp/B0CFZR7K8D?tag=eloabder-20&linkCode=osi&th=1&psc=1">View Product</a></div><div class="product"><a href="https://www.amazon.com/dp/B07JM9TTTT?tag=eloabder-20&linkCode=osi&th=1&psc=1"><img src="https://m.media-amazon.com/images/I/41CfAtJ8TPL._SL500_.jpg" alt="Product Image"></a><p>GLACIER FRESH LT1000PC Replacement Water Filter, Compatible with LT1000PC/PCS, LT1000PC, LT-1000PC, MDJ64844601, ADQ747935 ADQ74793504 Filter and LT120F ADQ73334008 Fresh Air (3+3)</p><p>$39.99 ($13.33 / Count)</p><a href="https://www.amazon.com/dp/B07JM9TTTT?tag=eloabder-20&linkCode=osi&th=1&psc=1">View Product</a></div><div class="product"><a href="https://www.amazon.com/dp/B003N1ZSYG?tag=eloabder-20&linkCode=osi&th=1&psc=1"><img src="https://m.media-amazon.com/images/I/31Mbrkrxu1L._SL500_.jpg" alt="Product Image"></a><p>SAMSUNG Genuine Filter for Refrigerator Water and Ice, Carbon Block Filtration for Clean, Clear Drinking Water, 6-Month Life, HAF-CIN/EXP, 1 Pack</p><p>$39.99</p><a href="https://www.amazon.com/dp/B003N1ZSYG?tag=eloabder-20&linkCode=osi&th=1&psc=1">View Product</a></div>









<div class="product"><a href="https://www.amazon.com/dp/B0B2NZ47HN?tag=eloabder-20&linkCode=osi&th=1&psc=1"><img src="https://m.media-amazon.com/images/I/41nC6c2XxJL._SL500_.jpg" alt="Product Image"></a><p>OTE Portable Sparkling Water Maker Soda Maker Machine for home with 20PCS Cylinders 450ml Personal seltzer Carbonators Electroless Double Layer PET Bottle BPA Free Double Pressure Relief Valves -Pink</p><p>$49.99</p><a href="https://www.amazon.com/dp/B0B2NZ47HN?tag=eloabder-20&linkCode=osi&th=1&psc=1">View Product</a></div><div class="product"><a href="https://www.amazon.com/dp/B09DY54L7M?tag=eloabder-20&linkCode=osi&th=1&psc=1"><img src="https://m.media-amazon.com/images/I/31LSpnm3G8L._SL500_.jpg" alt="Product Image"></a><p>MOSOLAN Bottle Cleaning Brush, 17 Inches Extra Long Handle Water Bottle Brush, Flexible Bendable Cleaner for Washing Narrow Neck Bottles, Wine Decanter, Kombucha, Pipes, Beer Brewing Supplies, 2 Pack</p><p>$11.95 ($5.98 / Count)</p><a href="https://www.amazon.com/dp/B09DY54L7M?tag=eloabder-20&linkCode=osi&th=1&psc=1">View Product</a></div><div class="product"><a href="https://www.amazon.com/dp/B0736CBNDN?tag=eloabder-20&linkCode=osi&th=1&psc=1"><img src="https://m.media-amazon.com/images/I/41tWXmwP5KL._SL500_.jpg" alt="Product Image"></a><p>#2 Filter Pads (10 Pack Bulk) Compatible with Mini Jet Machine | #2 1.8-2.5 micron | 2 Micron Filtering pads. Filter Wine Beer, Kombucha, Mead Mash. Polishing filtration| Not a Buon Vino product.</p><p>$18.99</p><a href="https://www.amazon.com/dp/B0736CBNDN?tag=eloabder-20&linkCode=osi&th=1&psc=1">View Product</a></div>









<div class="product"><a href="https://www.amazon.com/dp/B07YGN577Y?tag=eloabder-20&linkCode=osi&th=1&psc=1"><img src="https://m.media-amazon.com/images/I/31kfZiyDMUL._SL500_.jpg" alt="Product Image"></a><p>9870163 Trash Power Nut WP9870163 L8</p><p>$50.36</p><a href="https://www.amazon.com/dp/B07YGN577Y?tag=eloabder-20&linkCode=osi&th=1&psc=1">View Product</a></div>

<div class="product"><a href="https://www.amazon.com/dp/B0CWQLM4C7?tag=eloabder-20&linkCode=osi&th=1&psc=1"><img src="https://m.media-amazon.com/images/I/41gTEIOjtlL._SL500_.jpg" alt="Product Image"></a><p>7" Seven Seconds Lazy Kitchen Food Making Tools - Multifunctional Fruit Vegetable Chopper Quick Garlic Peeling Machine Convenient Food Chopper for Slicing,Juice,Grinding</p><p>$32.99</p><a href="https://www.amazon.com/dp/B0CWQLM4C7?tag=eloabder-20&linkCode=osi&th=1&psc=1">View Product</a></div>







<div class="product"><a href="https://www.amazon.com/dp/B0CNKFM9WR?tag=eloabder-20&linkCode=osi&th=1&psc=1"><img src="https://m.media-amazon.com/images/I/31sGGIDic9L._SL500_.jpg" alt="Product Image"></a><p>hobbyme Pack of 4 Plastic Coffee Scoops with Brush & Espresso Grinder Brush for Ground Coffee Cleaning Tea Power Coffee Grinder Spoon</p><p>$6.49</p><a href="https://www.amazon.com/dp/B0CNKFM9WR?tag=eloabder-20&linkCode=osi&th=1&psc=1">View Product</a></div>





<div class="product"><a href="https://www.amazon.com/dp/B07798328B?tag=eloabder-20&linkCode=osi&th=1&psc=1"><img src="https://m.media-amazon.com/images/I/31Vpin+sgUS._SL500_.jpg" alt="Product Image"></a><p>Prime-Line MP10513 Standard Plastic Ice Cube Trays (5 Pack)</p><p>$12.69</p><a href="https://www.amazon.com/dp/B07798328B?tag=eloabder-20&linkCode=osi&th=1&psc=1">View Product</a></div><div class="product"><a href="https://www.amazon.com/dp/B077965JDB?tag=eloabder-20&linkCode=osi&th=1&psc=1"><img src="https://m.media-amazon.com/images/I/31H1hNlH6RL._SL500_.jpg" alt="Product Image"></a><p>Prime-Line MP10863 Standard Plastic Ice Cube Trays (2 Pack)</p><p>$9.69</p><a href="https://www.amazon.com/dp/B077965JDB?tag=eloabder-20&linkCode=osi&th=1&psc=1">View Product</a></div>

<div class="product"><a href="https://www.amazon.com/dp/B08MPLY84K?tag=eloabder-20&linkCode=osi&th=1&psc=1"><img src="https://m.media-amazon.com/images/I/31kWTfzQJBL._SL500_.jpg" alt="Product Image"></a><p>Syntus Vacuum Sealer Bags, 6 Pack 3 Rolls 11" x 20' and 3 Rolls 8" x 20' Commercial Grade BPA Free Bag Rolls, Food Vac Bags for Storage, Meal Prep or Sous Vide</p><p>$19.99</p><a href="https://www.amazon.com/dp/B08MPLY84K?tag=eloabder-20&linkCode=osi&th=1&psc=1">View Product</a></div><div class="product"><a href="https://www.amazon.com/dp/B0C5BWRMQL?tag=eloabder-20&linkCode=osi&th=1&psc=1"><img src="https://m.media-amazon.com/images/I/41yPpkb6oeL._SL500_.jpg" alt="Product Image"></a><p>Bonsenkitchen Vacuum Sealer Rolls Bags, 6 Pack 3 Rolls 11" x 20' + 3 Rolls 8" x 20' Commercial Grade BPA Free Bag Rolls, Durable Customized Size Food Vac Bags for Storage and Sous Vide Cooking VB3211</p><p>$19.99 ($3.33 / Count)</p><a href="https://www.amazon.com/dp/B0C5BWRMQL?tag=eloabder-20&linkCode=osi&th=1&psc=1">View Product</a></div><div class="product"><a href="https://www.amazon.com/dp/B0C5C1JTC4?tag=eloabder-20&linkCode=osi&th=1&psc=1"><img src="https://m.media-amazon.com/images/I/31JpyYsm7YL._SL500_.jpg" alt="Product Image"></a><p>Bonsenkitchen Vacuum Food Sealer Bags 200 Quart 8" x 12", BPA Free, Commercial Grade Textured Food Vacuum Sealer Bag, Thick Embossed Bags for Food Storage and Sous Vide Cooking VB3208</p><p>$18.39 ($0.09 / Count)</p><a href="https://www.amazon.com/dp/B0C5C1JTC4?tag=eloabder-20&linkCode=osi&th=1&psc=1">View Product</a></div><div class="product"><a href="https://www.amazon.com/dp/B07TMZDGQ1?tag=eloabder-20&linkCode=osi&th=1&psc=1"><img src="https://m.media-amazon.com/images/I/31cRCu-JIsL._SL500_.jpg" alt="Product Image"></a><p>Wevac Vacuum Sealer Bags 11x50 Rolls 2 pack for Food Saver, Seal a Meal, Weston. Commercial Grade, BPA Free, Heavy Duty, Great for vac storage, Meal Prep or Sous Vide</p><p>$20.99 ($0.21 / Count)</p><a href="https://www.amazon.com/dp/B07TMZDGQ1?tag=eloabder-20&linkCode=osi&th=1&psc=1">View Product</a></div><div class="product"><a href="https://www.amazon.com/dp/B07TV4KRCL?tag=eloabder-20&linkCode=osi&th=1&psc=1"><img src="https://m.media-amazon.com/images/I/31uv3qtc9bL._SL500_.jpg" alt="Product Image"></a><p>Wevac Vacuum Sealer Bags 100 Gallon 11x16 Inch for Food Saver, Seal a Meal, Weston. Commercial Grade, BPA Free, Heavy Duty, Great for vac storage, Meal Prep and Sous Vide</p><p>$21.24</p><a href="https://www.amazon.com/dp/B07TV4KRCL?tag=eloabder-20&linkCode=osi&th=1&psc=1">View Product</a></div>


<div class="product"><a href="https://www.amazon.com/dp/B093G5XCVF?tag=eloabder-20&linkCode=osi&th=1&psc=1"><img src="https://m.media-amazon.com/images/I/313Cq6ASf0S._SL500_.jpg" alt="Product Image"></a><p>2 Multipurpose Pastry Brush Basting & Coffee Grinders Cleaning Brush Wooden Handle Natural Boar Bristles Baking Cooking Sauce egg wash Bakery Supply Espresso Bean Barista</p><p>$7.21</p><a href="https://www.amazon.com/dp/B093G5XCVF?tag=eloabder-20&linkCode=osi&th=1&psc=1">View Product</a></div><div class="product"><a href="https://www.amazon.com/dp/B07JGRYG31?tag=eloabder-20&linkCode=osi&th=1&psc=1"><img src="https://m.media-amazon.com/images/I/31nd-jhgzdL._SL500_.jpg" alt="Product Image"></a><p>Coffee Grinder Cleaning Brush + Coffee Brush Wood Handle & Natural Bristles Pastry Brush</p><p>$5.99</p><a href="https://www.amazon.com/dp/B07JGRYG31?tag=eloabder-20&linkCode=osi&th=1&psc=1">View Product</a></div><div class="product"><a href="https://www.amazon.com/dp/B0C53G4T7X?tag=eloabder-20&linkCode=osi&th=1&psc=1"><img src="https://m.media-amazon.com/images/I/21Hrgmpj8YL._SL500_.jpg" alt="Product Image"></a><p>Leadigol Cleaning Tool Coffee Machine Home Pastry Brush Multifunctional Wooden Handle Baking Soft Bristles Coffee Grinder Brush</p><p>$7.99</p><a href="https://www.amazon.com/dp/B0C53G4T7X?tag=eloabder-20&linkCode=osi&th=1&psc=1">View Product</a></div><div class="product"><a href="https://www.amazon.com/dp/B07W5WM2LF?tag=eloabder-20&linkCode=osi&th=1&psc=1"><img src="https://m.media-amazon.com/images/I/41-7fWE9tSL._SL500_.jpg" alt="Product Image"></a><p>Redecker Waffle Machine Brush with Oiled Beechwood Handle, Stiff Heat-resistant Tampico Fiber Bristles, 6-1/2 inches, Made in Germany</p><p>$21.99</p><a href="https://www.amazon.com/dp/B07W5WM2LF?tag=eloabder-20&linkCode=osi&th=1&psc=1">View Product</a></div>






Aucun rÃ©sultat trouvÃ©.


<div class="product"><a href="https://www.amazon.com/dp/B00LQKZQAW?tag=eloabder-20&linkCode=osi&th=1&psc=1"><img src="https://m.media-amazon.com/images/I/31nBii+cbiL._SL500_.jpg" alt="Product Image"></a><p>Electrolux 5308000716 Dish Replacement , White</p><p>$17.16</p><a href="https://www.amazon.com/dp/B00LQKZQAW?tag=eloabder-20&linkCode=osi&th=1&psc=1">View Product</a></div><div class="product"><a href="https://www.amazon.com/dp/B09BBPTSNK?tag=eloabder-20&linkCode=osi&th=1&psc=1"><img src="https://m.media-amazon.com/images/I/41kdVEnPDTL._SL500_.jpg" alt="Product Image"></a><p>Judeeâ€™s Butter Powder 5 lb - 100% Non-GMO and Keto-Friendly - rBST Hormone-Free - Gluten-Free and Nut-Free - Made from 100% Real Butter - Baking Ready Ingredient - Made in USA</p><p>$59.99 ($0.75 / Ounce)</p><a href="https://www.amazon.com/dp/B09BBPTSNK?tag=eloabder-20&linkCode=osi&th=1&psc=1">View Product</a></div>
<div class="product"><a href="https://www.amazon.com/dp/B0C1G9K19X?tag=eloabder-20&linkCode=osi&th=1&psc=1"><img src="https://m.media-amazon.com/images/I/41OVBrQ1wFL._SL500_.jpg" alt="Product Image"></a><p>Coffee Cup Design Coffee Filter Holder, Coffee Paper Rack Stand, Metal Coffee Filter Container Stand, Coffee Bar Accessories Vertical Paper Towel Napkin Holder for Cone Square Fan Shaped Size (Black)</p><p>$8.99</p><a href="https://www.amazon.com/dp/B0C1G9K19X?tag=eloabder-20&linkCode=osi&th=1&psc=1">View Product</a></div><div class="product"><a href="https://www.amazon.com/dp/B07TP1YN7G?tag=eloabder-20&linkCode=osi&th=1&psc=1"><img src="https://m.media-amazon.com/images/I/41BpYdpRyaL._SL500_.jpg" alt="Product Image"></a><p>CAFEMASY Coffee Filter Holder Storage Coffee Filter Paper Dispenser Rack with Dustproof Cover for V60 and Cone Coffee Filters</p><p>$9.99</p><a href="https://www.amazon.com/dp/B07TP1YN7G?tag=eloabder-20&linkCode=osi&th=1&psc=1">View Product</a></div><div class="product"><a href="https://www.amazon.com/dp/B0BFCTW7MY?tag=eloabder-20&linkCode=osi&th=1&psc=1"><img src="https://m.media-amazon.com/images/I/31s709IEZkL._SL500_.jpg" alt="Product Image"></a><p>Coffee Filter Holder, watchget Reusable Coffee Paper Filter Storage Bag for Cone-shaped Filter Papers V60 Waterproof Canvas Suitable for Outdoor Camping Traveling(02)</p><p>$11.99</p><a href="https://www.amazon.com/dp/B0BFCTW7MY?tag=eloabder-20&linkCode=osi&th=1&psc=1">View Product</a></div>
















<div class="product"><a href="https://www.amazon.com/dp/B00UTFZAII?tag=eloabder-20&linkCode=osi&th=1&psc=1"><img src="https://m.media-amazon.com/images/I/31z7hZ6KbXL._SL500_.jpg" alt="Product Image"></a><p>Miele 10123210 AirClean 3D Efficiency Dust Bag, Type GN, 4 Bags & 2 Filters, White</p><p>$21.86 ($21.86 / Count)</p><a href="https://www.amazon.com/dp/B00UTFZAII?tag=eloabder-20&linkCode=osi&th=1&psc=1">View Product</a></div><div class="product"><a href="https://www.amazon.com/dp/B07WHG6J5S?tag=eloabder-20&linkCode=osi&th=1&psc=1"><img src="https://m.media-amazon.com/images/I/41hnaEOxB9L._SL500_.jpg" alt="Product Image"></a><p>KEEPOW Vacuum Filters for Eureka, Power Speed Vacuum Filters Replacement for Eureka NEU182A, NEU182B, NEU280, NEU180, NEU181, NEU188, NEU202 Bagless Upright Vacuum Cleaner, Part E0202 (4 Pack)</p><p>$9.99 ($2.50 / Count)</p><a href="https://www.amazon.com/dp/B07WHG6J5S?tag=eloabder-20&linkCode=osi&th=1&psc=1">View Product</a></div><div class="product"><a href="https://www.amazon.com/dp/B00UTFZB82?tag=eloabder-20&linkCode=osi&th=1&psc=1"><img src="https://m.media-amazon.com/images/I/41WdlL5T0dL._SL500_.jpg" alt="Product Image"></a><p>Miele AirClean 3D Efficiency Dust Bag, Type FJM, 4 Bags & 2 Filters, White</p><p>$18.99</p><a href="https://www.amazon.com/dp/B00UTFZB82?tag=eloabder-20&linkCode=osi&th=1&psc=1">View Product</a></div><div class="product"><a href="https://www.amazon.com/dp/B09NKP346M?tag=eloabder-20&linkCode=osi&th=1&psc=1"><img src="https://m.media-amazon.com/images/I/41o25nqkODL._SL500_.jpg" alt="Product Image"></a><p>Anewise 6 Pack Filter Replacement for Bissell Powerforce Compact Lightweight Upright 2112 1520 for Bissel Turbo Bagless 2690 Cleanview 3437 3508 Vacuum Cleaner, Compare to Parts #1604896/160-4896</p><p>$12.99</p><a href="https://www.amazon.com/dp/B09NKP346M?tag=eloabder-20&linkCode=osi&th=1&psc=1">View Product</a></div><div class="product"><a href="https://www.amazon.com/dp/B01MQ5NITB?tag=eloabder-20&linkCode=osi&th=1&psc=1"><img src="https://m.media-amazon.com/images/I/41J6lG4H1bL._SL500_.jpg" alt="Product Image"></a><p>Bissell Style 7 3 Pack Vacuum Cleaner Bags, White, 3 Count</p><p>$8.69 ($2.90 / Count)</p><a href="https://www.amazon.com/dp/B01MQ5NITB?tag=eloabder-20&linkCode=osi&th=1&psc=1">View Product</a></div><div class="product"><a href="https://www.amazon.com/dp/B0CDH1JY5D?tag=eloabder-20&linkCode=osi&th=1&psc=1"><img src="https://m.media-amazon.com/images/I/516DPXu4siL._SL500_.jpg" alt="Product Image"></a><p>4 Pack Replacement Filters Compatiable with Wyze Cordless Vacuum Cleaner, Removable and Washable HEPA Filter Accessories Part Set with 1 Cleaning Brush for Wyze Handheld Cordless Vacuum Cleaner</p><p>$15.99 ($4.00 / Count)</p><a href="https://www.amazon.com/dp/B0CDH1JY5D?tag=eloabder-20&linkCode=osi&th=1&psc=1">View Product</a></div><div class="product"><a href="https://www.amazon.com/dp/B07P3WB37F?tag=eloabder-20&linkCode=osi&th=1&psc=1"><img src="https://m.media-amazon.com/images/I/51WaYrkiVXL._SL500_.jpg" alt="Product Image"></a><p>Miele AirClean 3D Efficiency Dust Bag, Type GN, XL Value Pack, 8 Bags and 4 Filters</p><p>$36.99</p><a href="https://www.amazon.com/dp/B07P3WB37F?tag=eloabder-20&linkCode=osi&th=1&psc=1">View Product</a></div><div class="product"><a href="https://www.amazon.com/dp/B09DSY4Z2T?tag=eloabder-20&linkCode=osi&th=1&psc=1"><img src="https://m.media-amazon.com/images/I/51+ref3EeAL._SL500_.jpg" alt="Product Image"></a><p>Filter Replacement for Tineco A10 A11 Hero A10/A11 Master PURE ONE S11 Series, S12, X Cordless Vacuum Cleaner (3 PACK) â€¦</p><p>$12.99 ($4.33 / Count)</p><a href="https://www.amazon.com/dp/B09DSY4Z2T?tag=eloabder-20&linkCode=osi&th=1&psc=1">View Product</a></div>


<div class="product"><a href="https://www.amazon.com/dp/B0BXRR5QFV?tag=eloabder-20&linkCode=osi&th=1&psc=1"><img src="https://m.media-amazon.com/images/I/41sjdBkCp8L._SL500_.jpg" alt="Product Image"></a><p>AC Infinity CLOUDFORGE T7, Plant Humidifier 15L with VPD Humidity Controls, 10-Level Precision Vaporizer, Extendable Hose, Targeting Pipe, and No-Leak Seal for Grow Tents</p><p>$159.00</p><a href="https://www.amazon.com/dp/B0BXRR5QFV?tag=eloabder-20&linkCode=osi&th=1&psc=1">View Product</a></div><div class="product"><a href="https://www.amazon.com/dp/B01N6MV8SA?tag=eloabder-20&linkCode=osi&th=1&psc=1"><img src="https://m.media-amazon.com/images/I/41hX08+W1xL._SL500_.jpg" alt="Product Image"></a><p>Protec Humidifier Tank Cleaner, 1 Count - Colors May Vary</p><p>$5.98</p><a href="https://www.amazon.com/dp/B01N6MV8SA?tag=eloabder-20&linkCode=osi&th=1&psc=1">View Product</a></div><div class="product"><a href="https://www.amazon.com/dp/B07GXBTH82?tag=eloabder-20&linkCode=osi&th=1&psc=1"><img src="https://m.media-amazon.com/images/I/41ibxK12JPL._SL500_.jpg" alt="Product Image"></a><p>Essick Air 1970-2 Humidifier, 2-Quart Bacteriostatic Treatment, 2 Pack, Clear, 2</p><p>$22.99</p><a href="https://www.amazon.com/dp/B07GXBTH82?tag=eloabder-20&linkCode=osi&th=1&psc=1">View Product</a></div><div class="product"><a href="https://www.amazon.com/dp/B08TTT3K9B?tag=eloabder-20&linkCode=osi&th=1&psc=1"><img src="https://m.media-amazon.com/images/I/41U6j9SexmL._SL500_.jpg" alt="Product Image"></a><p>Leemone Humidifier Cleaner 12 Pack, Demineralization Cleaning Ball, Works in All humidifiers and Fish Tanks, Purifies Water, Prevents Hard Water Build-Up, Eliminates White Dust and Odor</p><p>$14.44</p><a href="https://www.amazon.com/dp/B08TTT3K9B?tag=eloabder-20&linkCode=osi&th=1&psc=1">View Product</a></div>
<div class="product"><a href="https://www.amazon.com/dp/B07YD4XCT3?tag=eloabder-20&linkCode=osi&th=1&psc=1"><img src="https://m.media-amazon.com/images/I/41hR81iKyJL._SL500_.jpg" alt="Product Image"></a><p>Vacplus Moisture Absorber Packets, Fragrance Free(10 Pack), Humidity Packs, Hanging Closet Dehumidifier Bags, Desiccant 9.8OZ</p><p>$21.99</p><a href="https://www.amazon.com/dp/B07YD4XCT3?tag=eloabder-20&linkCode=osi&th=1&psc=1">View Product</a></div><div class="product"><a href="https://www.amazon.com/dp/B09LQF5V5K?tag=eloabder-20&linkCode=osi&th=1&psc=1"><img src="https://m.media-amazon.com/images/I/51Cx5ECAotL._SL500_.jpg" alt="Product Image"></a><p>CLEVAST Moisture Absorbers Packets 10 Pack, Dehumidifier Bags for Closet, Unscented Hanging Humidity Absorber in Wardrobes, Bedrooms, Bathrooms(230g/pack)</p><p>$16.98</p><a href="https://www.amazon.com/dp/B09LQF5V5K?tag=eloabder-20&linkCode=osi&th=1&psc=1">View Product</a></div><div class="product"><a href="https://www.amazon.com/dp/B0B8L9QRW8?tag=eloabder-20&linkCode=osi&th=1&psc=1"><img src="https://m.media-amazon.com/images/I/518LgtpPi8L._SL500_.jpg" alt="Product Image"></a><p>Arm & Hammer Essentials Disposable Moisture Absorber and Odor Eliminator Tub, Fragrance Free, 1 lb, 3-Pack, Attracts and Traps Excess Moisture, Ideal Closet Dehumidifier, White</p><p>$24.94 ($0.52 / Ounce)</p><a href="https://www.amazon.com/dp/B0B8L9QRW8?tag=eloabder-20&linkCode=osi&th=1&psc=1">View Product</a></div><div class="product"><a href="https://www.amazon.com/dp/B09W9TPJGZ?tag=eloabder-20&linkCode=osi&th=1&psc=1"><img src="https://m.media-amazon.com/images/I/51pVTVMwHbL._SL500_.jpg" alt="Product Image"></a><p>THECOSKY Dehumidifier and Air Purifier Combo,HEPA H13 Filter and Negative Air Ion Function,54oz(1.6L) Water Tank with Drain Hose,24hrs Auto-Off Timer,Idea for Bedroom,Bathroom,Closet,RV</p><p>$109.99</p><a href="https://www.amazon.com/dp/B09W9TPJGZ?tag=eloabder-20&linkCode=osi&th=1&psc=1">View Product</a></div><div class="product"><a href="https://www.amazon.com/dp/B0CXDG65LZ?tag=eloabder-20&linkCode=osi&th=1&psc=1"><img src="https://m.media-amazon.com/images/I/41HNflmbKHL._SL500_.jpg" alt="Product Image"></a><p>14 x 17.5 x1.75 MERV 13 Replacement Dehumidifier Filter Compatible with Santa Fe Advance90, Advance100, Advance120, Honeywell DR90 & DR120 dehumidifier models, 2 Pack</p><p>$42.99</p><a href="https://www.amazon.com/dp/B0CXDG65LZ?tag=eloabder-20&linkCode=osi&th=1&psc=1">View Product</a></div>
<div class="product"><a href="https://www.amazon.com/dp/B088B921NQ?tag=eloabder-20&linkCode=osi&th=1&psc=1"><img src="https://m.media-amazon.com/images/I/612e4cT3RYL._SL500_.jpg" alt="Product Image"></a><p>ULTTY H13 HEPA Replacement Filter with Medical Coating, True HEPA Filter For R021/ R020 Purifying Fan, Medium</p><p>$29.99</p><a href="https://www.amazon.com/dp/B088B921NQ?tag=eloabder-20&linkCode=osi&th=1&psc=1">View Product</a></div><div class="product"><a href="https://www.amazon.com/dp/B0D2MZ4Y7Z?tag=eloabder-20&linkCode=osi&th=1&psc=1"><img src="https://m.media-amazon.com/images/I/51KgTHizWyL._SL500_.jpg" alt="Product Image"></a><p>Butto 5-Pack Ceiling Fan Filters for Blades - Strong Adhesive Ceiling Fan Filters for Common Household Contaminants - Unscented Coconut Carbon Fan Air Purifier Pads to Make Air Fresh and Natural</p><p>$9.98</p><a href="https://www.amazon.com/dp/B0D2MZ4Y7Z?tag=eloabder-20&linkCode=osi&th=1&psc=1">View Product</a></div><div class="product"><a href="https://www.amazon.com/dp/B0C42HCM21?tag=eloabder-20&linkCode=osi&th=1&psc=1"><img src="https://m.media-amazon.com/images/I/31jk3lpoygL._SL500_.jpg" alt="Product Image"></a><p>Barnakl Ceiling Fan Filters | Activated Coconut Shell Carbon Filter | Easy-Stick Universal Ceiling Fan Air Filters | Unscented Ceiling Fan Blade Filters for Common Household Contaminants, (3-Count)</p><p>$19.99 ($6.66 / Count)</p><a href="https://www.amazon.com/dp/B0C42HCM21?tag=eloabder-20&linkCode=osi&th=1&psc=1">View Product</a></div>
<div class="product"><a href="https://www.amazon.com/dp/B08LZWP29P?tag=eloabder-20&linkCode=osi&th=1&psc=1"><img src="https://m.media-amazon.com/images/I/41NLuzzFW9L._SL500_.jpg" alt="Product Image"></a><p>Chromex Tankless Water Heater Descaling Solution | Highly Effective Descaler Restores Heating Efficiency, Quart, 32 fl oz (1)</p><p>$26.99</p><a href="https://www.amazon.com/dp/B08LZWP29P?tag=eloabder-20&linkCode=osi&th=1&psc=1">View Product</a></div>

<div class="product"><a href="https://www.amazon.com/dp/B005UO4OWQ?tag=eloabder-20&linkCode=osi&th=1&psc=1"><img src="https://m.media-amazon.com/images/I/41oQPKFofoL._SL500_.jpg" alt="Product Image"></a><p>Bissell 203-7458 Brushroll, Bg10/86T3, Black</p><p>$21.26 ($21.26 / Count)</p><a href="https://www.amazon.com/dp/B005UO4OWQ?tag=eloabder-20&linkCode=osi&th=1&psc=1">View Product</a></div>





















<div class="product"><a href="https://www.amazon.com/dp/B0014J7FUY?tag=eloabder-20&linkCode=osi&th=1&psc=1"><img src="https://m.media-amazon.com/images/I/31QrM+IPxOL._SL500_.jpg" alt="Product Image"></a><p>Urnex Grindz Professional Coffee Grinder Cleaning Tablets - 430 Grams - All Natural Food Safe Gluten Free - Cleans Burr and Casing - Help Extend Life of Your Grinder</p><p>$25.99 ($1.71 / Ounce)</p><a href="https://www.amazon.com/dp/B0014J7FUY?tag=eloabder-20&linkCode=osi&th=1&psc=1">View Product</a></div>



<div class="product"><a href="https://www.amazon.com/dp/B0CHW317SG?tag=eloabder-20&linkCode=osi&th=1&psc=1"><img src="https://m.media-amazon.com/images/I/41Qd5Iu3qBL._SL500_.jpg" alt="Product Image"></a><p>EUHOMY 55 Can Beverage Refrigerator cooler-Mini Fridge Glass Door for Beer Drinks Wines, Freestanding Beverage Fridge with Adjustable Shelves Blue LED for Home/Office/Dorm/Bar (1.3cu.ft)</p><p>$128.99</p><a href="https://www.amazon.com/dp/B0CHW317SG?tag=eloabder-20&linkCode=osi&th=1&psc=1">View Product</a></div>

<div class="product"><a href="https://www.amazon.com/dp/B099CN2MRK?tag=eloabder-20&linkCode=osi&th=1&psc=1"><img src="https://m.media-amazon.com/images/I/31CvUCIUX5L._SL500_.jpg" alt="Product Image"></a><p>Genuine PuroAir 240 Replacement Filter - Replacement HEPA Filter for PuroAir 240 Purifier - Captures up to 99% of Pollen, Smoke, Pollen, Dust and Common Household Pollutants</p><p>$48.00</p><a href="https://www.amazon.com/dp/B099CN2MRK?tag=eloabder-20&linkCode=osi&th=1&psc=1">View Product</a></div><div class="product"><a href="https://www.amazon.com/dp/B0055521W0?tag=eloabder-20&linkCode=osi&th=1&psc=1"><img src="https://m.media-amazon.com/images/I/41Hs7ixdyXL._SL500_.jpg" alt="Product Image"></a><p>GermGuardian Filter B HEPA Pure Genuine Air Purifier Replacement Filter, Removes 99.97% of Pollutants for AC4825, AC4300, AC4900, AC4825DLX, AC4850, CDAP4500, AP2200, Black/Yellow, FLT4825</p><p>$17.90 ($17.90 / Count)</p><a href="https://www.amazon.com/dp/B0055521W0?tag=eloabder-20&linkCode=osi&th=1&psc=1">View Product</a></div><div class="product"><a href="https://www.amazon.com/dp/B0BNMYKZPV?tag=eloabder-20&linkCode=osi&th=1&psc=1"><img src="https://m.media-amazon.com/images/I/41-K3mB6KkL._SL500_.jpg" alt="Product Image"></a><p>2 Pack True HEPA KILO Filter Compatible with Afloia KILO, KILOPLUS, KILOPRO, MIRO,MIRO PRO and MORENTO MR-Kilo, Kalo Air Purifier, 360Â° 3-Stage Filtration</p><p>$34.99 ($17.50 / Count)</p><a href="https://www.amazon.com/dp/B0BNMYKZPV?tag=eloabder-20&linkCode=osi&th=1&psc=1">View Product</a></div><div class="product"><a href="https://www.amazon.com/dp/B0D3M4Y9W7?tag=eloabder-20&linkCode=osi&th=1&psc=1"><img src="https://m.media-amazon.com/images/I/41tzW+mkZuL._SL500_.jpg" alt="Product Image"></a><p>Breshair 14 True HEPA Filter Replacement Compatible with PuroAir 240 Air Purifier, 3-in-1 Filtration System with Activated Carbon Filter, 2-Pack</p><p>$31.56 ($15.78 / Count)</p><a href="https://www.amazon.com/dp/B0D3M4Y9W7?tag=eloabder-20&linkCode=osi&th=1&psc=1">View Product</a></div><div class="product"><a href="https://www.amazon.com/dp/B0CB18MVX6?tag=eloabder-20&linkCode=osi&th=1&psc=1"><img src="https://m.media-amazon.com/images/I/519ZmmLOrzL._SL500_.jpg" alt="Product Image"></a><p>2 Pack 3-in-1 H13 True HEPA Replacement Filter Compatible with Pure Enrichment PureZone Air Purifier Part# PEAIRPLG</p><p>$23.99 ($12.00 / Count)</p><a href="https://www.amazon.com/dp/B0CB18MVX6?tag=eloabder-20&linkCode=osi&th=1&psc=1">View Product</a></div><div class="product"><a href="https://www.amazon.com/dp/B08JTZMRML?tag=eloabder-20&linkCode=osi&th=1&psc=1"><img src="https://m.media-amazon.com/images/I/51yx60sCjHL._SL500_.jpg" alt="Product Image"></a><p>6 Pack HPA300 HEPA Filter Replacement for Honeywell HPA300 Series Air Purifiers HPA300, HPA300VP, HPA304, HPA3300, Replace HRF-R3 (6 Ture HEPA R Replacement Filter + 8 Activated Carbon Pre-Filter)</p><p>$47.99 ($3.43 / Count)</p><a href="https://www.amazon.com/dp/B08JTZMRML?tag=eloabder-20&linkCode=osi&th=1&psc=1">View Product</a></div><div class="product"><a href="https://www.amazon.com/dp/B0CF1GLSYS?tag=eloabder-20&linkCode=osi&th=1&psc=1"><img src="https://m.media-amazon.com/images/I/41709EXRzXL._SL500_.jpg" alt="Product Image"></a><p>CHIVALZ 4 Pack HY4866 True HEPA Replacement Filters Compatible with MORENTO HY4866 Air Purifier, WESTHEY HY4866 Air Purifier and YIOU M1 Air Cleaner Purifier, Original Version</p><p>$39.99 ($10.00 / Count)</p><a href="https://www.amazon.com/dp/B0CF1GLSYS?tag=eloabder-20&linkCode=osi&th=1&psc=1">View Product</a></div>







<div class="product"><a href="https://www.amazon.com/dp/B0CYKMFKR9?tag=eloabder-20&linkCode=osi&th=1&psc=1"><img src="https://m.media-amazon.com/images/I/316zU-ozoxL._SL500_.jpg" alt="Product Image"></a><p>Air Purifier Replacement Filter for Space Heater Bladeless Fan</p><p>$29.99</p><a href="https://www.amazon.com/dp/B0CYKMFKR9?tag=eloabder-20&linkCode=osi&th=1&psc=1">View Product</a></div>
<div class="product"><a href="https://www.amazon.com/dp/B07MRH6VY7?tag=eloabder-20&linkCode=osi&th=1&psc=1"><img src="https://m.media-amazon.com/images/I/51g-nuN4A5L._SL500_.jpg" alt="Product Image"></a><p>Colorfullife Replacement Air Purifier Filter for Dyson Tower Purifier Pure Cool Link TP01, TP02, TP03, BP01, Compare to Part 968126-03ï¼Œ2 Pack</p><p>$26.99</p><a href="https://www.amazon.com/dp/B07MRH6VY7?tag=eloabder-20&linkCode=osi&th=1&psc=1">View Product</a></div><div class="product"><a href="https://www.amazon.com/dp/B07TX5SW7J?tag=eloabder-20&linkCode=osi&th=1&psc=1"><img src="https://m.media-amazon.com/images/I/512Kn+cPglL._SL500_.jpg" alt="Product Image"></a><p>TP01 HEPA Filter Replacement Compatible with Dyson Tower Purifier Pure Cool Link TP01, TP02, TP03, AM11, BP01 Models, Compare to Part # 968126-03 (Pack of 2)</p><p>$27.95 ($13.98 / Count)</p><a href="https://www.amazon.com/dp/B07TX5SW7J?tag=eloabder-20&linkCode=osi&th=1&psc=1">View Product</a></div><div class="product"><a href="https://www.amazon.com/dp/B0CC24GZGB?tag=eloabder-20&linkCode=osi&th=1&psc=1"><img src="https://m.media-amazon.com/images/I/41woNpZ9VgL._SL500_.jpg" alt="Product Image"></a><p>TP01 TP02 Filter Compatible with Dyson Pure Cool Link Purifying Tower Fan TP00 TP03 AM11 and Cool Me BP01 Personal Series, 360Â° Air Purifier Filter Replacement 968126-03, 1-Pack</p><p>$25.99</p><a href="https://www.amazon.com/dp/B0CC24GZGB?tag=eloabder-20&linkCode=osi&th=1&psc=1">View Product</a></div><div class="product"><a href="https://www.amazon.com/dp/B0CX23N2JJ?tag=eloabder-20&linkCode=osi&th=1&psc=1"><img src="https://m.media-amazon.com/images/I/3145hmd5j7L._SL500_.jpg" alt="Product Image"></a><p>Dreo Air Purifiers Replacement Filter, HEPA Filter for Dreo Purifier Tower Fan MC710S, with 2 Stage Filtration, Black, Standard(DR-HPA019)</p><p>$39.99</p><a href="https://www.amazon.com/dp/B0CX23N2JJ?tag=eloabder-20&linkCode=osi&th=1&psc=1">View Product</a></div>










<div class="product"><a href="https://www.amazon.com/dp/B001U0OJ7O?tag=eloabder-20&linkCode=osi&th=1&psc=1"><img src="https://m.media-amazon.com/images/I/41XEg3QV-wL._SL500_.jpg" alt="Product Image"></a><p>Whirlpool W10165294RB 15-Inch Plastic Trash Compactor ct, 60 Bags, Count</p><p>$48.34</p><a href="https://www.amazon.com/dp/B001U0OJ7O?tag=eloabder-20&linkCode=osi&th=1&psc=1">View Product</a></div><div class="product"><a href="https://www.amazon.com/dp/B0CC3V4ZZ4?tag=eloabder-20&linkCode=osi&th=1&psc=1"><img src="https://m.media-amazon.com/images/I/31bbvodHnjL._SL500_.jpg" alt="Product Image"></a><p>Waste Smasher- Hand-Held Manual Trash Compactor Dishwasher Safe Black</p><p>$24.95</p><a href="https://www.amazon.com/dp/B0CC3V4ZZ4?tag=eloabder-20&linkCode=osi&th=1&psc=1">View Product</a></div><div class="product"><a href="https://www.amazon.com/dp/B00IYO5914?tag=eloabder-20&linkCode=osi&th=1&psc=1"><img src="https://m.media-amazon.com/images/I/51SLpTXIYNL._SL500_.jpg" alt="Product Image"></a><p>Kitchen Master Super Strong Compactor Bags Pre Cuffed (12 Pack)</p><p>$34.95</p><a href="https://www.amazon.com/dp/B00IYO5914?tag=eloabder-20&linkCode=osi&th=1&psc=1">View Product</a></div><div class="product"><a href="https://www.amazon.com/dp/B075DJ4ZVQ?tag=eloabder-20&linkCode=osi&th=1&psc=1"><img src="https://m.media-amazon.com/images/I/51Vaek4I89L._SL500_.jpg" alt="Product Image"></a><p>Dano Pre-Cuffed Compactor Bags</p><p>$32.95 ($2.75 / Count)</p><a href="https://www.amazon.com/dp/B075DJ4ZVQ?tag=eloabder-20&linkCode=osi&th=1&psc=1">View Product</a></div><div class="product"><a href="https://www.amazon.com/dp/B0C2DCVCBJ?tag=eloabder-20&linkCode=osi&th=1&psc=1"><img src="https://m.media-amazon.com/images/I/51072CtaKuL._SL500_.jpg" alt="Product Image"></a><p>60-pack W10165294RB Trash Compactor Bags - leak-proof trash compactor bags for kitchen 60-ct 15 inches - Fits 15-inch Rectangular Drawer Compactors</p><p>$45.99 ($0.77 / Count)</p><a href="https://www.amazon.com/dp/B0C2DCVCBJ?tag=eloabder-20&linkCode=osi&th=1&psc=1">View Product</a></div><div class="product"><a href="https://www.amazon.com/dp/B001U0OJ7E?tag=eloabder-20&linkCode=osi&th=1&psc=1"><img src="https://m.media-amazon.com/images/I/41c0z26RyvL._SL500_.jpg" alt="Product Image"></a><p>Whirlpool W10165293RB Genuine OEM 60 Pack-Plastic Compactor Bags-18" Models â€“ 1394369, 4178058, 4318932, 4318933, 4318935, 4318937, 4318939, AH1964576, EA1964576, PS1964576</p><p>$48.64 ($0.81 / Count)</p><a href="https://www.amazon.com/dp/B001U0OJ7E?tag=eloabder-20&linkCode=osi&th=1&psc=1">View Product</a></div><div class="product"><a href="https://www.amazon.com/dp/B00W27J16S?tag=eloabder-20&linkCode=osi&th=1&psc=1"><img src="https://m.media-amazon.com/images/I/41RaOjAGlrL._SL500_.jpg" alt="Product Image"></a><p>Compactor Bags Pre Cuffed (50 Pack)</p><p>$84.95 ($1.70 / count)</p><a href="https://www.amazon.com/dp/B00W27J16S?tag=eloabder-20&linkCode=osi&th=1&psc=1">View Product</a></div><div class="product"><a href="https://www.amazon.com/dp/B00MOCYY2W?tag=eloabder-20&linkCode=osi&th=1&psc=1"><img src="https://m.media-amazon.com/images/I/41SH8mDsAnL._SL500_.jpg" alt="Product Image"></a><p>GE WX60X1 Genuine OEM Universal Trash Compactor Bags for GE Trash Compactors</p><p>$19.00</p><a href="https://www.amazon.com/dp/B00MOCYY2W?tag=eloabder-20&linkCode=osi&th=1&psc=1">View Product</a></div><div class="product"><a href="https://www.amazon.com/dp/B0D7SFSTNG?tag=eloabder-20&linkCode=osi&th=1&psc=1"><img src="https://m.media-amazon.com/images/I/41szt9tZJPL._SL500_.jpg" alt="Product Image"></a><p>4PCS Trash Compactor Charcoal Air Filter Fit for Whirlpool/KitchenAid/Maytag/Jenn-Air/Amana/Inglis/Magic Chef Trash Compactor, Replaces 4151750 554358 WP4151750 AP6009134 PS11742279</p><p>$23.59 ($5.90 / Count)</p><a href="https://www.amazon.com/dp/B0D7SFSTNG?tag=eloabder-20&linkCode=osi&th=1&psc=1">View Product</a></div>
<div class="product"><a href="https://www.amazon.com/dp/B0CGLX5ZB9?tag=eloabder-20&linkCode=osi&th=1&psc=1"><img src="https://m.media-amazon.com/images/I/51qeRZQS98L._SL500_.jpg" alt="Product Image"></a><p>Spare Replacement Parts Compatible with MAMNV BR150 BR151, ZCWA BR150 BR151, MANVINS G20 Robot Vacuum and Mop Combo Accessories Include: 3 Hepa Filters 3 Mop Pads 6 Side Spin Brushes</p><p>$9.98</p><a href="https://www.amazon.com/dp/B0CGLX5ZB9?tag=eloabder-20&linkCode=osi&th=1&psc=1">View Product</a></div><div class="product"><a href="https://www.amazon.com/dp/B0B28DGZBG?tag=eloabder-20&linkCode=osi&th=1&psc=1"><img src="https://m.media-amazon.com/images/I/51ooMN4RqML._SL500_.jpg" alt="Product Image"></a><p>Replacement Parts for Shark AI AV2511AE AV2501S AV2610WA AV2501AE RV2502AE RV2610WA RV2520 AV2510 2-In-1 AI Ultra Robot Vacuum Cleaner Accessories Kits. Main Brush, HEPA Filter, Foam Filter,Side Brush</p><p>$19.99 ($1.05 / Count)</p><a href="https://www.amazon.com/dp/B0B28DGZBG?tag=eloabder-20&linkCode=osi&th=1&psc=1">View Product</a></div><div class="product"><a href="https://www.amazon.com/dp/B0782T7L6P?tag=eloabder-20&linkCode=osi&th=1&psc=1"><img src="https://m.media-amazon.com/images/I/41hTVkuzMJL._SL500_.jpg" alt="Product Image"></a><p>10pcs HEPA Filters Replacement for ILIFE V3s V3s pro V5 V5s V5s Pro V5s Pro 2 V5s Plus Noisz S5 Robotic Vacuum Cleaner ILIFE V3s pro Filters ILIFE Robot Vacuum Filter</p><p>$9.80 ($0.98 / Count)</p><a href="https://www.amazon.com/dp/B0782T7L6P?tag=eloabder-20&linkCode=osi&th=1&psc=1">View Product</a></div><div class="product"><a href="https://www.amazon.com/dp/B0CXLVHTTC?tag=eloabder-20&linkCode=osi&th=1&psc=1"><img src="https://m.media-amazon.com/images/I/51BT3phYzKL._SL500_.jpg" alt="Product Image"></a><p>HUIZHEN Spare Accessories for MAMNV BR150/BR151, for ZCWA BR150/BR151, for MANVINS G20,for GTTVO BR150/BR151,for ONSON BR150/BR151 Robot Vacuum Replacement Parts,6 Side Brush,4 HEPA Filters,4 Mop Pads</p><p>$9.99</p><a href="https://www.amazon.com/dp/B0CXLVHTTC?tag=eloabder-20&linkCode=osi&th=1&psc=1">View Product</a></div><div class="product"><a href="https://www.amazon.com/dp/B08RYDDQL8?tag=eloabder-20&linkCode=osi&th=1&psc=1"><img src="https://m.media-amazon.com/images/I/314Xd7+oBXL._SL500_.jpg" alt="Product Image"></a><p>AirClean 4 Pack 3.7" High Replacement Base Pre-Motor Foam Filters Compatible with Shark IQ Robot Vacuum R101AE RV1001AE UR1005AE Self-Empty Base</p><p>$12.99 ($3.25 / Count)</p><a href="https://www.amazon.com/dp/B08RYDDQL8?tag=eloabder-20&linkCode=osi&th=1&psc=1">View Product</a></div><div class="product"><a href="https://www.amazon.com/dp/B0CJLHJ557?tag=eloabder-20&linkCode=osi&th=1&psc=1"><img src="https://m.media-amazon.com/images/I/41iQm8hUjiL._SL500_.jpg" alt="Product Image"></a><p>Replacement Parts Compatible with WYZE Robot Vacuum Cleaner WVCR200S Accessories, 2 Main Brushes, 6 Hepa Filters, 8 Side Brushes Attachment Spare Pack</p><p>$14.99 ($0.94 / Count)</p><a href="https://www.amazon.com/dp/B0CJLHJ557?tag=eloabder-20&linkCode=osi&th=1&psc=1">View Product</a></div>
<div class="product"><a href="https://www.amazon.com/dp/B0C4595Q8P?tag=eloabder-20&linkCode=osi&th=1&psc=1"><img src="https://m.media-amazon.com/images/I/51k23SAtRxL._SL500_.jpg" alt="Product Image"></a><p>4 Pack FSV001 HEPA Filter Compatiable with Fabuletta FSV101, FSV001, Girnoor G160&G165, Afoddon A300, Lubluelu 202, Oraimo Cordless Vacuum Cleaner, Besswin W26 Cordless Stick Vacuum Cleaners</p><p>$15.99 ($4.00 / Count)</p><a href="https://www.amazon.com/dp/B0C4595Q8P?tag=eloabder-20&linkCode=osi&th=1&psc=1">View Product</a></div>
<div class="product"><a href="https://www.amazon.com/dp/B0BNKJX96X?tag=eloabder-20&linkCode=osi&th=1&psc=1"><img src="https://m.media-amazon.com/images/I/41OPeLFppoL._SL500_.jpg" alt="Product Image"></a><p>6 PACK 2033 Replacement Filter Compatible with Bissell Featherweight Stick Lightweight Bagless Vacuum Cleaner 20331, 20333, 20334, 20336, 20339, 2033M,6 Mesh Filter 6 Foam Filters, Replace # 1611508</p><p>$14.99 ($2.50 / Count)</p><a href="https://www.amazon.com/dp/B0BNKJX96X?tag=eloabder-20&linkCode=osi&th=1&psc=1">View Product</a></div><div class="product"><a href="https://www.amazon.com/dp/B0CMBWLTSM?tag=eloabder-20&linkCode=osi&th=1&psc=1"><img src="https://m.media-amazon.com/images/I/41PHqKaLTDL._SL500_.jpg" alt="Product Image"></a><p>18V ONE + Cordless Pet Stick Vacuum Filter for Ryobi, PCL720, PBLSV716, PBLSV717 Stick Vacuum, Reusable Washable Filters, Compare to Part A32SV720N, 6 Pack</p><p>$15.99 ($2.66 / Count)</p><a href="https://www.amazon.com/dp/B0CMBWLTSM?tag=eloabder-20&linkCode=osi&th=1&psc=1">View Product</a></div><div class="product"><a href="https://www.amazon.com/dp/B0CXDYWWT9?tag=eloabder-20&linkCode=osi&th=1&psc=1"><img src="https://m.media-amazon.com/images/I/41F1csTT8jL._SL500_.jpg" alt="Product Image"></a><p>2 Replacement Filters for Craftsman V20 Cordless Stick Vacuum CMCVS001D1, for Black Decker BSVF1 BSV2020 BSV2020G BSV2020P Cordless Stick Vacuum Cleaner with 1 Cleaning Brush</p><p>$14.99</p><a href="https://www.amazon.com/dp/B0CXDYWWT9?tag=eloabder-20&linkCode=osi&th=1&psc=1">View Product</a></div><div class="product"><a href="https://www.amazon.com/dp/B0CCJ5N5DH?tag=eloabder-20&linkCode=osi&th=1&psc=1"><img src="https://m.media-amazon.com/images/I/41xmhDPqk8L._SL500_.jpg" alt="Product Image"></a><p>Aolleteau 1 Pack Brush Roller Compatible with Black + Decker BSV2020, BSV2020P, BSV2020G Powerseries Extreme Cordless Stick Vacuum and Compatible with Craftsman V20 Cordless Stick Vacuum CMCVS001D1</p><p>$17.99</p><a href="https://www.amazon.com/dp/B0CCJ5N5DH?tag=eloabder-20&linkCode=osi&th=1&psc=1">View Product</a></div><div class="product"><a href="https://www.amazon.com/dp/B0CQY61LFD?tag=eloabder-20&linkCode=osi&th=1&psc=1"><img src="https://m.media-amazon.com/images/I/31swBBC444L._SL500_.jpg" alt="Product Image"></a><p>Tablenco for Shark HZ602 Filter Replacement Ultralight Pet Pro Corded Stick Vacuum and HZ2002 Vertex DuoClean PowerFins fit HZ2000 HZ251 HZ250 HH200 HH202,4 Foam Felt 4 Motor Kit (No cleaning brush)</p><p>$9.98</p><a href="https://www.amazon.com/dp/B0CQY61LFD?tag=eloabder-20&linkCode=osi&th=1&psc=1">View Product</a></div><div class="product"><a href="https://www.amazon.com/dp/B09Q55KW8W?tag=eloabder-20&linkCode=osi&th=1&psc=1"><img src="https://m.media-amazon.com/images/I/51MKsJy6nSL._SL500_.jpg" alt="Product Image"></a><p>Anicell 2033 Featherweight Filter for Bissell Featherweight Stick Lightweight Bagless Vacuum 20331 20333 20334 20336 20339 2033M, 4 Mesh Filters 6 Foam Filters Replacement, Replace part# 1611508</p><p>$11.99</p><a href="https://www.amazon.com/dp/B09Q55KW8W?tag=eloabder-20&linkCode=osi&th=1&psc=1">View Product</a></div><div class="product"><a href="https://www.amazon.com/dp/B0CDVG7LHD?tag=eloabder-20&linkCode=osi&th=1&psc=1"><img src="https://m.media-amazon.com/images/I/41hjN1Te6sL._SL500_.jpg" alt="Product Image"></a><p>Moreffi 3 Pack Filter Replacement For HART Cordless Stick Vacuum HPSV01 and HPSV50, Compare to Part Number HASV01</p><p>$19.99 ($6.66 / Count)</p><a href="https://www.amazon.com/dp/B0CDVG7LHD?tag=eloabder-20&linkCode=osi&th=1&psc=1">View Product</a></div>
<div class="product"><a href="https://www.amazon.com/dp/B07DQ9TZC8?tag=eloabder-20&linkCode=osi&th=1&psc=1"><img src="https://m.media-amazon.com/images/I/41PHyZ20FuL._SL500_.jpg" alt="Product Image"></a><p>Kenmore 53294 Style O HEPA Cloth Vacuum Bags for Kenmore Upright Vacuum Cleaners 6 Pack,White</p><p>$20.99 ($3.50 / Count)</p><a href="https://www.amazon.com/dp/B07DQ9TZC8?tag=eloabder-20&linkCode=osi&th=1&psc=1">View Product</a></div><div class="product"><a href="https://www.amazon.com/dp/B08MXVTTT2?tag=eloabder-20&linkCode=osi&th=1&psc=1"><img src="https://m.media-amazon.com/images/I/41T6wRpIMzL._SL500_.jpg" alt="Product Image"></a><p>Kenmore IB600 HEPA Replacement Intuition Upright Vacuum Cleaner Bags for BU4022, BU4020, BU4018, BU4050, BU3040,White</p><p>$18.75</p><a href="https://www.amazon.com/dp/B08MXVTTT2?tag=eloabder-20&linkCode=osi&th=1&psc=1">View Product</a></div><div class="product"><a href="https://www.amazon.com/dp/B01010JVYO?tag=eloabder-20&linkCode=osi&th=1&psc=1"><img src="https://m.media-amazon.com/images/I/51Anluh47GL._SL500_.jpg" alt="Product Image"></a><p>EnviroCare Replacement Micro Filtration Vacuum Cleaner Dust Bags Designed to fit Hoover Windtunnel Upright Type Y 9 pack</p><p>$9.89 ($1.10 / Count)</p><a href="https://www.amazon.com/dp/B01010JVYO?tag=eloabder-20&linkCode=osi&th=1&psc=1">View Product</a></div><div class="product"><a href="https://www.amazon.com/dp/B0D5CP3WBY?tag=eloabder-20&linkCode=osi&th=1&psc=1"><img src="https://m.media-amazon.com/images/I/31MaGmsVOwL._SL500_.jpg" alt="Product Image"></a><p>Bagless Upright Kenmore Vacuum HEPA Filters, Compatible with Foam Filters, Felt Filters and Upright vacuum cleaner for Models K4010,DU2015,DU2012(includes 1 Hepa Filters,2 Foam and 2 Felt Filters)</p><p>$12.99</p><a href="https://www.amazon.com/dp/B0D5CP3WBY?tag=eloabder-20&linkCode=osi&th=1&psc=1">View Product</a></div><div class="product"><a href="https://www.amazon.com/dp/B0CBFV28WX?tag=eloabder-20&linkCode=osi&th=1&psc=1"><img src="https://m.media-amazon.com/images/I/51LIYI0wXSL._SL500_.jpg" alt="Product Image"></a><p>16 Packs Vacuum Bags for Oreck Type CC, Compatible with All Oreck XL Upright Vacuum Cleaner - Replaces Part # CCPK8DW</p><p>$21.99 ($1.37 / Count)</p><a href="https://www.amazon.com/dp/B0CBFV28WX?tag=eloabder-20&linkCode=osi&th=1&psc=1">View Product</a></div><div class="product"><a href="https://www.amazon.com/dp/B00F9GQMHA?tag=eloabder-20&linkCode=osi&th=1&psc=1"><img src="https://m.media-amazon.com/images/I/51lhelurelL._SL500_.jpg" alt="Product Image"></a><p>EnviroCare Replacement Premium Vacuum Cleaner Dust Bags made to fit Eureka F&G Uprights 9 bags</p><p>$11.09</p><a href="https://www.amazon.com/dp/B00F9GQMHA?tag=eloabder-20&linkCode=osi&th=1&psc=1">View Product</a></div><div class="product"><a href="https://www.amazon.com/dp/B002CI8G1I?tag=eloabder-20&linkCode=osi&th=1&psc=1"><img src="https://m.media-amazon.com/images/I/51PYQrQpbSL._SL500_.jpg" alt="Product Image"></a><p>EnviroCare Replacement Micro Filtration Vacuum Cleaner Dust Bags made to fit Kenmore Upright Type U/L/O 50688 and 50690, Panasonic Type U-2, Miele Type Z. 9 pack</p><p>$9.99</p><a href="https://www.amazon.com/dp/B002CI8G1I?tag=eloabder-20&linkCode=osi&th=1&psc=1">View Product</a></div>
<div class="product"><a href="https://www.amazon.com/dp/B07GNQJ67P?tag=eloabder-20&linkCode=osi&th=1&psc=1"><img src="https://m.media-amazon.com/images/I/41XHnKbgjAL._SL500_.jpg" alt="Product Image"></a><p>Kenmore 53292 Type Q HEPA Replacement Dust Bags for Canister Vacuum 81214, 81414, 81714, 21814, BC2005, BC3005, 81615, BC7005, 6 Count (Pack of 1)</p><p>$13.24 ($2.21 / Count)</p><a href="https://www.amazon.com/dp/B07GNQJ67P?tag=eloabder-20&linkCode=osi&th=1&psc=1">View Product</a></div><div class="product"><a href="https://www.amazon.com/dp/B01L0C0FVK?tag=eloabder-20&linkCode=osi&th=1&psc=1"><img src="https://m.media-amazon.com/images/I/51ZIjbo9NVL._SL500_.jpg" alt="Product Image"></a><p>Envirocare Replacement Vacuum Bags Compatible with Kenmore Canister Type C/Q. 5055, 50557 and 50558 Panasonic Type C-5 Vacuums,15 pack</p><p>$16.16</p><a href="https://www.amazon.com/dp/B01L0C0FVK?tag=eloabder-20&linkCode=osi&th=1&psc=1">View Product</a></div><div class="product"><a href="https://www.amazon.com/dp/B0BTRTP2PM?tag=eloabder-20&linkCode=osi&th=1&psc=1"><img src="https://m.media-amazon.com/images/I/41K295aRv9L._SL500_.jpg" alt="Product Image"></a><p>Vacuum Cleaner Bags Fit for Kenmore Canister Type C/Q 50555 50557 50558 and Type C-5, 10PCs</p><p>$15.99</p><a href="https://www.amazon.com/dp/B0BTRTP2PM?tag=eloabder-20&linkCode=osi&th=1&psc=1">View Product</a></div><div class="product"><a href="https://www.amazon.com/dp/B0CRQYGLZX?tag=eloabder-20&linkCode=osi&th=1&psc=1"><img src="https://m.media-amazon.com/images/I/413iXp+j3ML._SL500_.jpg" alt="Product Image"></a><p>15 Pack Canister Vacuum Cleaner Bags Compatible with Kenmore Canister Type C/Q 5055, 50555, 50557, 50558 and Type C-5, C-18, 53292, 200 Series, 400 Series, 600 Series, 700 Series, 800 Series Vacuum</p><p>$11.69</p><a href="https://www.amazon.com/dp/B0CRQYGLZX?tag=eloabder-20&linkCode=osi&th=1&psc=1">View Product</a></div><div class="product"><a href="https://www.amazon.com/dp/B00QGD3SBI?tag=eloabder-20&linkCode=osi&th=1&psc=1"><img src="https://m.media-amazon.com/images/I/51xw0asyqTL._SL500_.jpg" alt="Product Image"></a><p>EnviroCare Replacement Vacuum Bags made to fit Kenmore Canister Type C or Q 50555, 50558, 50557 and Panasonic Type C-5 Vacuums, 9 pack</p><p>$9.79</p><a href="https://www.amazon.com/dp/B00QGD3SBI?tag=eloabder-20&linkCode=osi&th=1&psc=1">View Product</a></div><div class="product"><a href="https://www.amazon.com/dp/B0CQP9NP5N?tag=eloabder-20&linkCode=osi&th=1&psc=1"><img src="https://m.media-amazon.com/images/I/41WnNkTz8zL._SL500_.jpg" alt="Product Image"></a><p>8 Pack Replacement Vacuum Bags Compatible with Kenmore Canister Type C/Q. 5055, 50104, 50557 and 50558 Panasonic Type C-5 Vacuums</p><p>$9.99 ($1.25 / Count)</p><a href="https://www.amazon.com/dp/B0CQP9NP5N?tag=eloabder-20&linkCode=osi&th=1&psc=1">View Product</a></div>
<div class="product"><a href="https://www.amazon.com/dp/B09M3Y2BHR?tag=eloabder-20&linkCode=osi&th=1&psc=1"><img src="https://m.media-amazon.com/images/I/31tevngai1L._SL500_.jpg" alt="Product Image"></a><p>Ymimi Vacuum Filter Compatible with Eureka WhirlWind Bagless Canister Vacuum Cleaner,Fits NEN110A,NEN110B,NEN110Dï¼ˆ2-Packï¼‰</p><p>$11.99 ($6.00 / Count)</p><a href="https://www.amazon.com/dp/B09M3Y2BHR?tag=eloabder-20&linkCode=osi&th=1&psc=1">View Product</a></div><div class="product"><a href="https://www.amazon.com/dp/B07J1WWBHN?tag=eloabder-20&linkCode=osi&th=1&psc=1"><img src="https://m.media-amazon.com/images/I/51gmkDrnR2L._SL500_.jpg" alt="Product Image"></a><p>Bissell Powerforce Helix Bagless Washable Premotor Filter #1608225, Black</p><p>$7.78</p><a href="https://www.amazon.com/dp/B07J1WWBHN?tag=eloabder-20&linkCode=osi&th=1&psc=1">View Product</a></div><div class="product"><a href="https://www.amazon.com/dp/B0BK64TMMK?tag=eloabder-20&linkCode=osi&th=1&psc=1"><img src="https://m.media-amazon.com/images/I/41OBMvET7eL._SL500_.jpg" alt="Product Image"></a><p>Vacuum Belt Replacement for Bissell Cleanview Swivel Pet Upright Bagless/Powerlifter Vacuum Cleaner, fits model: 2252, 2254, 22543, 2258,2259, 2260,2316, 2739, 1793, Parts # 3031120, 32074</p><p>$6.99</p><a href="https://www.amazon.com/dp/B0BK64TMMK?tag=eloabder-20&linkCode=osi&th=1&psc=1">View Product</a></div><div class="product"><a href="https://www.amazon.com/dp/B0BKKL3WRB?tag=eloabder-20&linkCode=osi&th=1&psc=1"><img src="https://m.media-amazon.com/images/I/410jMe-FjIL._SL500_.jpg" alt="Product Image"></a><p>Aolleteau F1 HEPA Filter Compatible with Dirt Devil Bagless Upright Cleaner Models Extra Lite, Breeze, Featherlite Bagless, Jaguar Bagless,Platinum Force Vision, Scorpion and Vision Bagless (2 Pack)</p><p>$13.99 ($7.00 / Count)</p><a href="https://www.amazon.com/dp/B0BKKL3WRB?tag=eloabder-20&linkCode=osi&th=1&psc=1">View Product</a></div><div class="product"><a href="https://www.amazon.com/dp/B09SG1P4WN?tag=eloabder-20&linkCode=osi&th=1&psc=1"><img src="https://m.media-amazon.com/images/I/51+Mr+Wq5ML._SL500_.jpg" alt="Product Image"></a><p>NEN110A Vacuum Filter, Inlet Frame and Sponge Filter Compatible with Eureka Whirlwind Bagless Canister Vacuum Cleaner, Fits NEN110A, NEN110B, NEN110D(4-Pack)</p><p>$15.99 ($4.00 / Count)</p><a href="https://www.amazon.com/dp/B09SG1P4WN?tag=eloabder-20&linkCode=osi&th=1&psc=1">View Product</a></div>
<div class="product"><a href="https://www.amazon.com/dp/B07GT9VB9X?tag=eloabder-20&linkCode=osi&th=1&psc=1"><img src="https://m.media-amazon.com/images/I/41IokheYtNL._SL500_.jpg" alt="Product Image"></a><p>6 Pack 1940 Bissell Steam Mop Pads for Bissell PowerFresh Steam Mop 1806 1544 1440 2075A 2685A 1940W 19404 Series, Model 19402 19408 1940a 1940f 1940q 1940t B0006 B0017, Part #5938#203-2633</p><p>$16.99 ($2.83 / Count)</p><a href="https://www.amazon.com/dp/B07GT9VB9X?tag=eloabder-20&linkCode=osi&th=1&psc=1">View Product</a></div><div class="product"><a href="https://www.amazon.com/dp/B07H3MYZLD?tag=eloabder-20&linkCode=osi&th=1&psc=1"><img src="https://m.media-amazon.com/images/I/511p6MPxQ0L._SL500_.jpg" alt="Product Image"></a><p>Flammi Steam Pocket Mop Replacement Pads for Shark S3500 Series S3501 S3601 S3550 S3901 SE450 S3801CO S3601D S2901 S2902 Steam Pocket Mop, 4 Pack</p><p>$16.97 ($4.24 / Count)</p><a href="https://www.amazon.com/dp/B07H3MYZLD?tag=eloabder-20&linkCode=osi&th=1&psc=1">View Product</a></div><div class="product"><a href="https://www.amazon.com/dp/B0C8SH97HN?tag=eloabder-20&linkCode=osi&th=1&psc=1"><img src="https://m.media-amazon.com/images/I/31Mex4y7odL._SL500_.jpg" alt="Product Image"></a><p>HOMEXCEL Steam Mop Replacement Pads Compatible with Bissell Powerfresh Steam Mop 1940 1806 1440 1544 Series, Model 19402 19404 19408 2685A 2075A 1940A 1940Q 1940T 1940W, Steam Mop Pads Refills,4 Pack</p><p>$9.99 ($2.50 / Count)</p><a href="https://www.amazon.com/dp/B0C8SH97HN?tag=eloabder-20&linkCode=osi&th=1&psc=1">View Product</a></div><div class="product"><a href="https://www.amazon.com/dp/B0BFWTXS33?tag=eloabder-20&linkCode=osi&th=1&psc=1"><img src="https://m.media-amazon.com/images/I/51pa2h7o0EL._SL500_.jpg" alt="Product Image"></a><p>12 Pack 1940 Steam Mop Replacement Pads for Bissell Powerfresh Steam Mop 1940 1440 1806 1544 2075 2685A 2814 Series, Model 19402 19404 19408 19409 1940A 1940F 1940Q 1940T 1940W B0006 B0017 2075A 15441</p><p>$24.99</p><a href="https://www.amazon.com/dp/B0BFWTXS33?tag=eloabder-20&linkCode=osi&th=1&psc=1">View Product</a></div><div class="product"><a href="https://www.amazon.com/dp/B0CLP5QGTY?tag=eloabder-20&linkCode=osi&th=1&psc=1"><img src="https://m.media-amazon.com/images/I/414HqpKde9L._SL500_.jpg" alt="Product Image"></a><p>10 Pack 1940 1806 2685A Steam Mop Pads For Bissell Powerfresh Steam Mop Deluxe Pet Lift-Off Plus Slim Scrubbing Steam Mop Replacement Pad 1940A 2814 1544A 2075A Power Fresh Steamer Pad Refill Washable</p><p>$22.99 ($2.30 / Count)</p><a href="https://www.amazon.com/dp/B0CLP5QGTY?tag=eloabder-20&linkCode=osi&th=1&psc=1">View Product</a></div><div class="product"><a href="https://www.amazon.com/dp/B078BBKBPV?tag=eloabder-20&linkCode=osi&th=1&psc=1"><img src="https://m.media-amazon.com/images/I/51WcJqtOUIL._SL500_.jpg" alt="Product Image"></a><p>Tidy Monster Steam Mop Replacement Pads Compatible with Bissell Powerfresh Steam Mop 1940 1806 1544 1440 2075A 2685A Series, Part # 5938 & 203-2633, 1606668 & 1606669 (4 Pack Scrub Plush)</p><p>$9.99</p><a href="https://www.amazon.com/dp/B078BBKBPV?tag=eloabder-20&linkCode=osi&th=1&psc=1">View Product</a></div><div class="product"><a href="https://www.amazon.com/dp/B00A6G37SU?tag=eloabder-20&linkCode=osi&th=1&psc=1"><img src="https://m.media-amazon.com/images/I/51xo0LB-SpL._SL500_.jpg" alt="Product Image"></a><p>BISSELL PowerFresh Steam Mop Pads (Pack of 2) with Fragrance discs (4 ct), 5938</p><p>$21.26 ($10.63 / Count)</p><a href="https://www.amazon.com/dp/B00A6G37SU?tag=eloabder-20&linkCode=osi&th=1&psc=1">View Product</a></div>
<div class="product"><a href="https://www.amazon.com/dp/B0D2QFVY7H?tag=eloabder-20&linkCode=osi&th=1&psc=1"><img src="https://m.media-amazon.com/images/I/417B7H+vvML._SL500_.jpg" alt="Product Image"></a><p>Kenmore KS1010 Deep Clean & Revitalize Pet Carpet Cleaner Formula, 64 oz, White, 64 Fl Oz</p><p>$22.73 ($0.36 / Fl Oz)</p><a href="https://www.amazon.com/dp/B0D2QFVY7H?tag=eloabder-20&linkCode=osi&th=1&psc=1">View Product</a></div><div class="product"><a href="https://www.amazon.com/dp/B0BNK8ZJJ1?tag=eloabder-20&linkCode=osi&th=1&psc=1"><img src="https://m.media-amazon.com/images/I/51z0Pc4xcNL._SL500_.jpg" alt="Product Image"></a><p>Bissell Spotlifter Pet Carpet and Upholstery Cleaner with Brush Head - 4 Pack, 93523</p><p>$23.88 ($0.50 / Fl Oz)</p><a href="https://www.amazon.com/dp/B0BNK8ZJJ1?tag=eloabder-20&linkCode=osi&th=1&psc=1">View Product</a></div><div class="product"><a href="https://www.amazon.com/dp/B0CX245D26?tag=eloabder-20&linkCode=osi&th=1&psc=1"><img src="https://m.media-amazon.com/images/I/411CSXvvO1L._SL500_.jpg" alt="Product Image"></a><p>BISSELLÂ® Spot & Stain with Febreze + Gain Original Scent Formula for Little Green Devices, Portable Carpet Cleaners (3968)</p><p>$12.99 ($0.41 / Fl Oz)</p><a href="https://www.amazon.com/dp/B0CX245D26?tag=eloabder-20&linkCode=osi&th=1&psc=1">View Product</a></div><div class="product"><a href="https://www.amazon.com/dp/B083VZW4R5?tag=eloabder-20&linkCode=osi&th=1&psc=1"><img src="https://m.media-amazon.com/images/I/413BULPLmBL._SL500_.jpg" alt="Product Image"></a><p>BISSELL Multi-Surface Pet Formula with Febreze Freshness for Crosswave (80 oz), 2295L</p><p>$22.99 ($0.29 / Fl Oz)</p><a href="https://www.amazon.com/dp/B083VZW4R5?tag=eloabder-20&linkCode=osi&th=1&psc=1">View Product</a></div><div class="product"><a href="https://www.amazon.com/dp/B0D2RGW219?tag=eloabder-20&linkCode=osi&th=1&psc=1"><img src="https://m.media-amazon.com/images/I/41gD+82tnAL._SL500_.jpg" alt="Product Image"></a><p>Vacmaster Clean & Restore Carpet Cleaner Formula â€“ CCS03</p><p>$19.99 ($0.31 / Fl Oz)</p><a href="https://www.amazon.com/dp/B0D2RGW219?tag=eloabder-20&linkCode=osi&th=1&psc=1">View Product</a></div>






<div class="product"><a href="https://www.amazon.com/dp/B0BY64HQTP?tag=eloabder-20&linkCode=osi&th=1&psc=1"><img src="https://m.media-amazon.com/images/I/41hUxHuASYL._SL500_.jpg" alt="Product Image"></a><p>Air Conditioning Motor WZDK13-38G-1(RD-310-13-8) DC Brushless Fan Motor, 13W Inverter air Conditioner Motor DC Motor for Central air Conditioner</p><p>$39.95</p><a href="https://www.amazon.com/dp/B0BY64HQTP?tag=eloabder-20&linkCode=osi&th=1&psc=1">View Product</a></div><div class="product"><a href="https://www.amazon.com/dp/B0CM5YB884?tag=eloabder-20&linkCode=osi&th=1&psc=1"><img src="https://m.media-amazon.com/images/I/310lQ2tAvLL._SL500_.jpg" alt="Product Image"></a><p>Sparkfix OEM WZDK20-38G (ZKFP-20-8-6) Air Conditioner Replacement Motors DC280V 20W Air Conditioning Fan Motor Inverter Air Conditioner Brushless DC Motor 1300RPM CCW</p><p>$42.79</p><a href="https://www.amazon.com/dp/B0CM5YB884?tag=eloabder-20&linkCode=osi&th=1&psc=1">View Product</a></div>













<div class="product"><a href="https://www.amazon.com/dp/B009PCI2JU?tag=eloabder-20&linkCode=osi&th=1&psc=1"><img src="https://m.media-amazon.com/images/I/310ZJurANUL._SL500_.jpg" alt="Product Image"></a><p>GE RPWFE Refrigerator Water Filter | Certified to Reduce Lead, Sulfur, and 50+ Other Impurities | Replace Every 6 Months for Best Results | Pack of 1</p><p>$49.98</p><a href="https://www.amazon.com/dp/B009PCI2JU?tag=eloabder-20&linkCode=osi&th=1&psc=1">View Product</a></div><div class="product"><a href="https://www.amazon.com/dp/B0882ZJ48W?tag=eloabder-20&linkCode=osi&th=1&psc=1"><img src="https://m.media-amazon.com/images/I/41110o9sUoL._SL500_.jpg" alt="Product Image"></a><p>GE XWFE Refrigerator Water Filter | Certified to Reduce Lead, Sulfur, and 50+ Other Impurities | Replace Every 6 Months for Best Results | Pack of 1, White</p><p>$49.00</p><a href="https://www.amazon.com/dp/B0882ZJ48W?tag=eloabder-20&linkCode=osi&th=1&psc=1">View Product</a></div><div class="product"><a href="https://www.amazon.com/dp/B074HLRXMP?tag=eloabder-20&linkCode=osi&th=1&psc=1"><img src="https://m.media-amazon.com/images/I/21oDpGCQXiL._SL500_.jpg" alt="Product Image"></a><p>LG LT1000P - 6 Month / 200 Gallon Capacity Replacement Refrigerator Water Filter (NSF42, NSF53, and NSF401) ADQ74793501, ADQ75795105, or AGF80300704 , White</p><p>$47.00</p><a href="https://www.amazon.com/dp/B074HLRXMP?tag=eloabder-20&linkCode=osi&th=1&psc=1">View Product</a></div><div class="product"><a href="https://www.amazon.com/dp/B01BKWSHHE?tag=eloabder-20&linkCode=osi&th=1&psc=1"><img src="https://m.media-amazon.com/images/I/31E2+zlkvjL._SL500_.jpg" alt="Product Image"></a><p>Frigidaire EPTWFU01 Water Filtration Filter, 1 Count, White</p><p>$42.99</p><a href="https://www.amazon.com/dp/B01BKWSHHE?tag=eloabder-20&linkCode=osi&th=1&psc=1">View Product</a></div><div class="product"><a href="https://www.amazon.com/dp/B08V6JB9R7?tag=eloabder-20&linkCode=osi&th=1&psc=1"><img src="https://m.media-amazon.com/images/I/31PRPEffCZL._SL500_.jpg" alt="Product Image"></a><p>Frigidaire FPPWFU01 PurePour PWF-1 Water Filter 1 Count (Pack of 1)</p><p>$45.81</p><a href="https://www.amazon.com/dp/B08V6JB9R7?tag=eloabder-20&linkCode=osi&th=1&psc=1">View Product</a></div><div class="product"><a href="https://www.amazon.com/dp/B000AST3AK?tag=eloabder-20&linkCode=osi&th=1&psc=1"><img src="https://m.media-amazon.com/images/I/41DUoSxpwTS._SL500_.jpg" alt="Product Image"></a><p>GE MWF Refrigerator Water Filter | Certified to Reduce Lead, Sulfur, and 50+ Other Impurities | Replace Every 6 Months for Best Results | Pack of 1</p><p>$39.98</p><a href="https://www.amazon.com/dp/B000AST3AK?tag=eloabder-20&linkCode=osi&th=1&psc=1">View Product</a></div><div class="product"><a href="https://www.amazon.com/dp/B0CFZR7K8D?tag=eloabder-20&linkCode=osi&th=1&psc=1"><img src="https://m.media-amazon.com/images/I/31WM5sdhKLL._SL500_.jpg" alt="Product Image"></a><p>HMASAV W10295370A water filter replacement, Compatible with EDR1RXD1,EDR1RXD1B,W10295370,Filter 1,WHR1RXD1,KAD1RXD1,P4RFWB,P8RFWB2L,46-9930,46-9081 2PACK</p><p>$29.99 ($15.00 / Count)</p><a href="https://www.amazon.com/dp/B0CFZR7K8D?tag=eloabder-20&linkCode=osi&th=1&psc=1">View Product</a></div><div class="product"><a href="https://www.amazon.com/dp/B07JM9TTTT?tag=eloabder-20&linkCode=osi&th=1&psc=1"><img src="https://m.media-amazon.com/images/I/41CfAtJ8TPL._SL500_.jpg" alt="Product Image"></a><p>GLACIER FRESH LT1000PC Replacement Water Filter, Compatible with LT1000PC/PCS, LT1000PC, LT-1000PC, MDJ64844601, ADQ747935 ADQ74793504 Filter and LT120F ADQ73334008 Fresh Air (3+3)</p><p>$39.99 ($13.33 / Count)</p><a href="https://www.amazon.com/dp/B07JM9TTTT?tag=eloabder-20&linkCode=osi&th=1&psc=1">View Product</a></div><div class="product"><a href="https://www.amazon.com/dp/B003N1ZSYG?tag=eloabder-20&linkCode=osi&th=1&psc=1"><img src="https://m.media-amazon.com/images/I/31Mbrkrxu1L._SL500_.jpg" alt="Product Image"></a><p>SAMSUNG Genuine Filter for Refrigerator Water and Ice, Carbon Block Filtration for Clean, Clear Drinking Water, 6-Month Life, HAF-CIN/EXP, 1 Pack</p><p>$39.99</p><a href="https://www.amazon.com/dp/B003N1ZSYG?tag=eloabder-20&linkCode=osi&th=1&psc=1">View Product</a></div>









<div class="product"><a href="https://www.amazon.com/dp/B0B2NZ47HN?tag=eloabder-20&linkCode=osi&th=1&psc=1"><img src="https://m.media-amazon.com/images/I/41nC6c2XxJL._SL500_.jpg" alt="Product Image"></a><p>OTE Portable Sparkling Water Maker Soda Maker Machine for home with 20PCS Cylinders 450ml Personal seltzer Carbonators Electroless Double Layer PET Bottle BPA Free Double Pressure Relief Valves -Pink</p><p>$49.99</p><a href="https://www.amazon.com/dp/B0B2NZ47HN?tag=eloabder-20&linkCode=osi&th=1&psc=1">View Product</a></div><div class="product"><a href="https://www.amazon.com/dp/B09DY54L7M?tag=eloabder-20&linkCode=osi&th=1&psc=1"><img src="https://m.media-amazon.com/images/I/31LSpnm3G8L._SL500_.jpg" alt="Product Image"></a><p>MOSOLAN Bottle Cleaning Brush, 17 Inches Extra Long Handle Water Bottle Brush, Flexible Bendable Cleaner for Washing Narrow Neck Bottles, Wine Decanter, Kombucha, Pipes, Beer Brewing Supplies, 2 Pack</p><p>$11.95 ($5.98 / Count)</p><a href="https://www.amazon.com/dp/B09DY54L7M?tag=eloabder-20&linkCode=osi&th=1&psc=1">View Product</a></div><div class="product"><a href="https://www.amazon.com/dp/B0736CBNDN?tag=eloabder-20&linkCode=osi&th=1&psc=1"><img src="https://m.media-amazon.com/images/I/41tWXmwP5KL._SL500_.jpg" alt="Product Image"></a><p>#2 Filter Pads (10 Pack Bulk) Compatible with Mini Jet Machine | #2 1.8-2.5 micron | 2 Micron Filtering pads. Filter Wine Beer, Kombucha, Mead Mash. Polishing filtration| Not a Buon Vino product.</p><p>$18.99</p><a href="https://www.amazon.com/dp/B0736CBNDN?tag=eloabder-20&linkCode=osi&th=1&psc=1">View Product</a></div>









<div class="product"><a href="https://www.amazon.com/dp/B07YGN577Y?tag=eloabder-20&linkCode=osi&th=1&psc=1"><img src="https://m.media-amazon.com/images/I/31kfZiyDMUL._SL500_.jpg" alt="Product Image"></a><p>9870163 Trash Power Nut WP9870163 L8</p><p>$50.36</p><a href="https://www.amazon.com/dp/B07YGN577Y?tag=eloabder-20&linkCode=osi&th=1&psc=1">View Product</a></div>

<div class="product"><a href="https://www.amazon.com/dp/B0CWQLM4C7?tag=eloabder-20&linkCode=osi&th=1&psc=1"><img src="https://m.media-amazon.com/images/I/41gTEIOjtlL._SL500_.jpg" alt="Product Image"></a><p>7" Seven Seconds Lazy Kitchen Food Making Tools - Multifunctional Fruit Vegetable Chopper Quick Garlic Peeling Machine Convenient Food Chopper for Slicing,Juice,Grinding</p><p>$32.99</p><a href="https://www.amazon.com/dp/B0CWQLM4C7?tag=eloabder-20&linkCode=osi&th=1&psc=1">View Product</a></div>







<div class="product"><a href="https://www.amazon.com/dp/B0CNKFM9WR?tag=eloabder-20&linkCode=osi&th=1&psc=1"><img src="https://m.media-amazon.com/images/I/31sGGIDic9L._SL500_.jpg" alt="Product Image"></a><p>hobbyme Pack of 4 Plastic Coffee Scoops with Brush & Espresso Grinder Brush for Ground Coffee Cleaning Tea Power Coffee Grinder Spoon</p><p>$6.49</p><a href="https://www.amazon.com/dp/B0CNKFM9WR?tag=eloabder-20&linkCode=osi&th=1&psc=1">View Product</a></div>





<div class="product"><a href="https://www.amazon.com/dp/B07798328B?tag=eloabder-20&linkCode=osi&th=1&psc=1"><img src="https://m.media-amazon.com/images/I/31Vpin+sgUS._SL500_.jpg" alt="Product Image"></a><p>Prime-Line MP10513 Standard Plastic Ice Cube Trays (5 Pack)</p><p>$12.69</p><a href="https://www.amazon.com/dp/B07798328B?tag=eloabder-20&linkCode=osi&th=1&psc=1">View Product</a></div><div class="product"><a href="https://www.amazon.com/dp/B077965JDB?tag=eloabder-20&linkCode=osi&th=1&psc=1"><img src="https://m.media-amazon.com/images/I/31H1hNlH6RL._SL500_.jpg" alt="Product Image"></a><p>Prime-Line MP10863 Standard Plastic Ice Cube Trays (2 Pack)</p><p>$9.69</p><a href="https://www.amazon.com/dp/B077965JDB?tag=eloabder-20&linkCode=osi&th=1&psc=1">View Product</a></div>

<div class="product"><a href="https://www.amazon.com/dp/B08MPLY84K?tag=eloabder-20&linkCode=osi&th=1&psc=1"><img src="https://m.media-amazon.com/images/I/31kWTfzQJBL._SL500_.jpg" alt="Product Image"></a><p>Syntus Vacuum Sealer Bags, 6 Pack 3 Rolls 11" x 20' and 3 Rolls 8" x 20' Commercial Grade BPA Free Bag Rolls, Food Vac Bags for Storage, Meal Prep or Sous Vide</p><p>$19.99</p><a href="https://www.amazon.com/dp/B08MPLY84K?tag=eloabder-20&linkCode=osi&th=1&psc=1">View Product</a></div><div class="product"><a href="https://www.amazon.com/dp/B0C5BWRMQL?tag=eloabder-20&linkCode=osi&th=1&psc=1"><img src="https://m.media-amazon.com/images/I/41yPpkb6oeL._SL500_.jpg" alt="Product Image"></a><p>Bonsenkitchen Vacuum Sealer Rolls Bags, 6 Pack 3 Rolls 11" x 20' + 3 Rolls 8" x 20' Commercial Grade BPA Free Bag Rolls, Durable Customized Size Food Vac Bags for Storage and Sous Vide Cooking VB3211</p><p>$19.99 ($3.33 / Count)</p><a href="https://www.amazon.com/dp/B0C5BWRMQL?tag=eloabder-20&linkCode=osi&th=1&psc=1">View Product</a></div><div class="product"><a href="https://www.amazon.com/dp/B0C5C1JTC4?tag=eloabder-20&linkCode=osi&th=1&psc=1"><img src="https://m.media-amazon.com/images/I/31JpyYsm7YL._SL500_.jpg" alt="Product Image"></a><p>Bonsenkitchen Vacuum Food Sealer Bags 200 Quart 8" x 12", BPA Free, Commercial Grade Textured Food Vacuum Sealer Bag, Thick Embossed Bags for Food Storage and Sous Vide Cooking VB3208</p><p>$18.39 ($0.09 / Count)</p><a href="https://www.amazon.com/dp/B0C5C1JTC4?tag=eloabder-20&linkCode=osi&th=1&psc=1">View Product</a></div><div class="product"><a href="https://www.amazon.com/dp/B07TMZDGQ1?tag=eloabder-20&linkCode=osi&th=1&psc=1"><img src="https://m.media-amazon.com/images/I/31cRCu-JIsL._SL500_.jpg" alt="Product Image"></a><p>Wevac Vacuum Sealer Bags 11x50 Rolls 2 pack for Food Saver, Seal a Meal, Weston. Commercial Grade, BPA Free, Heavy Duty, Great for vac storage, Meal Prep or Sous Vide</p><p>$20.99 ($0.21 / Count)</p><a href="https://www.amazon.com/dp/B07TMZDGQ1?tag=eloabder-20&linkCode=osi&th=1&psc=1">View Product</a></div><div class="product"><a href="https://www.amazon.com/dp/B07TV4KRCL?tag=eloabder-20&linkCode=osi&th=1&psc=1"><img src="https://m.media-amazon.com/images/I/31uv3qtc9bL._SL500_.jpg" alt="Product Image"></a><p>Wevac Vacuum Sealer Bags 100 Gallon 11x16 Inch for Food Saver, Seal a Meal, Weston. Commercial Grade, BPA Free, Heavy Duty, Great for vac storage, Meal Prep and Sous Vide</p><p>$21.24</p><a href="https://www.amazon.com/dp/B07TV4KRCL?tag=eloabder-20&linkCode=osi&th=1&psc=1">View Product</a></div>


<div class="product"><a href="https://www.amazon.com/dp/B093G5XCVF?tag=eloabder-20&linkCode=osi&th=1&psc=1"><img src="https://m.media-amazon.com/images/I/313Cq6ASf0S._SL500_.jpg" alt="Product Image"></a><p>2 Multipurpose Pastry Brush Basting & Coffee Grinders Cleaning Brush Wooden Handle Natural Boar Bristles Baking Cooking Sauce egg wash Bakery Supply Espresso Bean Barista</p><p>$7.21</p><a href="https://www.amazon.com/dp/B093G5XCVF?tag=eloabder-20&linkCode=osi&th=1&psc=1">View Product</a></div><div class="product"><a href="https://www.amazon.com/dp/B07JGRYG31?tag=eloabder-20&linkCode=osi&th=1&psc=1"><img src="https://m.media-amazon.com/images/I/31nd-jhgzdL._SL500_.jpg" alt="Product Image"></a><p>Coffee Grinder Cleaning Brush + Coffee Brush Wood Handle & Natural Bristles Pastry Brush</p><p>$5.99</p><a href="https://www.amazon.com/dp/B07JGRYG31?tag=eloabder-20&linkCode=osi&th=1&psc=1">View Product</a></div><div class="product"><a href="https://www.amazon.com/dp/B0C53G4T7X?tag=eloabder-20&linkCode=osi&th=1&psc=1"><img src="https://m.media-amazon.com/images/I/21Hrgmpj8YL._SL500_.jpg" alt="Product Image"></a><p>Leadigol Cleaning Tool Coffee Machine Home Pastry Brush Multifunctional Wooden Handle Baking Soft Bristles Coffee Grinder Brush</p><p>$7.99</p><a href="https://www.amazon.com/dp/B0C53G4T7X?tag=eloabder-20&linkCode=osi&th=1&psc=1">View Product</a></div><div class="product"><a href="https://www.amazon.com/dp/B07W5WM2LF?tag=eloabder-20&linkCode=osi&th=1&psc=1"><img src="https://m.media-amazon.com/images/I/41-7fWE9tSL._SL500_.jpg" alt="Product Image"></a><p>Redecker Waffle Machine Brush with Oiled Beechwood Handle, Stiff Heat-resistant Tampico Fiber Bristles, 6-1/2 inches, Made in Germany</p><p>$21.99</p><a href="https://www.amazon.com/dp/B07W5WM2LF?tag=eloabder-20&linkCode=osi&th=1&psc=1">View Product</a></div>






Aucun rÃ©sultat trouvÃ©.


<div class="product"><a href="https://www.amazon.com/dp/B00LQKZQAW?tag=eloabder-20&linkCode=osi&th=1&psc=1"><img src="https://m.media-amazon.com/images/I/31nBii+cbiL._SL500_.jpg" alt="Product Image"></a><p>Electrolux 5308000716 Dish Replacement , White</p><p>$17.16</p><a href="https://www.amazon.com/dp/B00LQKZQAW?tag=eloabder-20&linkCode=osi&th=1&psc=1">View Product</a></div><div class="product"><a href="https://www.amazon.com/dp/B09BBPTSNK?tag=eloabder-20&linkCode=osi&th=1&psc=1"><img src="https://m.media-amazon.com/images/I/41kdVEnPDTL._SL500_.jpg" alt="Product Image"></a><p>Judeeâ€™s Butter Powder 5 lb - 100% Non-GMO and Keto-Friendly - rBST Hormone-Free - Gluten-Free and Nut-Free - Made from 100% Real Butter - Baking Ready Ingredient - Made in USA</p><p>$59.99 ($0.75 / Ounce)</p><a href="https://www.amazon.com/dp/B09BBPTSNK?tag=eloabder-20&linkCode=osi&th=1&psc=1">View Product</a></div>
<div class="product"><a href="https://www.amazon.com/dp/B0C1G9K19X?tag=eloabder-20&linkCode=osi&th=1&psc=1"><img src="https://m.media-amazon.com/images/I/41OVBrQ1wFL._SL500_.jpg" alt="Product Image"></a><p>Coffee Cup Design Coffee Filter Holder, Coffee Paper Rack Stand, Metal Coffee Filter Container Stand, Coffee Bar Accessories Vertical Paper Towel Napkin Holder for Cone Square Fan Shaped Size (Black)</p><p>$8.99</p><a href="https://www.amazon.com/dp/B0C1G9K19X?tag=eloabder-20&linkCode=osi&th=1&psc=1">View Product</a></div><div class="product"><a href="https://www.amazon.com/dp/B07TP1YN7G?tag=eloabder-20&linkCode=osi&th=1&psc=1"><img src="https://m.media-amazon.com/images/I/41BpYdpRyaL._SL500_.jpg" alt="Product Image"></a><p>CAFEMASY Coffee Filter Holder Storage Coffee Filter Paper Dispenser Rack with Dustproof Cover for V60 and Cone Coffee Filters</p><p>$9.99</p><a href="https://www.amazon.com/dp/B07TP1YN7G?tag=eloabder-20&linkCode=osi&th=1&psc=1">View Product</a></div><div class="product"><a href="https://www.amazon.com/dp/B0BFCTW7MY?tag=eloabder-20&linkCode=osi&th=1&psc=1"><img src="https://m.media-amazon.com/images/I/31s709IEZkL._SL500_.jpg" alt="Product Image"></a><p>Coffee Filter Holder, watchget Reusable Coffee Paper Filter Storage Bag for Cone-shaped Filter Papers V60 Waterproof Canvas Suitable for Outdoor Camping Traveling(02)</p><p>$11.99</p><a href="https://www.amazon.com/dp/B0BFCTW7MY?tag=eloabder-20&linkCode=osi&th=1&psc=1">View Product</a></div>

















<div class="product"><a href="https://www.amazon.com/dp/B00UTFZAII?tag=eloabder-20&linkCode=osi&th=1&psc=1"><img src="https://m.media-amazon.com/images/I/31z7hZ6KbXL._SL500_.jpg" alt="Product Image"></a><p>Miele 10123210 AirClean 3D Efficiency Dust Bag, Type GN, 4 Bags & 2 Filters, White</p><p>$21.86 ($21.86 / Count)</p><a href="https://www.amazon.com/dp/B00UTFZAII?tag=eloabder-20&linkCode=osi&th=1&psc=1">View Product</a></div><div class="product"><a href="https://www.amazon.com/dp/B07WHG6J5S?tag=eloabder-20&linkCode=osi&th=1&psc=1"><img src="https://m.media-amazon.com/images/I/41hnaEOxB9L._SL500_.jpg" alt="Product Image"></a><p>KEEPOW Vacuum Filters for Eureka, Power Speed Vacuum Filters Replacement for Eureka NEU182A, NEU182B, NEU280, NEU180, NEU181, NEU188, NEU202 Bagless Upright Vacuum Cleaner, Part E0202 (4 Pack)</p><p>$9.99 ($2.50 / Count)</p><a href="https://www.amazon.com/dp/B07WHG6J5S?tag=eloabder-20&linkCode=osi&th=1&psc=1">View Product</a></div><div class="product"><a href="https://www.amazon.com/dp/B00UTFZB82?tag=eloabder-20&linkCode=osi&th=1&psc=1"><img src="https://m.media-amazon.com/images/I/41WdlL5T0dL._SL500_.jpg" alt="Product Image"></a><p>Miele AirClean 3D Efficiency Dust Bag, Type FJM, 4 Bags & 2 Filters, White</p><p>$18.99</p><a href="https://www.amazon.com/dp/B00UTFZB82?tag=eloabder-20&linkCode=osi&th=1&psc=1">View Product</a></div><div class="product"><a href="https://www.amazon.com/dp/B09NKP346M?tag=eloabder-20&linkCode=osi&th=1&psc=1"><img src="https://m.media-amazon.com/images/I/41o25nqkODL._SL500_.jpg" alt="Product Image"></a><p>Anewise 6 Pack Filter Replacement for Bissell Powerforce Compact Lightweight Upright 2112 1520 for Bissel Turbo Bagless 2690 Cleanview 3437 3508 Vacuum Cleaner, Compare to Parts #1604896/160-4896</p><p>$12.99</p><a href="https://www.amazon.com/dp/B09NKP346M?tag=eloabder-20&linkCode=osi&th=1&psc=1">View Product</a></div><div class="product"><a href="https://www.amazon.com/dp/B01MQ5NITB?tag=eloabder-20&linkCode=osi&th=1&psc=1"><img src="https://m.media-amazon.com/images/I/41J6lG4H1bL._SL500_.jpg" alt="Product Image"></a><p>Bissell Style 7 3 Pack Vacuum Cleaner Bags, White, 3 Count</p><p>$8.69 ($2.90 / Count)</p><a href="https://www.amazon.com/dp/B01MQ5NITB?tag=eloabder-20&linkCode=osi&th=1&psc=1">View Product</a></div><div class="product"><a href="https://www.amazon.com/dp/B0CDH1JY5D?tag=eloabder-20&linkCode=osi&th=1&psc=1"><img src="https://m.media-amazon.com/images/I/516DPXu4siL._SL500_.jpg" alt="Product Image"></a><p>4 Pack Replacement Filters Compatiable with Wyze Cordless Vacuum Cleaner, Removable and Washable HEPA Filter Accessories Part Set with 1 Cleaning Brush for Wyze Handheld Cordless Vacuum Cleaner</p><p>$15.99 ($4.00 / Count)</p><a href="https://www.amazon.com/dp/B0CDH1JY5D?tag=eloabder-20&linkCode=osi&th=1&psc=1">View Product</a></div><div class="product"><a href="https://www.amazon.com/dp/B07P3WB37F?tag=eloabder-20&linkCode=osi&th=1&psc=1"><img src="https://m.media-amazon.com/images/I/51WaYrkiVXL._SL500_.jpg" alt="Product Image"></a><p>Miele AirClean 3D Efficiency Dust Bag, Type GN, XL Value Pack, 8 Bags and 4 Filters</p><p>$36.99</p><a href="https://www.amazon.com/dp/B07P3WB37F?tag=eloabder-20&linkCode=osi&th=1&psc=1">View Product</a></div><div class="product"><a href="https://www.amazon.com/dp/B09DSY4Z2T?tag=eloabder-20&linkCode=osi&th=1&psc=1"><img src="https://m.media-amazon.com/images/I/51+ref3EeAL._SL500_.jpg" alt="Product Image"></a><p>Filter Replacement for Tineco A10 A11 Hero A10/A11 Master PURE ONE S11 Series, S12, X Cordless Vacuum Cleaner (3 PACK) â€¦</p><p>$12.99 ($4.33 / Count)</p><a href="https://www.amazon.com/dp/B09DSY4Z2T?tag=eloabder-20&linkCode=osi&th=1&psc=1">View Product</a></div>


<div class="product"><a href="https://www.amazon.com/dp/B0BXRR5QFV?tag=eloabder-20&linkCode=osi&th=1&psc=1"><img src="https://m.media-amazon.com/images/I/41sjdBkCp8L._SL500_.jpg" alt="Product Image"></a><p>AC Infinity CLOUDFORGE T7, Plant Humidifier 15L with VPD Humidity Controls, 10-Level Precision Vaporizer, Extendable Hose, Targeting Pipe, and No-Leak Seal for Grow Tents</p><p>$159.00</p><a href="https://www.amazon.com/dp/B0BXRR5QFV?tag=eloabder-20&linkCode=osi&th=1&psc=1">View Product</a></div><div class="product"><a href="https://www.amazon.com/dp/B01N6MV8SA?tag=eloabder-20&linkCode=osi&th=1&psc=1"><img src="https://m.media-amazon.com/images/I/41hX08+W1xL._SL500_.jpg" alt="Product Image"></a><p>Protec Humidifier Tank Cleaner, 1 Count - Colors May Vary</p><p>$5.98</p><a href="https://www.amazon.com/dp/B01N6MV8SA?tag=eloabder-20&linkCode=osi&th=1&psc=1">View Product</a></div><div class="product"><a href="https://www.amazon.com/dp/B07GXBTH82?tag=eloabder-20&linkCode=osi&th=1&psc=1"><img src="https://m.media-amazon.com/images/I/41ibxK12JPL._SL500_.jpg" alt="Product Image"></a><p>Essick Air 1970-2 Humidifier, 2-Quart Bacteriostatic Treatment, 2 Pack, Clear, 2</p><p>$22.99</p><a href="https://www.amazon.com/dp/B07GXBTH82?tag=eloabder-20&linkCode=osi&th=1&psc=1">View Product</a></div><div class="product"><a href="https://www.amazon.com/dp/B08TTT3K9B?tag=eloabder-20&linkCode=osi&th=1&psc=1"><img src="https://m.media-amazon.com/images/I/41U6j9SexmL._SL500_.jpg" alt="Product Image"></a><p>Leemone Humidifier Cleaner 12 Pack, Demineralization Cleaning Ball, Works in All humidifiers and Fish Tanks, Purifies Water, Prevents Hard Water Build-Up, Eliminates White Dust and Odor</p><p>$14.44</p><a href="https://www.amazon.com/dp/B08TTT3K9B?tag=eloabder-20&linkCode=osi&th=1&psc=1">View Product</a></div>
<div class="product"><a href="https://www.amazon.com/dp/B07YD4XCT3?tag=eloabder-20&linkCode=osi&th=1&psc=1"><img src="https://m.media-amazon.com/images/I/41hR81iKyJL._SL500_.jpg" alt="Product Image"></a><p>Vacplus Moisture Absorber Packets, Fragrance Free(10 Pack), Humidity Packs, Hanging Closet Dehumidifier Bags, Desiccant 9.8OZ</p><p>$21.99</p><a href="https://www.amazon.com/dp/B07YD4XCT3?tag=eloabder-20&linkCode=osi&th=1&psc=1">View Product</a></div><div class="product"><a href="https://www.amazon.com/dp/B09LQF5V5K?tag=eloabder-20&linkCode=osi&th=1&psc=1"><img src="https://m.media-amazon.com/images/I/51Cx5ECAotL._SL500_.jpg" alt="Product Image"></a><p>CLEVAST Moisture Absorbers Packets 10 Pack, Dehumidifier Bags for Closet, Unscented Hanging Humidity Absorber in Wardrobes, Bedrooms, Bathrooms(230g/pack)</p><p>$16.98</p><a href="https://www.amazon.com/dp/B09LQF5V5K?tag=eloabder-20&linkCode=osi&th=1&psc=1">View Product</a></div><div class="product"><a href="https://www.amazon.com/dp/B0B8L9QRW8?tag=eloabder-20&linkCode=osi&th=1&psc=1"><img src="https://m.media-amazon.com/images/I/518LgtpPi8L._SL500_.jpg" alt="Product Image"></a><p>Arm & Hammer Essentials Disposable Moisture Absorber and Odor Eliminator Tub, Fragrance Free, 1 lb, 3-Pack, Attracts and Traps Excess Moisture, Ideal Closet Dehumidifier, White</p><p>$24.94 ($0.52 / Ounce)</p><a href="https://www.amazon.com/dp/B0B8L9QRW8?tag=eloabder-20&linkCode=osi&th=1&psc=1">View Product</a></div><div class="product"><a href="https://www.amazon.com/dp/B09W9TPJGZ?tag=eloabder-20&linkCode=osi&th=1&psc=1"><img src="https://m.media-amazon.com/images/I/51pVTVMwHbL._SL500_.jpg" alt="Product Image"></a><p>THECOSKY Dehumidifier and Air Purifier Combo,HEPA H13 Filter and Negative Air Ion Function,54oz(1.6L) Water Tank with Drain Hose,24hrs Auto-Off Timer,Idea for Bedroom,Bathroom,Closet,RV</p><p>$109.99</p><a href="https://www.amazon.com/dp/B09W9TPJGZ?tag=eloabder-20&linkCode=osi&th=1&psc=1">View Product</a></div><div class="product"><a href="https://www.amazon.com/dp/B0CXDG65LZ?tag=eloabder-20&linkCode=osi&th=1&psc=1"><img src="https://m.media-amazon.com/images/I/41HNflmbKHL._SL500_.jpg" alt="Product Image"></a><p>14 x 17.5 x1.75 MERV 13 Replacement Dehumidifier Filter Compatible with Santa Fe Advance90, Advance100, Advance120, Honeywell DR90 & DR120 dehumidifier models, 2 Pack</p><p>$42.99</p><a href="https://www.amazon.com/dp/B0CXDG65LZ?tag=eloabder-20&linkCode=osi&th=1&psc=1">View Product</a></div>
<div class="product"><a href="https://www.amazon.com/dp/B088B921NQ?tag=eloabder-20&linkCode=osi&th=1&psc=1"><img src="https://m.media-amazon.com/images/I/612e4cT3RYL._SL500_.jpg" alt="Product Image"></a><p>ULTTY H13 HEPA Replacement Filter with Medical Coating, True HEPA Filter For R021/ R020 Purifying Fan, Medium</p><p>$29.99</p><a href="https://www.amazon.com/dp/B088B921NQ?tag=eloabder-20&linkCode=osi&th=1&psc=1">View Product</a></div><div class="product"><a href="https://www.amazon.com/dp/B0D2MZ4Y7Z?tag=eloabder-20&linkCode=osi&th=1&psc=1"><img src="https://m.media-amazon.com/images/I/51KgTHizWyL._SL500_.jpg" alt="Product Image"></a><p>Butto 5-Pack Ceiling Fan Filters for Blades - Strong Adhesive Ceiling Fan Filters for Common Household Contaminants - Unscented Coconut Carbon Fan Air Purifier Pads to Make Air Fresh and Natural</p><p>$9.98</p><a href="https://www.amazon.com/dp/B0D2MZ4Y7Z?tag=eloabder-20&linkCode=osi&th=1&psc=1">View Product</a></div><div class="product"><a href="https://www.amazon.com/dp/B0C42HCM21?tag=eloabder-20&linkCode=osi&th=1&psc=1"><img src="https://m.media-amazon.com/images/I/31jk3lpoygL._SL500_.jpg" alt="Product Image"></a><p>Barnakl Ceiling Fan Filters | Activated Coconut Shell Carbon Filter | Easy-Stick Universal Ceiling Fan Air Filters | Unscented Ceiling Fan Blade Filters for Common Household Contaminants, (3-Count)</p><p>$19.99 ($6.66 / Count)</p><a href="https://www.amazon.com/dp/B0C42HCM21?tag=eloabder-20&linkCode=osi&th=1&psc=1">View Product</a></div>
<div class="product"><a href="https://www.amazon.com/dp/B08LZWP29P?tag=eloabder-20&linkCode=osi&th=1&psc=1"><img src="https://m.media-amazon.com/images/I/41NLuzzFW9L._SL500_.jpg" alt="Product Image"></a><p>Chromex Tankless Water Heater Descaling Solution | Highly Effective Descaler Restores Heating Efficiency, Quart, 32 fl oz (1)</p><p>$26.99</p><a href="https://www.amazon.com/dp/B08LZWP29P?tag=eloabder-20&linkCode=osi&th=1&psc=1">View Product</a></div>

<div class="product"><a href="https://www.amazon.com/dp/B005UO4OWQ?tag=eloabder-20&linkCode=osi&th=1&psc=1"><img src="https://m.media-amazon.com/images/I/41oQPKFofoL._SL500_.jpg" alt="Product Image"></a><p>Bissell 203-7458 Brushroll, Bg10/86T3, Black</p><p>$21.26 ($21.26 / Count)</p><a href="https://www.amazon.com/dp/B005UO4OWQ?tag=eloabder-20&linkCode=osi&th=1&psc=1">View Product</a></div>





















<div class="product"><a href="https://www.amazon.com/dp/B0014J7FUY?tag=eloabder-20&linkCode=osi&th=1&psc=1"><img src="https://m.media-amazon.com/images/I/31QrM+IPxOL._SL500_.jpg" alt="Product Image"></a><p>Urnex Grindz Professional Coffee Grinder Cleaning Tablets - 430 Grams - All Natural Food Safe Gluten Free - Cleans Burr and Casing - Help Extend Life of Your Grinder</p><p>$25.99 ($1.71 / Ounce)</p><a href="https://www.amazon.com/dp/B0014J7FUY?tag=eloabder-20&linkCode=osi&th=1&psc=1">View Product</a></div>



<div class="product"><a href="https://www.amazon.com/dp/B0CHW317SG?tag=eloabder-20&linkCode=osi&th=1&psc=1"><img src="https://m.media-amazon.com/images/I/41Qd5Iu3qBL._SL500_.jpg" alt="Product Image"></a><p>EUHOMY 55 Can Beverage Refrigerator cooler-Mini Fridge Glass Door for Beer Drinks Wines, Freestanding Beverage Fridge with Adjustable Shelves Blue LED for Home/Office/Dorm/Bar (1.3cu.ft)</p><p>$128.99</p><a href="https://www.amazon.com/dp/B0CHW317SG?tag=eloabder-20&linkCode=osi&th=1&psc=1">View Product</a></div>

<div class="product"><a href="https://www.amazon.com/dp/B099CN2MRK?tag=eloabder-20&linkCode=osi&th=1&psc=1"><img src="https://m.media-amazon.com/images/I/31CvUCIUX5L._SL500_.jpg" alt="Product Image"></a><p>Genuine PuroAir 240 Replacement Filter - Replacement HEPA Filter for PuroAir 240 Purifier - Captures up to 99% of Pollen, Smoke, Pollen, Dust and Common Household Pollutants</p><p>$48.00</p><a href="https://www.amazon.com/dp/B099CN2MRK?tag=eloabder-20&linkCode=osi&th=1&psc=1">View Product</a></div><div class="product"><a href="https://www.amazon.com/dp/B0055521W0?tag=eloabder-20&linkCode=osi&th=1&psc=1"><img src="https://m.media-amazon.com/images/I/41Hs7ixdyXL._SL500_.jpg" alt="Product Image"></a><p>GermGuardian Filter B HEPA Pure Genuine Air Purifier Replacement Filter, Removes 99.97% of Pollutants for AC4825, AC4300, AC4900, AC4825DLX, AC4850, CDAP4500, AP2200, Black/Yellow, FLT4825</p><p>$17.90 ($17.90 / Count)</p><a href="https://www.amazon.com/dp/B0055521W0?tag=eloabder-20&linkCode=osi&th=1&psc=1">View Product</a></div><div class="product"><a href="https://www.amazon.com/dp/B0BNMYKZPV?tag=eloabder-20&linkCode=osi&th=1&psc=1"><img src="https://m.media-amazon.com/images/I/41-K3mB6KkL._SL500_.jpg" alt="Product Image"></a><p>2 Pack True HEPA KILO Filter Compatible with Afloia KILO, KILOPLUS, KILOPRO, MIRO,MIRO PRO and MORENTO MR-Kilo, Kalo Air Purifier, 360Â° 3-Stage Filtration</p><p>$34.99 ($17.50 / Count)</p><a href="https://www.amazon.com/dp/B0BNMYKZPV?tag=eloabder-20&linkCode=osi&th=1&psc=1">View Product</a></div><div class="product"><a href="https://www.amazon.com/dp/B0D3M4Y9W7?tag=eloabder-20&linkCode=osi&th=1&psc=1"><img src="https://m.media-amazon.com/images/I/41tzW+mkZuL._SL500_.jpg" alt="Product Image"></a><p>Breshair 14 True HEPA Filter Replacement Compatible with PuroAir 240 Air Purifier, 3-in-1 Filtration System with Activated Carbon Filter, 2-Pack</p><p>$31.56 ($15.78 / Count)</p><a href="https://www.amazon.com/dp/B0D3M4Y9W7?tag=eloabder-20&linkCode=osi&th=1&psc=1">View Product</a></div><div class="product"><a href="https://www.amazon.com/dp/B0CB18MVX6?tag=eloabder-20&linkCode=osi&th=1&psc=1"><img src="https://m.media-amazon.com/images/I/519ZmmLOrzL._SL500_.jpg" alt="Product Image"></a><p>2 Pack 3-in-1 H13 True HEPA Replacement Filter Compatible with Pure Enrichment PureZone Air Purifier Part# PEAIRPLG</p><p>$23.99 ($12.00 / Count)</p><a href="https://www.amazon.com/dp/B0CB18MVX6?tag=eloabder-20&linkCode=osi&th=1&psc=1">View Product</a></div><div class="product"><a href="https://www.amazon.com/dp/B08JTZMRML?tag=eloabder-20&linkCode=osi&th=1&psc=1"><img src="https://m.media-amazon.com/images/I/51yx60sCjHL._SL500_.jpg" alt="Product Image"></a><p>6 Pack HPA300 HEPA Filter Replacement for Honeywell HPA300 Series Air Purifiers HPA300, HPA300VP, HPA304, HPA3300, Replace HRF-R3 (6 Ture HEPA R Replacement Filter + 8 Activated Carbon Pre-Filter)</p><p>$47.99 ($3.43 / Count)</p><a href="https://www.amazon.com/dp/B08JTZMRML?tag=eloabder-20&linkCode=osi&th=1&psc=1">View Product</a></div><div class="product"><a href="https://www.amazon.com/dp/B0CF1GLSYS?tag=eloabder-20&linkCode=osi&th=1&psc=1"><img src="https://m.media-amazon.com/images/I/41709EXRzXL._SL500_.jpg" alt="Product Image"></a><p>CHIVALZ 4 Pack HY4866 True HEPA Replacement Filters Compatible with MORENTO HY4866 Air Purifier, WESTHEY HY4866 Air Purifier and YIOU M1 Air Cleaner Purifier, Original Version</p><p>$39.99 ($10.00 / Count)</p><a href="https://www.amazon.com/dp/B0CF1GLSYS?tag=eloabder-20&linkCode=osi&th=1&psc=1">View Product</a></div>







<div class="product"><a href="https://www.amazon.com/dp/B0CYKMFKR9?tag=eloabder-20&linkCode=osi&th=1&psc=1"><img src="https://m.media-amazon.com/images/I/316zU-ozoxL._SL500_.jpg" alt="Product Image"></a><p>Air Purifier Replacement Filter for Space Heater Bladeless Fan</p><p>$29.99</p><a href="https://www.amazon.com/dp/B0CYKMFKR9?tag=eloabder-20&linkCode=osi&th=1&psc=1">View Product</a></div>
<div class="product"><a href="https://www.amazon.com/dp/B07MRH6VY7?tag=eloabder-20&linkCode=osi&th=1&psc=1"><img src="https://m.media-amazon.com/images/I/51g-nuN4A5L._SL500_.jpg" alt="Product Image"></a><p>Colorfullife Replacement Air Purifier Filter for Dyson Tower Purifier Pure Cool Link TP01, TP02, TP03, BP01, Compare to Part 968126-03ï¼Œ2 Pack</p><p>$26.99</p><a href="https://www.amazon.com/dp/B07MRH6VY7?tag=eloabder-20&linkCode=osi&th=1&psc=1">View Product</a></div><div class="product"><a href="https://www.amazon.com/dp/B07TX5SW7J?tag=eloabder-20&linkCode=osi&th=1&psc=1"><img src="https://m.media-amazon.com/images/I/512Kn+cPglL._SL500_.jpg" alt="Product Image"></a><p>TP01 HEPA Filter Replacement Compatible with Dyson Tower Purifier Pure Cool Link TP01, TP02, TP03, AM11, BP01 Models, Compare to Part # 968126-03 (Pack of 2)</p><p>$27.95 ($13.98 / Count)</p><a href="https://www.amazon.com/dp/B07TX5SW7J?tag=eloabder-20&linkCode=osi&th=1&psc=1">View Product</a></div><div class="product"><a href="https://www.amazon.com/dp/B0CC24GZGB?tag=eloabder-20&linkCode=osi&th=1&psc=1"><img src="https://m.media-amazon.com/images/I/41woNpZ9VgL._SL500_.jpg" alt="Product Image"></a><p>TP01 TP02 Filter Compatible with Dyson Pure Cool Link Purifying Tower Fan TP00 TP03 AM11 and Cool Me BP01 Personal Series, 360Â° Air Purifier Filter Replacement 968126-03, 1-Pack</p><p>$25.99</p><a href="https://www.amazon.com/dp/B0CC24GZGB?tag=eloabder-20&linkCode=osi&th=1&psc=1">View Product</a></div><div class="product"><a href="https://www.amazon.com/dp/B0CX23N2JJ?tag=eloabder-20&linkCode=osi&th=1&psc=1"><img src="https://m.media-amazon.com/images/I/3145hmd5j7L._SL500_.jpg" alt="Product Image"></a><p>Dreo Air Purifiers Replacement Filter, HEPA Filter for Dreo Purifier Tower Fan MC710S, with 2 Stage Filtration, Black, Standard(DR-HPA019)</p><p>$39.99</p><a href="https://www.amazon.com/dp/B0CX23N2JJ?tag=eloabder-20&linkCode=osi&th=1&psc=1">View Product</a></div>










<div class="product"><a href="https://www.amazon.com/dp/B001U0OJ7O?tag=eloabder-20&linkCode=osi&th=1&psc=1"><img src="https://m.media-amazon.com/images/I/41XEg3QV-wL._SL500_.jpg" alt="Product Image"></a><p>Whirlpool W10165294RB 15-Inch Plastic Trash Compactor ct, 60 Bags, Count</p><p>$48.34</p><a href="https://www.amazon.com/dp/B001U0OJ7O?tag=eloabder-20&linkCode=osi&th=1&psc=1">View Product</a></div><div class="product"><a href="https://www.amazon.com/dp/B0CC3V4ZZ4?tag=eloabder-20&linkCode=osi&th=1&psc=1"><img src="https://m.media-amazon.com/images/I/31bbvodHnjL._SL500_.jpg" alt="Product Image"></a><p>Waste Smasher- Hand-Held Manual Trash Compactor Dishwasher Safe Black</p><p>$24.95</p><a href="https://www.amazon.com/dp/B0CC3V4ZZ4?tag=eloabder-20&linkCode=osi&th=1&psc=1">View Product</a></div><div class="product"><a href="https://www.amazon.com/dp/B00IYO5914?tag=eloabder-20&linkCode=osi&th=1&psc=1"><img src="https://m.media-amazon.com/images/I/51SLpTXIYNL._SL500_.jpg" alt="Product Image"></a><p>Kitchen Master Super Strong Compactor Bags Pre Cuffed (12 Pack)</p><p>$34.95</p><a href="https://www.amazon.com/dp/B00IYO5914?tag=eloabder-20&linkCode=osi&th=1&psc=1">View Product</a></div><div class="product"><a href="https://www.amazon.com/dp/B075DJ4ZVQ?tag=eloabder-20&linkCode=osi&th=1&psc=1"><img src="https://m.media-amazon.com/images/I/51Vaek4I89L._SL500_.jpg" alt="Product Image"></a><p>Dano Pre-Cuffed Compactor Bags</p><p>$32.95 ($2.75 / Count)</p><a href="https://www.amazon.com/dp/B075DJ4ZVQ?tag=eloabder-20&linkCode=osi&th=1&psc=1">View Product</a></div><div class="product"><a href="https://www.amazon.com/dp/B0C2DCVCBJ?tag=eloabder-20&linkCode=osi&th=1&psc=1"><img src="https://m.media-amazon.com/images/I/51072CtaKuL._SL500_.jpg" alt="Product Image"></a><p>60-pack W10165294RB Trash Compactor Bags - leak-proof trash compactor bags for kitchen 60-ct 15 inches - Fits 15-inch Rectangular Drawer Compactors</p><p>$45.99 ($0.77 / Count)</p><a href="https://www.amazon.com/dp/B0C2DCVCBJ?tag=eloabder-20&linkCode=osi&th=1&psc=1">View Product</a></div><div class="product"><a href="https://www.amazon.com/dp/B001U0OJ7E?tag=eloabder-20&linkCode=osi&th=1&psc=1"><img src="https://m.media-amazon.com/images/I/41c0z26RyvL._SL500_.jpg" alt="Product Image"></a><p>Whirlpool W10165293RB Genuine OEM 60 Pack-Plastic Compactor Bags-18" Models â€“ 1394369, 4178058, 4318932, 4318933, 4318935, 4318937, 4318939, AH1964576, EA1964576, PS1964576</p><p>$48.64 ($0.81 / Count)</p><a href="https://www.amazon.com/dp/B001U0OJ7E?tag=eloabder-20&linkCode=osi&th=1&psc=1">View Product</a></div><div class="product"><a href="https://www.amazon.com/dp/B00W27J16S?tag=eloabder-20&linkCode=osi&th=1&psc=1"><img src="https://m.media-amazon.com/images/I/41RaOjAGlrL._SL500_.jpg" alt="Product Image"></a><p>Compactor Bags Pre Cuffed (50 Pack)</p><p>$84.95 ($1.70 / count)</p><a href="https://www.amazon.com/dp/B00W27J16S?tag=eloabder-20&linkCode=osi&th=1&psc=1">View Product</a></div><div class="product"><a href="https://www.amazon.com/dp/B00MOCYY2W?tag=eloabder-20&linkCode=osi&th=1&psc=1"><img src="https://m.media-amazon.com/images/I/41SH8mDsAnL._SL500_.jpg" alt="Product Image"></a><p>GE WX60X1 Genuine OEM Universal Trash Compactor Bags for GE Trash Compactors</p><p>$19.00</p><a href="https://www.amazon.com/dp/B00MOCYY2W?tag=eloabder-20&linkCode=osi&th=1&psc=1">View Product</a></div><div class="product"><a href="https://www.amazon.com/dp/B0D7SFSTNG?tag=eloabder-20&linkCode=osi&th=1&psc=1"><img src="https://m.media-amazon.com/images/I/41szt9tZJPL._SL500_.jpg" alt="Product Image"></a><p>4PCS Trash Compactor Charcoal Air Filter Fit for Whirlpool/KitchenAid/Maytag/Jenn-Air/Amana/Inglis/Magic Chef Trash Compactor, Replaces 4151750 554358 WP4151750 AP6009134 PS11742279</p><p>$23.59 ($5.90 / Count)</p><a href="https://www.amazon.com/dp/B0D7SFSTNG?tag=eloabder-20&linkCode=osi&th=1&psc=1">View Product</a></div>
<div class="product"><a href="https://www.amazon.com/dp/B0CGLX5ZB9?tag=eloabder-20&linkCode=osi&th=1&psc=1"><img src="https://m.media-amazon.com/images/I/51qeRZQS98L._SL500_.jpg" alt="Product Image"></a><p>Spare Replacement Parts Compatible with MAMNV BR150 BR151, ZCWA BR150 BR151, MANVINS G20 Robot Vacuum and Mop Combo Accessories Include: 3 Hepa Filters 3 Mop Pads 6 Side Spin Brushes</p><p>$9.98</p><a href="https://www.amazon.com/dp/B0CGLX5ZB9?tag=eloabder-20&linkCode=osi&th=1&psc=1">View Product</a></div><div class="product"><a href="https://www.amazon.com/dp/B0B28DGZBG?tag=eloabder-20&linkCode=osi&th=1&psc=1"><img src="https://m.media-amazon.com/images/I/51ooMN4RqML._SL500_.jpg" alt="Product Image"></a><p>Replacement Parts for Shark AI AV2511AE AV2501S AV2610WA AV2501AE RV2502AE RV2610WA RV2520 AV2510 2-In-1 AI Ultra Robot Vacuum Cleaner Accessories Kits. Main Brush, HEPA Filter, Foam Filter,Side Brush</p><p>$19.99 ($1.05 / Count)</p><a href="https://www.amazon.com/dp/B0B28DGZBG?tag=eloabder-20&linkCode=osi&th=1&psc=1">View Product</a></div><div class="product"><a href="https://www.amazon.com/dp/B0782T7L6P?tag=eloabder-20&linkCode=osi&th=1&psc=1"><img src="https://m.media-amazon.com/images/I/41hTVkuzMJL._SL500_.jpg" alt="Product Image"></a><p>10pcs HEPA Filters Replacement for ILIFE V3s V3s pro V5 V5s V5s Pro V5s Pro 2 V5s Plus Noisz S5 Robotic Vacuum Cleaner ILIFE V3s pro Filters ILIFE Robot Vacuum Filter</p><p>$9.80 ($0.98 / Count)</p><a href="https://www.amazon.com/dp/B0782T7L6P?tag=eloabder-20&linkCode=osi&th=1&psc=1">View Product</a></div><div class="product"><a href="https://www.amazon.com/dp/B0CXLVHTTC?tag=eloabder-20&linkCode=osi&th=1&psc=1"><img src="https://m.media-amazon.com/images/I/51BT3phYzKL._SL500_.jpg" alt="Product Image"></a><p>HUIZHEN Spare Accessories for MAMNV BR150/BR151, for ZCWA BR150/BR151, for MANVINS G20,for GTTVO BR150/BR151,for ONSON BR150/BR151 Robot Vacuum Replacement Parts,6 Side Brush,4 HEPA Filters,4 Mop Pads</p><p>$9.99</p><a href="https://www.amazon.com/dp/B0CXLVHTTC?tag=eloabder-20&linkCode=osi&th=1&psc=1">View Product</a></div><div class="product"><a href="https://www.amazon.com/dp/B08RYDDQL8?tag=eloabder-20&linkCode=osi&th=1&psc=1"><img src="https://m.media-amazon.com/images/I/314Xd7+oBXL._SL500_.jpg" alt="Product Image"></a><p>AirClean 4 Pack 3.7" High Replacement Base Pre-Motor Foam Filters Compatible with Shark IQ Robot Vacuum R101AE RV1001AE UR1005AE Self-Empty Base</p><p>$12.99 ($3.25 / Count)</p><a href="https://www.amazon.com/dp/B08RYDDQL8?tag=eloabder-20&linkCode=osi&th=1&psc=1">View Product</a></div><div class="product"><a href="https://www.amazon.com/dp/B0CJLHJ557?tag=eloabder-20&linkCode=osi&th=1&psc=1"><img src="https://m.media-amazon.com/images/I/41iQm8hUjiL._SL500_.jpg" alt="Product Image"></a><p>Replacement Parts Compatible with WYZE Robot Vacuum Cleaner WVCR200S Accessories, 2 Main Brushes, 6 Hepa Filters, 8 Side Brushes Attachment Spare Pack</p><p>$14.99 ($0.94 / Count)</p><a href="https://www.amazon.com/dp/B0CJLHJ557?tag=eloabder-20&linkCode=osi&th=1&psc=1">View Product</a></div>
<div class="product"><a href="https://www.amazon.com/dp/B0C4595Q8P?tag=eloabder-20&linkCode=osi&th=1&psc=1"><img src="https://m.media-amazon.com/images/I/51k23SAtRxL._SL500_.jpg" alt="Product Image"></a><p>4 Pack FSV001 HEPA Filter Compatiable with Fabuletta FSV101, FSV001, Girnoor G160&G165, Afoddon A300, Lubluelu 202, Oraimo Cordless Vacuum Cleaner, Besswin W26 Cordless Stick Vacuum Cleaners</p><p>$15.99 ($4.00 / Count)</p><a href="https://www.amazon.com/dp/B0C4595Q8P?tag=eloabder-20&linkCode=osi&th=1&psc=1">View Product</a></div>
<div class="product"><a href="https://www.amazon.com/dp/B0BNKJX96X?tag=eloabder-20&linkCode=osi&th=1&psc=1"><img src="https://m.media-amazon.com/images/I/41OPeLFppoL._SL500_.jpg" alt="Product Image"></a><p>6 PACK 2033 Replacement Filter Compatible with Bissell Featherweight Stick Lightweight Bagless Vacuum Cleaner 20331, 20333, 20334, 20336, 20339, 2033M,6 Mesh Filter 6 Foam Filters, Replace # 1611508</p><p>$14.99 ($2.50 / Count)</p><a href="https://www.amazon.com/dp/B0BNKJX96X?tag=eloabder-20&linkCode=osi&th=1&psc=1">View Product</a></div><div class="product"><a href="https://www.amazon.com/dp/B0CMBWLTSM?tag=eloabder-20&linkCode=osi&th=1&psc=1"><img src="https://m.media-amazon.com/images/I/41PHqKaLTDL._SL500_.jpg" alt="Product Image"></a><p>18V ONE + Cordless Pet Stick Vacuum Filter for Ryobi, PCL720, PBLSV716, PBLSV717 Stick Vacuum, Reusable Washable Filters, Compare to Part A32SV720N, 6 Pack</p><p>$15.99 ($2.66 / Count)</p><a href="https://www.amazon.com/dp/B0CMBWLTSM?tag=eloabder-20&linkCode=osi&th=1&psc=1">View Product</a></div><div class="product"><a href="https://www.amazon.com/dp/B0CXDYWWT9?tag=eloabder-20&linkCode=osi&th=1&psc=1"><img src="https://m.media-amazon.com/images/I/41F1csTT8jL._SL500_.jpg" alt="Product Image"></a><p>2 Replacement Filters for Craftsman V20 Cordless Stick Vacuum CMCVS001D1, for Black Decker BSVF1 BSV2020 BSV2020G BSV2020P Cordless Stick Vacuum Cleaner with 1 Cleaning Brush</p><p>$14.99</p><a href="https://www.amazon.com/dp/B0CXDYWWT9?tag=eloabder-20&linkCode=osi&th=1&psc=1">View Product</a></div><div class="product"><a href="https://www.amazon.com/dp/B0CCJ5N5DH?tag=eloabder-20&linkCode=osi&th=1&psc=1"><img src="https://m.media-amazon.com/images/I/41xmhDPqk8L._SL500_.jpg" alt="Product Image"></a><p>Aolleteau 1 Pack Brush Roller Compatible with Black + Decker BSV2020, BSV2020P, BSV2020G Powerseries Extreme Cordless Stick Vacuum and Compatible with Craftsman V20 Cordless Stick Vacuum CMCVS001D1</p><p>$17.99</p><a href="https://www.amazon.com/dp/B0CCJ5N5DH?tag=eloabder-20&linkCode=osi&th=1&psc=1">View Product</a></div><div class="product"><a href="https://www.amazon.com/dp/B0CQY61LFD?tag=eloabder-20&linkCode=osi&th=1&psc=1"><img src="https://m.media-amazon.com/images/I/31swBBC444L._SL500_.jpg" alt="Product Image"></a><p>Tablenco for Shark HZ602 Filter Replacement Ultralight Pet Pro Corded Stick Vacuum and HZ2002 Vertex DuoClean PowerFins fit HZ2000 HZ251 HZ250 HH200 HH202,4 Foam Felt 4 Motor Kit (No cleaning brush)</p><p>$9.98</p><a href="https://www.amazon.com/dp/B0CQY61LFD?tag=eloabder-20&linkCode=osi&th=1&psc=1">View Product</a></div><div class="product"><a href="https://www.amazon.com/dp/B09Q55KW8W?tag=eloabder-20&linkCode=osi&th=1&psc=1"><img src="https://m.media-amazon.com/images/I/51MKsJy6nSL._SL500_.jpg" alt="Product Image"></a><p>Anicell 2033 Featherweight Filter for Bissell Featherweight Stick Lightweight Bagless Vacuum 20331 20333 20334 20336 20339 2033M, 4 Mesh Filters 6 Foam Filters Replacement, Replace part# 1611508</p><p>$11.99</p><a href="https://www.amazon.com/dp/B09Q55KW8W?tag=eloabder-20&linkCode=osi&th=1&psc=1">View Product</a></div><div class="product"><a href="https://www.amazon.com/dp/B0CDVG7LHD?tag=eloabder-20&linkCode=osi&th=1&psc=1"><img src="https://m.media-amazon.com/images/I/41hjN1Te6sL._SL500_.jpg" alt="Product Image"></a><p>Moreffi 3 Pack Filter Replacement For HART Cordless Stick Vacuum HPSV01 and HPSV50, Compare to Part Number HASV01</p><p>$19.99 ($6.66 / Count)</p><a href="https://www.amazon.com/dp/B0CDVG7LHD?tag=eloabder-20&linkCode=osi&th=1&psc=1">View Product</a></div>
<div class="product"><a href="https://www.amazon.com/dp/B07DQ9TZC8?tag=eloabder-20&linkCode=osi&th=1&psc=1"><img src="https://m.media-amazon.com/images/I/41PHyZ20FuL._SL500_.jpg" alt="Product Image"></a><p>Kenmore 53294 Style O HEPA Cloth Vacuum Bags for Kenmore Upright Vacuum Cleaners 6 Pack,White</p><p>$20.99 ($3.50 / Count)</p><a href="https://www.amazon.com/dp/B07DQ9TZC8?tag=eloabder-20&linkCode=osi&th=1&psc=1">View Product</a></div><div class="product"><a href="https://www.amazon.com/dp/B08MXVTTT2?tag=eloabder-20&linkCode=osi&th=1&psc=1"><img src="https://m.media-amazon.com/images/I/41T6wRpIMzL._SL500_.jpg" alt="Product Image"></a><p>Kenmore IB600 HEPA Replacement Intuition Upright Vacuum Cleaner Bags for BU4022, BU4020, BU4018, BU4050, BU3040,White</p><p>$18.75</p><a href="https://www.amazon.com/dp/B08MXVTTT2?tag=eloabder-20&linkCode=osi&th=1&psc=1">View Product</a></div><div class="product"><a href="https://www.amazon.com/dp/B01010JVYO?tag=eloabder-20&linkCode=osi&th=1&psc=1"><img src="https://m.media-amazon.com/images/I/51Anluh47GL._SL500_.jpg" alt="Product Image"></a><p>EnviroCare Replacement Micro Filtration Vacuum Cleaner Dust Bags Designed to fit Hoover Windtunnel Upright Type Y 9 pack</p><p>$9.89 ($1.10 / Count)</p><a href="https://www.amazon.com/dp/B01010JVYO?tag=eloabder-20&linkCode=osi&th=1&psc=1">View Product</a></div><div class="product"><a href="https://www.amazon.com/dp/B0D5CP3WBY?tag=eloabder-20&linkCode=osi&th=1&psc=1"><img src="https://m.media-amazon.com/images/I/31MaGmsVOwL._SL500_.jpg" alt="Product Image"></a><p>Bagless Upright Kenmore Vacuum HEPA Filters, Compatible with Foam Filters, Felt Filters and Upright vacuum cleaner for Models K4010,DU2015,DU2012(includes 1 Hepa Filters,2 Foam and 2 Felt Filters)</p><p>$12.99</p><a href="https://www.amazon.com/dp/B0D5CP3WBY?tag=eloabder-20&linkCode=osi&th=1&psc=1">View Product</a></div><div class="product"><a href="https://www.amazon.com/dp/B0CBFV28WX?tag=eloabder-20&linkCode=osi&th=1&psc=1"><img src="https://m.media-amazon.com/images/I/51LIYI0wXSL._SL500_.jpg" alt="Product Image"></a><p>16 Packs Vacuum Bags for Oreck Type CC, Compatible with All Oreck XL Upright Vacuum Cleaner - Replaces Part # CCPK8DW</p><p>$21.99 ($1.37 / Count)</p><a href="https://www.amazon.com/dp/B0CBFV28WX?tag=eloabder-20&linkCode=osi&th=1&psc=1">View Product</a></div><div class="product"><a href="https://www.amazon.com/dp/B00F9GQMHA?tag=eloabder-20&linkCode=osi&th=1&psc=1"><img src="https://m.media-amazon.com/images/I/51lhelurelL._SL500_.jpg" alt="Product Image"></a><p>EnviroCare Replacement Premium Vacuum Cleaner Dust Bags made to fit Eureka F&G Uprights 9 bags</p><p>$11.09</p><a href="https://www.amazon.com/dp/B00F9GQMHA?tag=eloabder-20&linkCode=osi&th=1&psc=1">View Product</a></div><div class="product"><a href="https://www.amazon.com/dp/B002CI8G1I?tag=eloabder-20&linkCode=osi&th=1&psc=1"><img src="https://m.media-amazon.com/images/I/51PYQrQpbSL._SL500_.jpg" alt="Product Image"></a><p>EnviroCare Replacement Micro Filtration Vacuum Cleaner Dust Bags made to fit Kenmore Upright Type U/L/O 50688 and 50690, Panasonic Type U-2, Miele Type Z. 9 pack</p><p>$9.99</p><a href="https://www.amazon.com/dp/B002CI8G1I?tag=eloabder-20&linkCode=osi&th=1&psc=1">View Product</a></div>
<div class="product"><a href="https://www.amazon.com/dp/B07GNQJ67P?tag=eloabder-20&linkCode=osi&th=1&psc=1"><img src="https://m.media-amazon.com/images/I/41XHnKbgjAL._SL500_.jpg" alt="Product Image"></a><p>Kenmore 53292 Type Q HEPA Replacement Dust Bags for Canister Vacuum 81214, 81414, 81714, 21814, BC2005, BC3005, 81615, BC7005, 6 Count (Pack of 1)</p><p>$13.24 ($2.21 / Count)</p><a href="https://www.amazon.com/dp/B07GNQJ67P?tag=eloabder-20&linkCode=osi&th=1&psc=1">View Product</a></div><div class="product"><a href="https://www.amazon.com/dp/B01L0C0FVK?tag=eloabder-20&linkCode=osi&th=1&psc=1"><img src="https://m.media-amazon.com/images/I/51ZIjbo9NVL._SL500_.jpg" alt="Product Image"></a><p>Envirocare Replacement Vacuum Bags Compatible with Kenmore Canister Type C/Q. 5055, 50557 and 50558 Panasonic Type C-5 Vacuums,15 pack</p><p>$16.16</p><a href="https://www.amazon.com/dp/B01L0C0FVK?tag=eloabder-20&linkCode=osi&th=1&psc=1">View Product</a></div><div class="product"><a href="https://www.amazon.com/dp/B0BTRTP2PM?tag=eloabder-20&linkCode=osi&th=1&psc=1"><img src="https://m.media-amazon.com/images/I/41K295aRv9L._SL500_.jpg" alt="Product Image"></a><p>Vacuum Cleaner Bags Fit for Kenmore Canister Type C/Q 50555 50557 50558 and Type C-5, 10PCs</p><p>$15.99</p><a href="https://www.amazon.com/dp/B0BTRTP2PM?tag=eloabder-20&linkCode=osi&th=1&psc=1">View Product</a></div><div class="product"><a href="https://www.amazon.com/dp/B0CRQYGLZX?tag=eloabder-20&linkCode=osi&th=1&psc=1"><img src="https://m.media-amazon.com/images/I/413iXp+j3ML._SL500_.jpg" alt="Product Image"></a><p>15 Pack Canister Vacuum Cleaner Bags Compatible with Kenmore Canister Type C/Q 5055, 50555, 50557, 50558 and Type C-5, C-18, 53292, 200 Series, 400 Series, 600 Series, 700 Series, 800 Series Vacuum</p><p>$11.69</p><a href="https://www.amazon.com/dp/B0CRQYGLZX?tag=eloabder-20&linkCode=osi&th=1&psc=1">View Product</a></div><div class="product"><a href="https://www.amazon.com/dp/B00QGD3SBI?tag=eloabder-20&linkCode=osi&th=1&psc=1"><img src="https://m.media-amazon.com/images/I/51xw0asyqTL._SL500_.jpg" alt="Product Image"></a><p>EnviroCare Replacement Vacuum Bags made to fit Kenmore Canister Type C or Q 50555, 50558, 50557 and Panasonic Type C-5 Vacuums, 9 pack</p><p>$9.79</p><a href="https://www.amazon.com/dp/B00QGD3SBI?tag=eloabder-20&linkCode=osi&th=1&psc=1">View Product</a></div><div class="product"><a href="https://www.amazon.com/dp/B0CQP9NP5N?tag=eloabder-20&linkCode=osi&th=1&psc=1"><img src="https://m.media-amazon.com/images/I/41WnNkTz8zL._SL500_.jpg" alt="Product Image"></a><p>8 Pack Replacement Vacuum Bags Compatible with Kenmore Canister Type C/Q. 5055, 50104, 50557 and 50558 Panasonic Type C-5 Vacuums</p><p>$9.99 ($1.25 / Count)</p><a href="https://www.amazon.com/dp/B0CQP9NP5N?tag=eloabder-20&linkCode=osi&th=1&psc=1">View Product</a></div>
<div class="product"><a href="https://www.amazon.com/dp/B09M3Y2BHR?tag=eloabder-20&linkCode=osi&th=1&psc=1"><img src="https://m.media-amazon.com/images/I/31tevngai1L._SL500_.jpg" alt="Product Image"></a><p>Ymimi Vacuum Filter Compatible with Eureka WhirlWind Bagless Canister Vacuum Cleaner,Fits NEN110A,NEN110B,NEN110Dï¼ˆ2-Packï¼‰</p><p>$11.99 ($6.00 / Count)</p><a href="https://www.amazon.com/dp/B09M3Y2BHR?tag=eloabder-20&linkCode=osi&th=1&psc=1">View Product</a></div><div class="product"><a href="https://www.amazon.com/dp/B07J1WWBHN?tag=eloabder-20&linkCode=osi&th=1&psc=1"><img src="https://m.media-amazon.com/images/I/51gmkDrnR2L._SL500_.jpg" alt="Product Image"></a><p>Bissell Powerforce Helix Bagless Washable Premotor Filter #1608225, Black</p><p>$7.78</p><a href="https://www.amazon.com/dp/B07J1WWBHN?tag=eloabder-20&linkCode=osi&th=1&psc=1">View Product</a></div><div class="product"><a href="https://www.amazon.com/dp/B0BK64TMMK?tag=eloabder-20&linkCode=osi&th=1&psc=1"><img src="https://m.media-amazon.com/images/I/41OBMvET7eL._SL500_.jpg" alt="Product Image"></a><p>Vacuum Belt Replacement for Bissell Cleanview Swivel Pet Upright Bagless/Powerlifter Vacuum Cleaner, fits model: 2252, 2254, 22543, 2258,2259, 2260,2316, 2739, 1793, Parts # 3031120, 32074</p><p>$6.99</p><a href="https://www.amazon.com/dp/B0BK64TMMK?tag=eloabder-20&linkCode=osi&th=1&psc=1">View Product</a></div><div class="product"><a href="https://www.amazon.com/dp/B0BKKL3WRB?tag=eloabder-20&linkCode=osi&th=1&psc=1"><img src="https://m.media-amazon.com/images/I/410jMe-FjIL._SL500_.jpg" alt="Product Image"></a><p>Aolleteau F1 HEPA Filter Compatible with Dirt Devil Bagless Upright Cleaner Models Extra Lite, Breeze, Featherlite Bagless, Jaguar Bagless,Platinum Force Vision, Scorpion and Vision Bagless (2 Pack)</p><p>$13.99 ($7.00 / Count)</p><a href="https://www.amazon.com/dp/B0BKKL3WRB?tag=eloabder-20&linkCode=osi&th=1&psc=1">View Product</a></div><div class="product"><a href="https://www.amazon.com/dp/B09SG1P4WN?tag=eloabder-20&linkCode=osi&th=1&psc=1"><img src="https://m.media-amazon.com/images/I/51+Mr+Wq5ML._SL500_.jpg" alt="Product Image"></a><p>NEN110A Vacuum Filter, Inlet Frame and Sponge Filter Compatible with Eureka Whirlwind Bagless Canister Vacuum Cleaner, Fits NEN110A, NEN110B, NEN110D(4-Pack)</p><p>$15.99 ($4.00 / Count)</p><a href="https://www.amazon.com/dp/B09SG1P4WN?tag=eloabder-20&linkCode=osi&th=1&psc=1">View Product</a></div>
<div class="product"><a href="https://www.amazon.com/dp/B07GT9VB9X?tag=eloabder-20&linkCode=osi&th=1&psc=1"><img src="https://m.media-amazon.com/images/I/41IokheYtNL._SL500_.jpg" alt="Product Image"></a><p>6 Pack 1940 Bissell Steam Mop Pads for Bissell PowerFresh Steam Mop 1806 1544 1440 2075A 2685A 1940W 19404 Series, Model 19402 19408 1940a 1940f 1940q 1940t B0006 B0017, Part #5938#203-2633</p><p>$16.99 ($2.83 / Count)</p><a href="https://www.amazon.com/dp/B07GT9VB9X?tag=eloabder-20&linkCode=osi&th=1&psc=1">View Product</a></div><div class="product"><a href="https://www.amazon.com/dp/B07H3MYZLD?tag=eloabder-20&linkCode=osi&th=1&psc=1"><img src="https://m.media-amazon.com/images/I/511p6MPxQ0L._SL500_.jpg" alt="Product Image"></a><p>Flammi Steam Pocket Mop Replacement Pads for Shark S3500 Series S3501 S3601 S3550 S3901 SE450 S3801CO S3601D S2901 S2902 Steam Pocket Mop, 4 Pack</p><p>$16.97 ($4.24 / Count)</p><a href="https://www.amazon.com/dp/B07H3MYZLD?tag=eloabder-20&linkCode=osi&th=1&psc=1">View Product</a></div><div class="product"><a href="https://www.amazon.com/dp/B0C8SH97HN?tag=eloabder-20&linkCode=osi&th=1&psc=1"><img src="https://m.media-amazon.com/images/I/31Mex4y7odL._SL500_.jpg" alt="Product Image"></a><p>HOMEXCEL Steam Mop Replacement Pads Compatible with Bissell Powerfresh Steam Mop 1940 1806 1440 1544 Series, Model 19402 19404 19408 2685A 2075A 1940A 1940Q 1940T 1940W, Steam Mop Pads Refills,4 Pack</p><p>$9.99 ($2.50 / Count)</p><a href="https://www.amazon.com/dp/B0C8SH97HN?tag=eloabder-20&linkCode=osi&th=1&psc=1">View Product</a></div><div class="product"><a href="https://www.amazon.com/dp/B0BFWTXS33?tag=eloabder-20&linkCode=osi&th=1&psc=1"><img src="https://m.media-amazon.com/images/I/51pa2h7o0EL._SL500_.jpg" alt="Product Image"></a><p>12 Pack 1940 Steam Mop Replacement Pads for Bissell Powerfresh Steam Mop 1940 1440 1806 1544 2075 2685A 2814 Series, Model 19402 19404 19408 19409 1940A 1940F 1940Q 1940T 1940W B0006 B0017 2075A 15441</p><p>$24.99</p><a href="https://www.amazon.com/dp/B0BFWTXS33?tag=eloabder-20&linkCode=osi&th=1&psc=1">View Product</a></div><div class="product"><a href="https://www.amazon.com/dp/B0CLP5QGTY?tag=eloabder-20&linkCode=osi&th=1&psc=1"><img src="https://m.media-amazon.com/images/I/414HqpKde9L._SL500_.jpg" alt="Product Image"></a><p>10 Pack 1940 1806 2685A Steam Mop Pads For Bissell Powerfresh Steam Mop Deluxe Pet Lift-Off Plus Slim Scrubbing Steam Mop Replacement Pad 1940A 2814 1544A 2075A Power Fresh Steamer Pad Refill Washable</p><p>$22.99 ($2.30 / Count)</p><a href="https://www.amazon.com/dp/B0CLP5QGTY?tag=eloabder-20&linkCode=osi&th=1&psc=1">View Product</a></div><div class="product"><a href="https://www.amazon.com/dp/B078BBKBPV?tag=eloabder-20&linkCode=osi&th=1&psc=1"><img src="https://m.media-amazon.com/images/I/51WcJqtOUIL._SL500_.jpg" alt="Product Image"></a><p>Tidy Monster Steam Mop Replacement Pads Compatible with Bissell Powerfresh Steam Mop 1940 1806 1544 1440 2075A 2685A Series, Part # 5938 & 203-2633, 1606668 & 1606669 (4 Pack Scrub Plush)</p><p>$9.99</p><a href="https://www.amazon.com/dp/B078BBKBPV?tag=eloabder-20&linkCode=osi&th=1&psc=1">View Product</a></div><div class="product"><a href="https://www.amazon.com/dp/B00A6G37SU?tag=eloabder-20&linkCode=osi&th=1&psc=1"><img src="https://m.media-amazon.com/images/I/51xo0LB-SpL._SL500_.jpg" alt="Product Image"></a><p>BISSELL PowerFresh Steam Mop Pads (Pack of 2) with Fragrance discs (4 ct), 5938</p><p>$21.26 ($10.63 / Count)</p><a href="https://www.amazon.com/dp/B00A6G37SU?tag=eloabder-20&linkCode=osi&th=1&psc=1">View Product</a></div>
<div class="product"><a href="https://www.amazon.com/dp/B0D2QFVY7H?tag=eloabder-20&linkCode=osi&th=1&psc=1"><img src="https://m.media-amazon.com/images/I/417B7H+vvML._SL500_.jpg" alt="Product Image"></a><p>Kenmore KS1010 Deep Clean & Revitalize Pet Carpet Cleaner Formula, 64 oz, White, 64 Fl Oz</p><p>$22.73 ($0.36 / Fl Oz)</p><a href="https://www.amazon.com/dp/B0D2QFVY7H?tag=eloabder-20&linkCode=osi&th=1&psc=1">View Product</a></div><div class="product"><a href="https://www.amazon.com/dp/B0BNK8ZJJ1?tag=eloabder-20&linkCode=osi&th=1&psc=1"><img src="https://m.media-amazon.com/images/I/51z0Pc4xcNL._SL500_.jpg" alt="Product Image"></a><p>Bissell Spotlifter Pet Carpet and Upholstery Cleaner with Brush Head - 4 Pack, 93523</p><p>$23.88 ($0.50 / Fl Oz)</p><a href="https://www.amazon.com/dp/B0BNK8ZJJ1?tag=eloabder-20&linkCode=osi&th=1&psc=1">View Product</a></div><div class="product"><a href="https://www.amazon.com/dp/B0CX245D26?tag=eloabder-20&linkCode=osi&th=1&psc=1"><img src="https://m.media-amazon.com/images/I/411CSXvvO1L._SL500_.jpg" alt="Product Image"></a><p>BISSELLÂ® Spot & Stain with Febreze + Gain Original Scent Formula for Little Green Devices, Portable Carpet Cleaners (3968)</p><p>$12.99 ($0.41 / Fl Oz)</p><a href="https://www.amazon.com/dp/B0CX245D26?tag=eloabder-20&linkCode=osi&th=1&psc=1">View Product</a></div><div class="product"><a href="https://www.amazon.com/dp/B083VZW4R5?tag=eloabder-20&linkCode=osi&th=1&psc=1"><img src="https://m.media-amazon.com/images/I/413BULPLmBL._SL500_.jpg" alt="Product Image"></a><p>BISSELL Multi-Surface Pet Formula with Febreze Freshness for Crosswave (80 oz), 2295L</p><p>$22.99 ($0.29 / Fl Oz)</p><a href="https://www.amazon.com/dp/B083VZW4R5?tag=eloabder-20&linkCode=osi&th=1&psc=1">View Product</a></div><div class="product"><a href="https://www.amazon.com/dp/B0D2RGW219?tag=eloabder-20&linkCode=osi&th=1&psc=1"><img src="https://m.media-amazon.com/images/I/41gD+82tnAL._SL500_.jpg" alt="Product Image"></a><p>Vacmaster Clean & Restore Carpet Cleaner Formula â€“ CCS03</p><p>$19.99 ($0.31 / Fl Oz)</p><a href="https://www.amazon.com/dp/B0D2RGW219?tag=eloabder-20&linkCode=osi&th=1&psc=1">View Product</a></div>






<div class="product"><a href="https://www.amazon.com/dp/B0BY64HQTP?tag=eloabder-20&linkCode=osi&th=1&psc=1"><img src="https://m.media-amazon.com/images/I/41hUxHuASYL._SL500_.jpg" alt="Product Image"></a><p>Air Conditioning Motor WZDK13-38G-1(RD-310-13-8) DC Brushless Fan Motor, 13W Inverter air Conditioner Motor DC Motor for Central air Conditioner</p><p>$39.95</p><a href="https://www.amazon.com/dp/B0BY64HQTP?tag=eloabder-20&linkCode=osi&th=1&psc=1">View Product</a></div><div class="product"><a href="https://www.amazon.com/dp/B0CM5YB884?tag=eloabder-20&linkCode=osi&th=1&psc=1"><img src="https://m.media-amazon.com/images/I/310lQ2tAvLL._SL500_.jpg" alt="Product Image"></a><p>Sparkfix OEM WZDK20-38G (ZKFP-20-8-6) Air Conditioner Replacement Motors DC280V 20W Air Conditioning Fan Motor Inverter Air Conditioner Brushless DC Motor 1300RPM CCW</p><p>$42.79</p><a href="https://www.amazon.com/dp/B0CM5YB884?tag=eloabder-20&linkCode=osi&th=1&psc=1">View Product</a></div>













<div class="product"><a href="https://www.amazon.com/dp/B009PCI2JU?tag=eloabder-20&linkCode=osi&th=1&psc=1"><img src="https://m.media-amazon.com/images/I/310ZJurANUL._SL500_.jpg" alt="Product Image"></a><p>GE RPWFE Refrigerator Water Filter | Certified to Reduce Lead, Sulfur, and 50+ Other Impurities | Replace Every 6 Months for Best Results | Pack of 1</p><p>$49.98</p><a href="https://www.amazon.com/dp/B009PCI2JU?tag=eloabder-20&linkCode=osi&th=1&psc=1">View Product</a></div><div class="product"><a href="https://www.amazon.com/dp/B0882ZJ48W?tag=eloabder-20&linkCode=osi&th=1&psc=1"><img src="https://m.media-amazon.com/images/I/41110o9sUoL._SL500_.jpg" alt="Product Image"></a><p>GE XWFE Refrigerator Water Filter | Certified to Reduce Lead, Sulfur, and 50+ Other Impurities | Replace Every 6 Months for Best Results | Pack of 1, White</p><p>$49.00</p><a href="https://www.amazon.com/dp/B0882ZJ48W?tag=eloabder-20&linkCode=osi&th=1&psc=1">View Product</a></div><div class="product"><a href="https://www.amazon.com/dp/B074HLRXMP?tag=eloabder-20&linkCode=osi&th=1&psc=1"><img src="https://m.media-amazon.com/images/I/21oDpGCQXiL._SL500_.jpg" alt="Product Image"></a><p>LG LT1000P - 6 Month / 200 Gallon Capacity Replacement Refrigerator Water Filter (NSF42, NSF53, and NSF401) ADQ74793501, ADQ75795105, or AGF80300704 , White</p><p>$47.00</p><a href="https://www.amazon.com/dp/B074HLRXMP?tag=eloabder-20&linkCode=osi&th=1&psc=1">View Product</a></div><div class="product"><a href="https://www.amazon.com/dp/B01BKWSHHE?tag=eloabder-20&linkCode=osi&th=1&psc=1"><img src="https://m.media-amazon.com/images/I/31E2+zlkvjL._SL500_.jpg" alt="Product Image"></a><p>Frigidaire EPTWFU01 Water Filtration Filter, 1 Count, White</p><p>$42.99</p><a href="https://www.amazon.com/dp/B01BKWSHHE?tag=eloabder-20&linkCode=osi&th=1&psc=1">View Product</a></div><div class="product"><a href="https://www.amazon.com/dp/B08V6JB9R7?tag=eloabder-20&linkCode=osi&th=1&psc=1"><img src="https://m.media-amazon.com/images/I/31PRPEffCZL._SL500_.jpg" alt="Product Image"></a><p>Frigidaire FPPWFU01 PurePour PWF-1 Water Filter 1 Count (Pack of 1)</p><p>$45.81</p><a href="https://www.amazon.com/dp/B08V6JB9R7?tag=eloabder-20&linkCode=osi&th=1&psc=1">View Product</a></div><div class="product"><a href="https://www.amazon.com/dp/B000AST3AK?tag=eloabder-20&linkCode=osi&th=1&psc=1"><img src="https://m.media-amazon.com/images/I/41DUoSxpwTS._SL500_.jpg" alt="Product Image"></a><p>GE MWF Refrigerator Water Filter | Certified to Reduce Lead, Sulfur, and 50+ Other Impurities | Replace Every 6 Months for Best Results | Pack of 1</p><p>$39.98</p><a href="https://www.amazon.com/dp/B000AST3AK?tag=eloabder-20&linkCode=osi&th=1&psc=1">View Product</a></div><div class="product"><a href="https://www.amazon.com/dp/B0CFZR7K8D?tag=eloabder-20&linkCode=osi&th=1&psc=1"><img src="https://m.media-amazon.com/images/I/31WM5sdhKLL._SL500_.jpg" alt="Product Image"></a><p>HMASAV W10295370A water filter replacement, Compatible with EDR1RXD1,EDR1RXD1B,W10295370,Filter 1,WHR1RXD1,KAD1RXD1,P4RFWB,P8RFWB2L,46-9930,46-9081 2PACK</p><p>$29.99 ($15.00 / Count)</p><a href="https://www.amazon.com/dp/B0CFZR7K8D?tag=eloabder-20&linkCode=osi&th=1&psc=1">View Product</a></div><div class="product"><a href="https://www.amazon.com/dp/B07JM9TTTT?tag=eloabder-20&linkCode=osi&th=1&psc=1"><img src="https://m.media-amazon.com/images/I/41CfAtJ8TPL._SL500_.jpg" alt="Product Image"></a><p>GLACIER FRESH LT1000PC Replacement Water Filter, Compatible with LT1000PC/PCS, LT1000PC, LT-1000PC, MDJ64844601, ADQ747935 ADQ74793504 Filter and LT120F ADQ73334008 Fresh Air (3+3)</p><p>$39.99 ($13.33 / Count)</p><a href="https://www.amazon.com/dp/B07JM9TTTT?tag=eloabder-20&linkCode=osi&th=1&psc=1">View Product</a></div><div class="product"><a href="https://www.amazon.com/dp/B003N1ZSYG?tag=eloabder-20&linkCode=osi&th=1&psc=1"><img src="https://m.media-amazon.com/images/I/31Mbrkrxu1L._SL500_.jpg" alt="Product Image"></a><p>SAMSUNG Genuine Filter for Refrigerator Water and Ice, Carbon Block Filtration for Clean, Clear Drinking Water, 6-Month Life, HAF-CIN/EXP, 1 Pack</p><p>$39.99</p><a href="https://www.amazon.com/dp/B003N1ZSYG?tag=eloabder-20&linkCode=osi&th=1&psc=1">View Product</a></div>









<div class="product"><a href="https://www.amazon.com/dp/B0B2NZ47HN?tag=eloabder-20&linkCode=osi&th=1&psc=1"><img src="https://m.media-amazon.com/images/I/41nC6c2XxJL._SL500_.jpg" alt="Product Image"></a><p>OTE Portable Sparkling Water Maker Soda Maker Machine for home with 20PCS Cylinders 450ml Personal seltzer Carbonators Electroless Double Layer PET Bottle BPA Free Double Pressure Relief Valves -Pink</p><p>$49.99</p><a href="https://www.amazon.com/dp/B0B2NZ47HN?tag=eloabder-20&linkCode=osi&th=1&psc=1">View Product</a></div><div class="product"><a href="https://www.amazon.com/dp/B09DY54L7M?tag=eloabder-20&linkCode=osi&th=1&psc=1"><img src="https://m.media-amazon.com/images/I/31LSpnm3G8L._SL500_.jpg" alt="Product Image"></a><p>MOSOLAN Bottle Cleaning Brush, 17 Inches Extra Long Handle Water Bottle Brush, Flexible Bendable Cleaner for Washing Narrow Neck Bottles, Wine Decanter, Kombucha, Pipes, Beer Brewing Supplies, 2 Pack</p><p>$11.95 ($5.98 / Count)</p><a href="https://www.amazon.com/dp/B09DY54L7M?tag=eloabder-20&linkCode=osi&th=1&psc=1">View Product</a></div><div class="product"><a href="https://www.amazon.com/dp/B0736CBNDN?tag=eloabder-20&linkCode=osi&th=1&psc=1"><img src="https://m.media-amazon.com/images/I/41tWXmwP5KL._SL500_.jpg" alt="Product Image"></a><p>#2 Filter Pads (10 Pack Bulk) Compatible with Mini Jet Machine | #2 1.8-2.5 micron | 2 Micron Filtering pads. Filter Wine Beer, Kombucha, Mead Mash. Polishing filtration| Not a Buon Vino product.</p><p>$18.99</p><a href="https://www.amazon.com/dp/B0736CBNDN?tag=eloabder-20&linkCode=osi&th=1&psc=1">View Product</a></div>









<div class="product"><a href="https://www.amazon.com/dp/B07YGN577Y?tag=eloabder-20&linkCode=osi&th=1&psc=1"><img src="https://m.media-amazon.com/images/I/31kfZiyDMUL._SL500_.jpg" alt="Product Image"></a><p>9870163 Trash Power Nut WP9870163 L8</p><p>$50.36</p><a href="https://www.amazon.com/dp/B07YGN577Y?tag=eloabder-20&linkCode=osi&th=1&psc=1">View Product</a></div>

<div class="product"><a href="https://www.amazon.com/dp/B0CWQLM4C7?tag=eloabder-20&linkCode=osi&th=1&psc=1"><img src="https://m.media-amazon.com/images/I/41gTEIOjtlL._SL500_.jpg" alt="Product Image"></a><p>7" Seven Seconds Lazy Kitchen Food Making Tools - Multifunctional Fruit Vegetable Chopper Quick Garlic Peeling Machine Convenient Food Chopper for Slicing,Juice,Grinding</p><p>$32.99</p><a href="https://www.amazon.com/dp/B0CWQLM4C7?tag=eloabder-20&linkCode=osi&th=1&psc=1">View Product</a></div>







<div class="product"><a href="https://www.amazon.com/dp/B0CNKFM9WR?tag=eloabder-20&linkCode=osi&th=1&psc=1"><img src="https://m.media-amazon.com/images/I/31sGGIDic9L._SL500_.jpg" alt="Product Image"></a><p>hobbyme Pack of 4 Plastic Coffee Scoops with Brush & Espresso Grinder Brush for Ground Coffee Cleaning Tea Power Coffee Grinder Spoon</p><p>$6.49</p><a href="https://www.amazon.com/dp/B0CNKFM9WR?tag=eloabder-20&linkCode=osi&th=1&psc=1">View Product</a></div>





<div class="product"><a href="https://www.amazon.com/dp/B07798328B?tag=eloabder-20&linkCode=osi&th=1&psc=1"><img src="https://m.media-amazon.com/images/I/31Vpin+sgUS._SL500_.jpg" alt="Product Image"></a><p>Prime-Line MP10513 Standard Plastic Ice Cube Trays (5 Pack)</p><p>$12.69</p><a href="https://www.amazon.com/dp/B07798328B?tag=eloabder-20&linkCode=osi&th=1&psc=1">View Product</a></div><div class="product"><a href="https://www.amazon.com/dp/B077965JDB?tag=eloabder-20&linkCode=osi&th=1&psc=1"><img src="https://m.media-amazon.com/images/I/31H1hNlH6RL._SL500_.jpg" alt="Product Image"></a><p>Prime-Line MP10863 Standard Plastic Ice Cube Trays (2 Pack)</p><p>$9.69</p><a href="https://www.amazon.com/dp/B077965JDB?tag=eloabder-20&linkCode=osi&th=1&psc=1">View Product</a></div>

<div class="product"><a href="https://www.amazon.com/dp/B08MPLY84K?tag=eloabder-20&linkCode=osi&th=1&psc=1"><img src="https://m.media-amazon.com/images/I/31kWTfzQJBL._SL500_.jpg" alt="Product Image"></a><p>Syntus Vacuum Sealer Bags, 6 Pack 3 Rolls 11" x 20' and 3 Rolls 8" x 20' Commercial Grade BPA Free Bag Rolls, Food Vac Bags for Storage, Meal Prep or Sous Vide</p><p>$19.99</p><a href="https://www.amazon.com/dp/B08MPLY84K?tag=eloabder-20&linkCode=osi&th=1&psc=1">View Product</a></div><div class="product"><a href="https://www.amazon.com/dp/B0C5BWRMQL?tag=eloabder-20&linkCode=osi&th=1&psc=1"><img src="https://m.media-amazon.com/images/I/41yPpkb6oeL._SL500_.jpg" alt="Product Image"></a><p>Bonsenkitchen Vacuum Sealer Rolls Bags, 6 Pack 3 Rolls 11" x 20' + 3 Rolls 8" x 20' Commercial Grade BPA Free Bag Rolls, Durable Customized Size Food Vac Bags for Storage and Sous Vide Cooking VB3211</p><p>$19.99 ($3.33 / Count)</p><a href="https://www.amazon.com/dp/B0C5BWRMQL?tag=eloabder-20&linkCode=osi&th=1&psc=1">View Product</a></div><div class="product"><a href="https://www.amazon.com/dp/B0C5C1JTC4?tag=eloabder-20&linkCode=osi&th=1&psc=1"><img src="https://m.media-amazon.com/images/I/31JpyYsm7YL._SL500_.jpg" alt="Product Image"></a><p>Bonsenkitchen Vacuum Food Sealer Bags 200 Quart 8" x 12", BPA Free, Commercial Grade Textured Food Vacuum Sealer Bag, Thick Embossed Bags for Food Storage and Sous Vide Cooking VB3208</p><p>$18.39 ($0.09 / Count)</p><a href="https://www.amazon.com/dp/B0C5C1JTC4?tag=eloabder-20&linkCode=osi&th=1&psc=1">View Product</a></div><div class="product"><a href="https://www.amazon.com/dp/B07TMZDGQ1?tag=eloabder-20&linkCode=osi&th=1&psc=1"><img src="https://m.media-amazon.com/images/I/31cRCu-JIsL._SL500_.jpg" alt="Product Image"></a><p>Wevac Vacuum Sealer Bags 11x50 Rolls 2 pack for Food Saver, Seal a Meal, Weston. Commercial Grade, BPA Free, Heavy Duty, Great for vac storage, Meal Prep or Sous Vide</p><p>$20.99 ($0.21 / Count)</p><a href="https://www.amazon.com/dp/B07TMZDGQ1?tag=eloabder-20&linkCode=osi&th=1&psc=1">View Product</a></div><div class="product"><a href="https://www.amazon.com/dp/B07TV4KRCL?tag=eloabder-20&linkCode=osi&th=1&psc=1"><img src="https://m.media-amazon.com/images/I/31uv3qtc9bL._SL500_.jpg" alt="Product Image"></a><p>Wevac Vacuum Sealer Bags 100 Gallon 11x16 Inch for Food Saver, Seal a Meal, Weston. Commercial Grade, BPA Free, Heavy Duty, Great for vac storage, Meal Prep and Sous Vide</p><p>$21.24</p><a href="https://www.amazon.com/dp/B07TV4KRCL?tag=eloabder-20&linkCode=osi&th=1&psc=1">View Product</a></div>


<div class="product"><a href="https://www.amazon.com/dp/B093G5XCVF?tag=eloabder-20&linkCode=osi&th=1&psc=1"><img src="https://m.media-amazon.com/images/I/313Cq6ASf0S._SL500_.jpg" alt="Product Image"></a><p>2 Multipurpose Pastry Brush Basting & Coffee Grinders Cleaning Brush Wooden Handle Natural Boar Bristles Baking Cooking Sauce egg wash Bakery Supply Espresso Bean Barista</p><p>$7.21</p><a href="https://www.amazon.com/dp/B093G5XCVF?tag=eloabder-20&linkCode=osi&th=1&psc=1">View Product</a></div><div class="product"><a href="https://www.amazon.com/dp/B07JGRYG31?tag=eloabder-20&linkCode=osi&th=1&psc=1"><img src="https://m.media-amazon.com/images/I/31nd-jhgzdL._SL500_.jpg" alt="Product Image"></a><p>Coffee Grinder Cleaning Brush + Coffee Brush Wood Handle & Natural Bristles Pastry Brush</p><p>$5.99</p><a href="https://www.amazon.com/dp/B07JGRYG31?tag=eloabder-20&linkCode=osi&th=1&psc=1">View Product</a></div><div class="product"><a href="https://www.amazon.com/dp/B0C53G4T7X?tag=eloabder-20&linkCode=osi&th=1&psc=1"><img src="https://m.media-amazon.com/images/I/21Hrgmpj8YL._SL500_.jpg" alt="Product Image"></a><p>Leadigol Cleaning Tool Coffee Machine Home Pastry Brush Multifunctional Wooden Handle Baking Soft Bristles Coffee Grinder Brush</p><p>$7.99</p><a href="https://www.amazon.com/dp/B0C53G4T7X?tag=eloabder-20&linkCode=osi&th=1&psc=1">View Product</a></div><div class="product"><a href="https://www.amazon.com/dp/B07W5WM2LF?tag=eloabder-20&linkCode=osi&th=1&psc=1"><img src="https://m.media-amazon.com/images/I/41-7fWE9tSL._SL500_.jpg" alt="Product Image"></a><p>Redecker Waffle Machine Brush with Oiled Beechwood Handle, Stiff Heat-resistant Tampico Fiber Bristles, 6-1/2 inches, Made in Germany</p><p>$21.99</p><a href="https://www.amazon.com/dp/B07W5WM2LF?tag=eloabder-20&linkCode=osi&th=1&psc=1">View Product</a></div>






Aucun rÃ©sultat trouvÃ©.


<div class="product"><a href="https://www.amazon.com/dp/B00LQKZQAW?tag=eloabder-20&linkCode=osi&th=1&psc=1"><img src="https://m.media-amazon.com/images/I/31nBii+cbiL._SL500_.jpg" alt="Product Image"></a><p>Electrolux 5308000716 Dish Replacement , White</p><p>$17.16</p><a href="https://www.amazon.com/dp/B00LQKZQAW?tag=eloabder-20&linkCode=osi&th=1&psc=1">View Product</a></div><div class="product"><a href="https://www.amazon.com/dp/B09BBPTSNK?tag=eloabder-20&linkCode=osi&th=1&psc=1"><img src="https://m.media-amazon.com/images/I/41kdVEnPDTL._SL500_.jpg" alt="Product Image"></a><p>Judeeâ€™s Butter Powder 5 lb - 100% Non-GMO and Keto-Friendly - rBST Hormone-Free - Gluten-Free and Nut-Free - Made from 100% Real Butter - Baking Ready Ingredient - Made in USA</p><p>$59.99 ($0.75 / Ounce)</p><a href="https://www.amazon.com/dp/B09BBPTSNK?tag=eloabder-20&linkCode=osi&th=1&psc=1">View Product</a></div>
<div class="product"><a href="https://www.amazon.com/dp/B0C1G9K19X?tag=eloabder-20&linkCode=osi&th=1&psc=1"><img src="https://m.media-amazon.com/images/I/41OVBrQ1wFL._SL500_.jpg" alt="Product Image"></a><p>Coffee Cup Design Coffee Filter Holder, Coffee Paper Rack Stand, Metal Coffee Filter Container Stand, Coffee Bar Accessories Vertical Paper Towel Napkin Holder for Cone Square Fan Shaped Size (Black)</p><p>$8.99</p><a href="https://www.amazon.com/dp/B0C1G9K19X?tag=eloabder-20&linkCode=osi&th=1&psc=1">View Product</a></div><div class="product"><a href="https://www.amazon.com/dp/B07TP1YN7G?tag=eloabder-20&linkCode=osi&th=1&psc=1"><img src="https://m.media-amazon.com/images/I/41BpYdpRyaL._SL500_.jpg" alt="Product Image"></a><p>CAFEMASY Coffee Filter Holder Storage Coffee Filter Paper Dispenser Rack with Dustproof Cover for V60 and Cone Coffee Filters</p><p>$9.99</p><a href="https://www.amazon.com/dp/B07TP1YN7G?tag=eloabder-20&linkCode=osi&th=1&psc=1">View Product</a></div><div class="product"><a href="https://www.amazon.com/dp/B0BFCTW7MY?tag=eloabder-20&linkCode=osi&th=1&psc=1"><img src="https://m.media-amazon.com/images/I/31s709IEZkL._SL500_.jpg" alt="Product Image"></a><p>Coffee Filter Holder, watchget Reusable Coffee Paper Filter Storage Bag for Cone-shaped Filter Papers V60 Waterproof Canvas Suitable for Outdoor Camping Traveling(02)</p><p>$11.99</p><a href="https://www.amazon.com/dp/B0BFCTW7MY?tag=eloabder-20&linkCode=osi&th=1&psc=1">View Product</a></div>





<div class="product"><a href="https://www.amazon.com/dp/B0CTJD9VK7?tag=eloabder-20&linkCode=osi&th=1&psc=1"><img src="https://m.media-amazon.com/images/I/31pqr-gIt8L._SL500_.jpg" alt="Product Image"></a><p>[4 Pack] Water Bottle Brush & Straw Cleaner Set,Stainless Steel Long Handle Baby Bottle Scrub Cleaning Brush for Sports Bottles, Cups, Dishes, Coffee Mugs, Glasswares, Tumblers, Wine Decanters</p><p>$6.50</p><a href="https://www.amazon.com/dp/B0CTJD9VK7?tag=eloabder-20&linkCode=osi&th=1&psc=1">View Product</a></div>












<div class="product"><a href="https://www.amazon.com/dp/B00UTFZAII?tag=eloabder-20&linkCode=osi&th=1&psc=1"><img src="https://m.media-amazon.com/images/I/31z7hZ6KbXL._SL500_.jpg" alt="Product Image"></a><p>Miele 10123210 AirClean 3D Efficiency Dust Bag, Type GN, 4 Bags & 2 Filters, White</p><p>$21.86 ($21.86 / Count)</p><a href="https://www.amazon.com/dp/B00UTFZAII?tag=eloabder-20&linkCode=osi&th=1&psc=1">View Product</a></div><div class="product"><a href="https://www.amazon.com/dp/B07WHG6J5S?tag=eloabder-20&linkCode=osi&th=1&psc=1"><img src="https://m.media-amazon.com/images/I/41hnaEOxB9L._SL500_.jpg" alt="Product Image"></a><p>KEEPOW Vacuum Filters for Eureka, Power Speed Vacuum Filters Replacement for Eureka NEU182A, NEU182B, NEU280, NEU180, NEU181, NEU188, NEU202 Bagless Upright Vacuum Cleaner, Part E0202 (4 Pack)</p><p>$9.99 ($2.50 / Count)</p><a href="https://www.amazon.com/dp/B07WHG6J5S?tag=eloabder-20&linkCode=osi&th=1&psc=1">View Product</a></div><div class="product"><a href="https://www.amazon.com/dp/B00UTFZB82?tag=eloabder-20&linkCode=osi&th=1&psc=1"><img src="https://m.media-amazon.com/images/I/41WdlL5T0dL._SL500_.jpg" alt="Product Image"></a><p>Miele AirClean 3D Efficiency Dust Bag, Type FJM, 4 Bags & 2 Filters, White</p><p>$18.99</p><a href="https://www.amazon.com/dp/B00UTFZB82?tag=eloabder-20&linkCode=osi&th=1&psc=1">View Product</a></div><div class="product"><a href="https://www.amazon.com/dp/B09NKP346M?tag=eloabder-20&linkCode=osi&th=1&psc=1"><img src="https://m.media-amazon.com/images/I/41o25nqkODL._SL500_.jpg" alt="Product Image"></a><p>Anewise 6 Pack Filter Replacement for Bissell Powerforce Compact Lightweight Upright 2112 1520 for Bissel Turbo Bagless 2690 Cleanview 3437 3508 Vacuum Cleaner, Compare to Parts #1604896/160-4896</p><p>$12.99</p><a href="https://www.amazon.com/dp/B09NKP346M?tag=eloabder-20&linkCode=osi&th=1&psc=1">View Product</a></div><div class="product"><a href="https://www.amazon.com/dp/B01MQ5NITB?tag=eloabder-20&linkCode=osi&th=1&psc=1"><img src="https://m.media-amazon.com/images/I/41J6lG4H1bL._SL500_.jpg" alt="Product Image"></a><p>Bissell Style 7 3 Pack Vacuum Cleaner Bags, White, 3 Count</p><p>$8.69 ($2.90 / Count)</p><a href="https://www.amazon.com/dp/B01MQ5NITB?tag=eloabder-20&linkCode=osi&th=1&psc=1">View Product</a></div><div class="product"><a href="https://www.amazon.com/dp/B0CDH1JY5D?tag=eloabder-20&linkCode=osi&th=1&psc=1"><img src="https://m.media-amazon.com/images/I/516DPXu4siL._SL500_.jpg" alt="Product Image"></a><p>4 Pack Replacement Filters Compatiable with Wyze Cordless Vacuum Cleaner, Removable and Washable HEPA Filter Accessories Part Set with 1 Cleaning Brush for Wyze Handheld Cordless Vacuum Cleaner</p><p>$15.99 ($4.00 / Count)</p><a href="https://www.amazon.com/dp/B0CDH1JY5D?tag=eloabder-20&linkCode=osi&th=1&psc=1">View Product</a></div><div class="product"><a href="https://www.amazon.com/dp/B07P3WB37F?tag=eloabder-20&linkCode=osi&th=1&psc=1"><img src="https://m.media-amazon.com/images/I/51WaYrkiVXL._SL500_.jpg" alt="Product Image"></a><p>Miele AirClean 3D Efficiency Dust Bag, Type GN, XL Value Pack, 8 Bags and 4 Filters</p><p>$36.99</p><a href="https://www.amazon.com/dp/B07P3WB37F?tag=eloabder-20&linkCode=osi&th=1&psc=1">View Product</a></div><div class="product"><a href="https://www.amazon.com/dp/B09DSY4Z2T?tag=eloabder-20&linkCode=osi&th=1&psc=1"><img src="https://m.media-amazon.com/images/I/51+ref3EeAL._SL500_.jpg" alt="Product Image"></a><p>Filter Replacement for Tineco A10 A11 Hero A10/A11 Master PURE ONE S11 Series, S12, X Cordless Vacuum Cleaner (3 PACK) â€¦</p><p>$12.99 ($4.33 / Count)</p><a href="https://www.amazon.com/dp/B09DSY4Z2T?tag=eloabder-20&linkCode=osi&th=1&psc=1">View Product</a></div>


<div class="product"><a href="https://www.amazon.com/dp/B0BXRR5QFV?tag=eloabder-20&linkCode=osi&th=1&psc=1"><img src="https://m.media-amazon.com/images/I/41sjdBkCp8L._SL500_.jpg" alt="Product Image"></a><p>AC Infinity CLOUDFORGE T7, Plant Humidifier 15L with VPD Humidity Controls, 10-Level Precision Vaporizer, Extendable Hose, Targeting Pipe, and No-Leak Seal for Grow Tents</p><p>$159.00</p><a href="https://www.amazon.com/dp/B0BXRR5QFV?tag=eloabder-20&linkCode=osi&th=1&psc=1">View Product</a></div><div class="product"><a href="https://www.amazon.com/dp/B01N6MV8SA?tag=eloabder-20&linkCode=osi&th=1&psc=1"><img src="https://m.media-amazon.com/images/I/41hX08+W1xL._SL500_.jpg" alt="Product Image"></a><p>Protec Humidifier Tank Cleaner, 1 Count - Colors May Vary</p><p>$5.98</p><a href="https://www.amazon.com/dp/B01N6MV8SA?tag=eloabder-20&linkCode=osi&th=1&psc=1">View Product</a></div><div class="product"><a href="https://www.amazon.com/dp/B07GXBTH82?tag=eloabder-20&linkCode=osi&th=1&psc=1"><img src="https://m.media-amazon.com/images/I/41ibxK12JPL._SL500_.jpg" alt="Product Image"></a><p>Essick Air 1970-2 Humidifier, 2-Quart Bacteriostatic Treatment, 2 Pack, Clear, 2</p><p>$22.99</p><a href="https://www.amazon.com/dp/B07GXBTH82?tag=eloabder-20&linkCode=osi&th=1&psc=1">View Product</a></div><div class="product"><a href="https://www.amazon.com/dp/B08TTT3K9B?tag=eloabder-20&linkCode=osi&th=1&psc=1"><img src="https://m.media-amazon.com/images/I/41U6j9SexmL._SL500_.jpg" alt="Product Image"></a><p>Leemone Humidifier Cleaner 12 Pack, Demineralization Cleaning Ball, Works in All humidifiers and Fish Tanks, Purifies Water, Prevents Hard Water Build-Up, Eliminates White Dust and Odor</p><p>$14.44</p><a href="https://www.amazon.com/dp/B08TTT3K9B?tag=eloabder-20&linkCode=osi&th=1&psc=1">View Product</a></div>
<div class="product"><a href="https://www.amazon.com/dp/B07YD4XCT3?tag=eloabder-20&linkCode=osi&th=1&psc=1"><img src="https://m.media-amazon.com/images/I/41hR81iKyJL._SL500_.jpg" alt="Product Image"></a><p>Vacplus Moisture Absorber Packets, Fragrance Free(10 Pack), Humidity Packs, Hanging Closet Dehumidifier Bags, Desiccant 9.8OZ</p><p>$21.99</p><a href="https://www.amazon.com/dp/B07YD4XCT3?tag=eloabder-20&linkCode=osi&th=1&psc=1">View Product</a></div><div class="product"><a href="https://www.amazon.com/dp/B09LQF5V5K?tag=eloabder-20&linkCode=osi&th=1&psc=1"><img src="https://m.media-amazon.com/images/I/51Cx5ECAotL._SL500_.jpg" alt="Product Image"></a><p>CLEVAST Moisture Absorbers Packets 10 Pack, Dehumidifier Bags for Closet, Unscented Hanging Humidity Absorber in Wardrobes, Bedrooms, Bathrooms(230g/pack)</p><p>$16.98</p><a href="https://www.amazon.com/dp/B09LQF5V5K?tag=eloabder-20&linkCode=osi&th=1&psc=1">View Product</a></div><div class="product"><a href="https://www.amazon.com/dp/B0B8L9QRW8?tag=eloabder-20&linkCode=osi&th=1&psc=1"><img src="https://m.media-amazon.com/images/I/518LgtpPi8L._SL500_.jpg" alt="Product Image"></a><p>Arm & Hammer Essentials Disposable Moisture Absorber and Odor Eliminator Tub, Fragrance Free, 1 lb, 3-Pack, Attracts and Traps Excess Moisture, Ideal Closet Dehumidifier, White</p><p>$24.94 ($0.52 / Ounce)</p><a href="https://www.amazon.com/dp/B0B8L9QRW8?tag=eloabder-20&linkCode=osi&th=1&psc=1">View Product</a></div><div class="product"><a href="https://www.amazon.com/dp/B09W9TPJGZ?tag=eloabder-20&linkCode=osi&th=1&psc=1"><img src="https://m.media-amazon.com/images/I/51pVTVMwHbL._SL500_.jpg" alt="Product Image"></a><p>THECOSKY Dehumidifier and Air Purifier Combo,HEPA H13 Filter and Negative Air Ion Function,54oz(1.6L) Water Tank with Drain Hose,24hrs Auto-Off Timer,Idea for Bedroom,Bathroom,Closet,RV</p><p>$109.99</p><a href="https://www.amazon.com/dp/B09W9TPJGZ?tag=eloabder-20&linkCode=osi&th=1&psc=1">View Product</a></div><div class="product"><a href="https://www.amazon.com/dp/B0CXDG65LZ?tag=eloabder-20&linkCode=osi&th=1&psc=1"><img src="https://m.media-amazon.com/images/I/41HNflmbKHL._SL500_.jpg" alt="Product Image"></a><p>14 x 17.5 x1.75 MERV 13 Replacement Dehumidifier Filter Compatible with Santa Fe Advance90, Advance100, Advance120, Honeywell DR90 & DR120 dehumidifier models, 2 Pack</p><p>$42.99</p><a href="https://www.amazon.com/dp/B0CXDG65LZ?tag=eloabder-20&linkCode=osi&th=1&psc=1">View Product</a></div>
<div class="product"><a href="https://www.amazon.com/dp/B088B921NQ?tag=eloabder-20&linkCode=osi&th=1&psc=1"><img src="https://m.media-amazon.com/images/I/612e4cT3RYL._SL500_.jpg" alt="Product Image"></a><p>ULTTY H13 HEPA Replacement Filter with Medical Coating, True HEPA Filter For R021/ R020 Purifying Fan, Medium</p><p>$29.99</p><a href="https://www.amazon.com/dp/B088B921NQ?tag=eloabder-20&linkCode=osi&th=1&psc=1">View Product</a></div><div class="product"><a href="https://www.amazon.com/dp/B0D2MZ4Y7Z?tag=eloabder-20&linkCode=osi&th=1&psc=1"><img src="https://m.media-amazon.com/images/I/51KgTHizWyL._SL500_.jpg" alt="Product Image"></a><p>Butto 5-Pack Ceiling Fan Filters for Blades - Strong Adhesive Ceiling Fan Filters for Common Household Contaminants - Unscented Coconut Carbon Fan Air Purifier Pads to Make Air Fresh and Natural</p><p>$9.98</p><a href="https://www.amazon.com/dp/B0D2MZ4Y7Z?tag=eloabder-20&linkCode=osi&th=1&psc=1">View Product</a></div><div class="product"><a href="https://www.amazon.com/dp/B0C42HCM21?tag=eloabder-20&linkCode=osi&th=1&psc=1"><img src="https://m.media-amazon.com/images/I/31jk3lpoygL._SL500_.jpg" alt="Product Image"></a><p>Barnakl Ceiling Fan Filters | Activated Coconut Shell Carbon Filter | Easy-Stick Universal Ceiling Fan Air Filters | Unscented Ceiling Fan Blade Filters for Common Household Contaminants, (3-Count)</p><p>$19.99 ($6.66 / Count)</p><a href="https://www.amazon.com/dp/B0C42HCM21?tag=eloabder-20&linkCode=osi&th=1&psc=1">View Product</a></div>
<div class="product"><a href="https://www.amazon.com/dp/B08LZWP29P?tag=eloabder-20&linkCode=osi&th=1&psc=1"><img src="https://m.media-amazon.com/images/I/41NLuzzFW9L._SL500_.jpg" alt="Product Image"></a><p>Chromex Tankless Water Heater Descaling Solution | Highly Effective Descaler Restores Heating Efficiency, Quart, 32 fl oz (1)</p><p>$26.99</p><a href="https://www.amazon.com/dp/B08LZWP29P?tag=eloabder-20&linkCode=osi&th=1&psc=1">View Product</a></div>

<div class="product"><a href="https://www.amazon.com/dp/B005UO4OWQ?tag=eloabder-20&linkCode=osi&th=1&psc=1"><img src="https://m.media-amazon.com/images/I/41oQPKFofoL._SL500_.jpg" alt="Product Image"></a><p>Bissell 203-7458 Brushroll, Bg10/86T3, Black</p><p>$21.26 ($21.26 / Count)</p><a href="https://www.amazon.com/dp/B005UO4OWQ?tag=eloabder-20&linkCode=osi&th=1&psc=1">View Product</a></div>





















<div class="product"><a href="https://www.amazon.com/dp/B0014J7FUY?tag=eloabder-20&linkCode=osi&th=1&psc=1"><img src="https://m.media-amazon.com/images/I/31QrM+IPxOL._SL500_.jpg" alt="Product Image"></a><p>Urnex Grindz Professional Coffee Grinder Cleaning Tablets - 430 Grams - All Natural Food Safe Gluten Free - Cleans Burr and Casing - Help Extend Life of Your Grinder</p><p>$25.99 ($1.71 / Ounce)</p><a href="https://www.amazon.com/dp/B0014J7FUY?tag=eloabder-20&linkCode=osi&th=1&psc=1">View Product</a></div>



<div class="product"><a href="https://www.amazon.com/dp/B0CHW317SG?tag=eloabder-20&linkCode=osi&th=1&psc=1"><img src="https://m.media-amazon.com/images/I/41Qd5Iu3qBL._SL500_.jpg" alt="Product Image"></a><p>EUHOMY 55 Can Beverage Refrigerator cooler-Mini Fridge Glass Door for Beer Drinks Wines, Freestanding Beverage Fridge with Adjustable Shelves Blue LED for Home/Office/Dorm/Bar (1.3cu.ft)</p><p>$128.99</p><a href="https://www.amazon.com/dp/B0CHW317SG?tag=eloabder-20&linkCode=osi&th=1&psc=1">View Product</a></div>

<div class="product"><a href="https://www.amazon.com/dp/B099CN2MRK?tag=eloabder-20&linkCode=osi&th=1&psc=1"><img src="https://m.media-amazon.com/images/I/31CvUCIUX5L._SL500_.jpg" alt="Product Image"></a><p>Genuine PuroAir 240 Replacement Filter - Replacement HEPA Filter for PuroAir 240 Purifier - Captures up to 99% of Pollen, Smoke, Pollen, Dust and Common Household Pollutants</p><p>$48.00</p><a href="https://www.amazon.com/dp/B099CN2MRK?tag=eloabder-20&linkCode=osi&th=1&psc=1">View Product</a></div><div class="product"><a href="https://www.amazon.com/dp/B0055521W0?tag=eloabder-20&linkCode=osi&th=1&psc=1"><img src="https://m.media-amazon.com/images/I/41Hs7ixdyXL._SL500_.jpg" alt="Product Image"></a><p>GermGuardian Filter B HEPA Pure Genuine Air Purifier Replacement Filter, Removes 99.97% of Pollutants for AC4825, AC4300, AC4900, AC4825DLX, AC4850, CDAP4500, AP2200, Black/Yellow, FLT4825</p><p>$17.90 ($17.90 / Count)</p><a href="https://www.amazon.com/dp/B0055521W0?tag=eloabder-20&linkCode=osi&th=1&psc=1">View Product</a></div><div class="product"><a href="https://www.amazon.com/dp/B0BNMYKZPV?tag=eloabder-20&linkCode=osi&th=1&psc=1"><img src="https://m.media-amazon.com/images/I/41-K3mB6KkL._SL500_.jpg" alt="Product Image"></a><p>2 Pack True HEPA KILO Filter Compatible with Afloia KILO, KILOPLUS, KILOPRO, MIRO,MIRO PRO and MORENTO MR-Kilo, Kalo Air Purifier, 360Â° 3-Stage Filtration</p><p>$34.99 ($17.50 / Count)</p><a href="https://www.amazon.com/dp/B0BNMYKZPV?tag=eloabder-20&linkCode=osi&th=1&psc=1">View Product</a></div><div class="product"><a href="https://www.amazon.com/dp/B0D3M4Y9W7?tag=eloabder-20&linkCode=osi&th=1&psc=1"><img src="https://m.media-amazon.com/images/I/41tzW+mkZuL._SL500_.jpg" alt="Product Image"></a><p>Breshair 14 True HEPA Filter Replacement Compatible with PuroAir 240 Air Purifier, 3-in-1 Filtration System with Activated Carbon Filter, 2-Pack</p><p>$31.56 ($15.78 / Count)</p><a href="https://www.amazon.com/dp/B0D3M4Y9W7?tag=eloabder-20&linkCode=osi&th=1&psc=1">View Product</a></div><div class="product"><a href="https://www.amazon.com/dp/B0CB18MVX6?tag=eloabder-20&linkCode=osi&th=1&psc=1"><img src="https://m.media-amazon.com/images/I/519ZmmLOrzL._SL500_.jpg" alt="Product Image"></a><p>2 Pack 3-in-1 H13 True HEPA Replacement Filter Compatible with Pure Enrichment PureZone Air Purifier Part# PEAIRPLG</p><p>$23.99 ($12.00 / Count)</p><a href="https://www.amazon.com/dp/B0CB18MVX6?tag=eloabder-20&linkCode=osi&th=1&psc=1">View Product</a></div><div class="product"><a href="https://www.amazon.com/dp/B08JTZMRML?tag=eloabder-20&linkCode=osi&th=1&psc=1"><img src="https://m.media-amazon.com/images/I/51yx60sCjHL._SL500_.jpg" alt="Product Image"></a><p>6 Pack HPA300 HEPA Filter Replacement for Honeywell HPA300 Series Air Purifiers HPA300, HPA300VP, HPA304, HPA3300, Replace HRF-R3 (6 Ture HEPA R Replacement Filter + 8 Activated Carbon Pre-Filter)</p><p>$47.99 ($3.43 / Count)</p><a href="https://www.amazon.com/dp/B08JTZMRML?tag=eloabder-20&linkCode=osi&th=1&psc=1">View Product</a></div><div class="product"><a href="https://www.amazon.com/dp/B0CF1GLSYS?tag=eloabder-20&linkCode=osi&th=1&psc=1"><img src="https://m.media-amazon.com/images/I/41709EXRzXL._SL500_.jpg" alt="Product Image"></a><p>CHIVALZ 4 Pack HY4866 True HEPA Replacement Filters Compatible with MORENTO HY4866 Air Purifier, WESTHEY HY4866 Air Purifier and YIOU M1 Air Cleaner Purifier, Original Version</p><p>$39.99 ($10.00 / Count)</p><a href="https://www.amazon.com/dp/B0CF1GLSYS?tag=eloabder-20&linkCode=osi&th=1&psc=1">View Product</a></div>







<div class="product"><a href="https://www.amazon.com/dp/B0CYKMFKR9?tag=eloabder-20&linkCode=osi&th=1&psc=1"><img src="https://m.media-amazon.com/images/I/316zU-ozoxL._SL500_.jpg" alt="Product Image"></a><p>Air Purifier Replacement Filter for Space Heater Bladeless Fan</p><p>$29.99</p><a href="https://www.amazon.com/dp/B0CYKMFKR9?tag=eloabder-20&linkCode=osi&th=1&psc=1">View Product</a></div>
<div class="product"><a href="https://www.amazon.com/dp/B07MRH6VY7?tag=eloabder-20&linkCode=osi&th=1&psc=1"><img src="https://m.media-amazon.com/images/I/51g-nuN4A5L._SL500_.jpg" alt="Product Image"></a><p>Colorfullife Replacement Air Purifier Filter for Dyson Tower Purifier Pure Cool Link TP01, TP02, TP03, BP01, Compare to Part 968126-03ï¼Œ2 Pack</p><p>$26.99</p><a href="https://www.amazon.com/dp/B07MRH6VY7?tag=eloabder-20&linkCode=osi&th=1&psc=1">View Product</a></div><div class="product"><a href="https://www.amazon.com/dp/B07TX5SW7J?tag=eloabder-20&linkCode=osi&th=1&psc=1"><img src="https://m.media-amazon.com/images/I/512Kn+cPglL._SL500_.jpg" alt="Product Image"></a><p>TP01 HEPA Filter Replacement Compatible with Dyson Tower Purifier Pure Cool Link TP01, TP02, TP03, AM11, BP01 Models, Compare to Part # 968126-03 (Pack of 2)</p><p>$27.95 ($13.98 / Count)</p><a href="https://www.amazon.com/dp/B07TX5SW7J?tag=eloabder-20&linkCode=osi&th=1&psc=1">View Product</a></div><div class="product"><a href="https://www.amazon.com/dp/B0CC24GZGB?tag=eloabder-20&linkCode=osi&th=1&psc=1"><img src="https://m.media-amazon.com/images/I/41woNpZ9VgL._SL500_.jpg" alt="Product Image"></a><p>TP01 TP02 Filter Compatible with Dyson Pure Cool Link Purifying Tower Fan TP00 TP03 AM11 and Cool Me BP01 Personal Series, 360Â° Air Purifier Filter Replacement 968126-03, 1-Pack</p><p>$25.99</p><a href="https://www.amazon.com/dp/B0CC24GZGB?tag=eloabder-20&linkCode=osi&th=1&psc=1">View Product</a></div><div class="product"><a href="https://www.amazon.com/dp/B0CX23N2JJ?tag=eloabder-20&linkCode=osi&th=1&psc=1"><img src="https://m.media-amazon.com/images/I/3145hmd5j7L._SL500_.jpg" alt="Product Image"></a><p>Dreo Air Purifiers Replacement Filter, HEPA Filter for Dreo Purifier Tower Fan MC710S, with 2 Stage Filtration, Black, Standard(DR-HPA019)</p><p>$39.99</p><a href="https://www.amazon.com/dp/B0CX23N2JJ?tag=eloabder-20&linkCode=osi&th=1&psc=1">View Product</a></div>










<div class="product"><a href="https://www.amazon.com/dp/B001U0OJ7O?tag=eloabder-20&linkCode=osi&th=1&psc=1"><img src="https://m.media-amazon.com/images/I/41XEg3QV-wL._SL500_.jpg" alt="Product Image"></a><p>Whirlpool W10165294RB 15-Inch Plastic Trash Compactor ct, 60 Bags, Count</p><p>$48.34</p><a href="https://www.amazon.com/dp/B001U0OJ7O?tag=eloabder-20&linkCode=osi&th=1&psc=1">View Product</a></div><div class="product"><a href="https://www.amazon.com/dp/B0CC3V4ZZ4?tag=eloabder-20&linkCode=osi&th=1&psc=1"><img src="https://m.media-amazon.com/images/I/31bbvodHnjL._SL500_.jpg" alt="Product Image"></a><p>Waste Smasher- Hand-Held Manual Trash Compactor Dishwasher Safe Black</p><p>$24.95</p><a href="https://www.amazon.com/dp/B0CC3V4ZZ4?tag=eloabder-20&linkCode=osi&th=1&psc=1">View Product</a></div><div class="product"><a href="https://www.amazon.com/dp/B00IYO5914?tag=eloabder-20&linkCode=osi&th=1&psc=1"><img src="https://m.media-amazon.com/images/I/51SLpTXIYNL._SL500_.jpg" alt="Product Image"></a><p>Kitchen Master Super Strong Compactor Bags Pre Cuffed (12 Pack)</p><p>$34.95</p><a href="https://www.amazon.com/dp/B00IYO5914?tag=eloabder-20&linkCode=osi&th=1&psc=1">View Product</a></div><div class="product"><a href="https://www.amazon.com/dp/B075DJ4ZVQ?tag=eloabder-20&linkCode=osi&th=1&psc=1"><img src="https://m.media-amazon.com/images/I/51Vaek4I89L._SL500_.jpg" alt="Product Image"></a><p>Dano Pre-Cuffed Compactor Bags</p><p>$32.95 ($2.75 / Count)</p><a href="https://www.amazon.com/dp/B075DJ4ZVQ?tag=eloabder-20&linkCode=osi&th=1&psc=1">View Product</a></div><div class="product"><a href="https://www.amazon.com/dp/B0C2DCVCBJ?tag=eloabder-20&linkCode=osi&th=1&psc=1"><img src="https://m.media-amazon.com/images/I/51072CtaKuL._SL500_.jpg" alt="Product Image"></a><p>60-pack W10165294RB Trash Compactor Bags - leak-proof trash compactor bags for kitchen 60-ct 15 inches - Fits 15-inch Rectangular Drawer Compactors</p><p>$45.99 ($0.77 / Count)</p><a href="https://www.amazon.com/dp/B0C2DCVCBJ?tag=eloabder-20&linkCode=osi&th=1&psc=1">View Product</a></div><div class="product"><a href="https://www.amazon.com/dp/B001U0OJ7E?tag=eloabder-20&linkCode=osi&th=1&psc=1"><img src="https://m.media-amazon.com/images/I/41c0z26RyvL._SL500_.jpg" alt="Product Image"></a><p>Whirlpool W10165293RB Genuine OEM 60 Pack-Plastic Compactor Bags-18" Models â€“ 1394369, 4178058, 4318932, 4318933, 4318935, 4318937, 4318939, AH1964576, EA1964576, PS1964576</p><p>$48.64 ($0.81 / Count)</p><a href="https://www.amazon.com/dp/B001U0OJ7E?tag=eloabder-20&linkCode=osi&th=1&psc=1">View Product</a></div><div class="product"><a href="https://www.amazon.com/dp/B00W27J16S?tag=eloabder-20&linkCode=osi&th=1&psc=1"><img src="https://m.media-amazon.com/images/I/41RaOjAGlrL._SL500_.jpg" alt="Product Image"></a><p>Compactor Bags Pre Cuffed (50 Pack)</p><p>$84.95 ($1.70 / count)</p><a href="https://www.amazon.com/dp/B00W27J16S?tag=eloabder-20&linkCode=osi&th=1&psc=1">View Product</a></div><div class="product"><a href="https://www.amazon.com/dp/B00MOCYY2W?tag=eloabder-20&linkCode=osi&th=1&psc=1"><img src="https://m.media-amazon.com/images/I/41SH8mDsAnL._SL500_.jpg" alt="Product Image"></a><p>GE WX60X1 Genuine OEM Universal Trash Compactor Bags for GE Trash Compactors</p><p>$19.00</p><a href="https://www.amazon.com/dp/B00MOCYY2W?tag=eloabder-20&linkCode=osi&th=1&psc=1">View Product</a></div><div class="product"><a href="https://www.amazon.com/dp/B0D7SFSTNG?tag=eloabder-20&linkCode=osi&th=1&psc=1"><img src="https://m.media-amazon.com/images/I/41szt9tZJPL._SL500_.jpg" alt="Product Image"></a><p>4PCS Trash Compactor Charcoal Air Filter Fit for Whirlpool/KitchenAid/Maytag/Jenn-Air/Amana/Inglis/Magic Chef Trash Compactor, Replaces 4151750 554358 WP4151750 AP6009134 PS11742279</p><p>$23.59 ($5.90 / Count)</p><a href="https://www.amazon.com/dp/B0D7SFSTNG?tag=eloabder-20&linkCode=osi&th=1&psc=1">View Product</a></div>
<div class="product"><a href="https://www.amazon.com/dp/B0CGLX5ZB9?tag=eloabder-20&linkCode=osi&th=1&psc=1"><img src="https://m.media-amazon.com/images/I/51qeRZQS98L._SL500_.jpg" alt="Product Image"></a><p>Spare Replacement Parts Compatible with MAMNV BR150 BR151, ZCWA BR150 BR151, MANVINS G20 Robot Vacuum and Mop Combo Accessories Include: 3 Hepa Filters 3 Mop Pads 6 Side Spin Brushes</p><p>$9.98</p><a href="https://www.amazon.com/dp/B0CGLX5ZB9?tag=eloabder-20&linkCode=osi&th=1&psc=1">View Product</a></div><div class="product"><a href="https://www.amazon.com/dp/B0B28DGZBG?tag=eloabder-20&linkCode=osi&th=1&psc=1"><img src="https://m.media-amazon.com/images/I/51ooMN4RqML._SL500_.jpg" alt="Product Image"></a><p>Replacement Parts for Shark AI AV2511AE AV2501S AV2610WA AV2501AE RV2502AE RV2610WA RV2520 AV2510 2-In-1 AI Ultra Robot Vacuum Cleaner Accessories Kits. Main Brush, HEPA Filter, Foam Filter,Side Brush</p><p>$19.99 ($1.05 / Count)</p><a href="https://www.amazon.com/dp/B0B28DGZBG?tag=eloabder-20&linkCode=osi&th=1&psc=1">View Product</a></div><div class="product"><a href="https://www.amazon.com/dp/B0782T7L6P?tag=eloabder-20&linkCode=osi&th=1&psc=1"><img src="https://m.media-amazon.com/images/I/41hTVkuzMJL._SL500_.jpg" alt="Product Image"></a><p>10pcs HEPA Filters Replacement for ILIFE V3s V3s pro V5 V5s V5s Pro V5s Pro 2 V5s Plus Noisz S5 Robotic Vacuum Cleaner ILIFE V3s pro Filters ILIFE Robot Vacuum Filter</p><p>$9.80 ($0.98 / Count)</p><a href="https://www.amazon.com/dp/B0782T7L6P?tag=eloabder-20&linkCode=osi&th=1&psc=1">View Product</a></div><div class="product"><a href="https://www.amazon.com/dp/B0CXLVHTTC?tag=eloabder-20&linkCode=osi&th=1&psc=1"><img src="https://m.media-amazon.com/images/I/51BT3phYzKL._SL500_.jpg" alt="Product Image"></a><p>HUIZHEN Spare Accessories for MAMNV BR150/BR151, for ZCWA BR150/BR151, for MANVINS G20,for GTTVO BR150/BR151,for ONSON BR150/BR151 Robot Vacuum Replacement Parts,6 Side Brush,4 HEPA Filters,4 Mop Pads</p><p>$9.99</p><a href="https://www.amazon.com/dp/B0CXLVHTTC?tag=eloabder-20&linkCode=osi&th=1&psc=1">View Product</a></div><div class="product"><a href="https://www.amazon.com/dp/B08RYDDQL8?tag=eloabder-20&linkCode=osi&th=1&psc=1"><img src="https://m.media-amazon.com/images/I/314Xd7+oBXL._SL500_.jpg" alt="Product Image"></a><p>AirClean 4 Pack 3.7" High Replacement Base Pre-Motor Foam Filters Compatible with Shark IQ Robot Vacuum R101AE RV1001AE UR1005AE Self-Empty Base</p><p>$12.99 ($3.25 / Count)</p><a href="https://www.amazon.com/dp/B08RYDDQL8?tag=eloabder-20&linkCode=osi&th=1&psc=1">View Product</a></div><div class="product"><a href="https://www.amazon.com/dp/B0CJLHJ557?tag=eloabder-20&linkCode=osi&th=1&psc=1"><img src="https://m.media-amazon.com/images/I/41iQm8hUjiL._SL500_.jpg" alt="Product Image"></a><p>Replacement Parts Compatible with WYZE Robot Vacuum Cleaner WVCR200S Accessories, 2 Main Brushes, 6 Hepa Filters, 8 Side Brushes Attachment Spare Pack</p><p>$14.99 ($0.94 / Count)</p><a href="https://www.amazon.com/dp/B0CJLHJ557?tag=eloabder-20&linkCode=osi&th=1&psc=1">View Product</a></div>
<div class="product"><a href="https://www.amazon.com/dp/B0C4595Q8P?tag=eloabder-20&linkCode=osi&th=1&psc=1"><img src="https://m.media-amazon.com/images/I/51k23SAtRxL._SL500_.jpg" alt="Product Image"></a><p>4 Pack FSV001 HEPA Filter Compatiable with Fabuletta FSV101, FSV001, Girnoor G160&G165, Afoddon A300, Lubluelu 202, Oraimo Cordless Vacuum Cleaner, Besswin W26 Cordless Stick Vacuum Cleaners</p><p>$15.99 ($4.00 / Count)</p><a href="https://www.amazon.com/dp/B0C4595Q8P?tag=eloabder-20&linkCode=osi&th=1&psc=1">View Product</a></div>
<div class="product"><a href="https://www.amazon.com/dp/B0BNKJX96X?tag=eloabder-20&linkCode=osi&th=1&psc=1"><img src="https://m.media-amazon.com/images/I/41OPeLFppoL._SL500_.jpg" alt="Product Image"></a><p>6 PACK 2033 Replacement Filter Compatible with Bissell Featherweight Stick Lightweight Bagless Vacuum Cleaner 20331, 20333, 20334, 20336, 20339, 2033M,6 Mesh Filter 6 Foam Filters, Replace # 1611508</p><p>$14.99 ($2.50 / Count)</p><a href="https://www.amazon.com/dp/B0BNKJX96X?tag=eloabder-20&linkCode=osi&th=1&psc=1">View Product</a></div><div class="product"><a href="https://www.amazon.com/dp/B0CMBWLTSM?tag=eloabder-20&linkCode=osi&th=1&psc=1"><img src="https://m.media-amazon.com/images/I/41PHqKaLTDL._SL500_.jpg" alt="Product Image"></a><p>18V ONE + Cordless Pet Stick Vacuum Filter for Ryobi, PCL720, PBLSV716, PBLSV717 Stick Vacuum, Reusable Washable Filters, Compare to Part A32SV720N, 6 Pack</p><p>$15.99 ($2.66 / Count)</p><a href="https://www.amazon.com/dp/B0CMBWLTSM?tag=eloabder-20&linkCode=osi&th=1&psc=1">View Product</a></div><div class="product"><a href="https://www.amazon.com/dp/B0CXDYWWT9?tag=eloabder-20&linkCode=osi&th=1&psc=1"><img src="https://m.media-amazon.com/images/I/41F1csTT8jL._SL500_.jpg" alt="Product Image"></a><p>2 Replacement Filters for Craftsman V20 Cordless Stick Vacuum CMCVS001D1, for Black Decker BSVF1 BSV2020 BSV2020G BSV2020P Cordless Stick Vacuum Cleaner with 1 Cleaning Brush</p><p>$14.99</p><a href="https://www.amazon.com/dp/B0CXDYWWT9?tag=eloabder-20&linkCode=osi&th=1&psc=1">View Product</a></div><div class="product"><a href="https://www.amazon.com/dp/B0CCJ5N5DH?tag=eloabder-20&linkCode=osi&th=1&psc=1"><img src="https://m.media-amazon.com/images/I/41xmhDPqk8L._SL500_.jpg" alt="Product Image"></a><p>Aolleteau 1 Pack Brush Roller Compatible with Black + Decker BSV2020, BSV2020P, BSV2020G Powerseries Extreme Cordless Stick Vacuum and Compatible with Craftsman V20 Cordless Stick Vacuum CMCVS001D1</p><p>$17.99</p><a href="https://www.amazon.com/dp/B0CCJ5N5DH?tag=eloabder-20&linkCode=osi&th=1&psc=1">View Product</a></div><div class="product"><a href="https://www.amazon.com/dp/B0CQY61LFD?tag=eloabder-20&linkCode=osi&th=1&psc=1"><img src="https://m.media-amazon.com/images/I/31swBBC444L._SL500_.jpg" alt="Product Image"></a><p>Tablenco for Shark HZ602 Filter Replacement Ultralight Pet Pro Corded Stick Vacuum and HZ2002 Vertex DuoClean PowerFins fit HZ2000 HZ251 HZ250 HH200 HH202,4 Foam Felt 4 Motor Kit (No cleaning brush)</p><p>$9.98</p><a href="https://www.amazon.com/dp/B0CQY61LFD?tag=eloabder-20&linkCode=osi&th=1&psc=1">View Product</a></div><div class="product"><a href="https://www.amazon.com/dp/B09Q55KW8W?tag=eloabder-20&linkCode=osi&th=1&psc=1"><img src="https://m.media-amazon.com/images/I/51MKsJy6nSL._SL500_.jpg" alt="Product Image"></a><p>Anicell 2033 Featherweight Filter for Bissell Featherweight Stick Lightweight Bagless Vacuum 20331 20333 20334 20336 20339 2033M, 4 Mesh Filters 6 Foam Filters Replacement, Replace part# 1611508</p><p>$11.99</p><a href="https://www.amazon.com/dp/B09Q55KW8W?tag=eloabder-20&linkCode=osi&th=1&psc=1">View Product</a></div><div class="product"><a href="https://www.amazon.com/dp/B0CDVG7LHD?tag=eloabder-20&linkCode=osi&th=1&psc=1"><img src="https://m.media-amazon.com/images/I/41hjN1Te6sL._SL500_.jpg" alt="Product Image"></a><p>Moreffi 3 Pack Filter Replacement For HART Cordless Stick Vacuum HPSV01 and HPSV50, Compare to Part Number HASV01</p><p>$19.99 ($6.66 / Count)</p><a href="https://www.amazon.com/dp/B0CDVG7LHD?tag=eloabder-20&linkCode=osi&th=1&psc=1">View Product</a></div>
<div class="product"><a href="https://www.amazon.com/dp/B07DQ9TZC8?tag=eloabder-20&linkCode=osi&th=1&psc=1"><img src="https://m.media-amazon.com/images/I/41PHyZ20FuL._SL500_.jpg" alt="Product Image"></a><p>Kenmore 53294 Style O HEPA Cloth Vacuum Bags for Kenmore Upright Vacuum Cleaners 6 Pack,White</p><p>$20.99 ($3.50 / Count)</p><a href="https://www.amazon.com/dp/B07DQ9TZC8?tag=eloabder-20&linkCode=osi&th=1&psc=1">View Product</a></div><div class="product"><a href="https://www.amazon.com/dp/B08MXVTTT2?tag=eloabder-20&linkCode=osi&th=1&psc=1"><img src="https://m.media-amazon.com/images/I/41T6wRpIMzL._SL500_.jpg" alt="Product Image"></a><p>Kenmore IB600 HEPA Replacement Intuition Upright Vacuum Cleaner Bags for BU4022, BU4020, BU4018, BU4050, BU3040,White</p><p>$18.75</p><a href="https://www.amazon.com/dp/B08MXVTTT2?tag=eloabder-20&linkCode=osi&th=1&psc=1">View Product</a></div><div class="product"><a href="https://www.amazon.com/dp/B01010JVYO?tag=eloabder-20&linkCode=osi&th=1&psc=1"><img src="https://m.media-amazon.com/images/I/51Anluh47GL._SL500_.jpg" alt="Product Image"></a><p>EnviroCare Replacement Micro Filtration Vacuum Cleaner Dust Bags Designed to fit Hoover Windtunnel Upright Type Y 9 pack</p><p>$9.89 ($1.10 / Count)</p><a href="https://www.amazon.com/dp/B01010JVYO?tag=eloabder-20&linkCode=osi&th=1&psc=1">View Product</a></div><div class="product"><a href="https://www.amazon.com/dp/B0D5CP3WBY?tag=eloabder-20&linkCode=osi&th=1&psc=1"><img src="https://m.media-amazon.com/images/I/31MaGmsVOwL._SL500_.jpg" alt="Product Image"></a><p>Bagless Upright Kenmore Vacuum HEPA Filters, Compatible with Foam Filters, Felt Filters and Upright vacuum cleaner for Models K4010,DU2015,DU2012(includes 1 Hepa Filters,2 Foam and 2 Felt Filters)</p><p>$12.99</p><a href="https://www.amazon.com/dp/B0D5CP3WBY?tag=eloabder-20&linkCode=osi&th=1&psc=1">View Product</a></div><div class="product"><a href="https://www.amazon.com/dp/B0CBFV28WX?tag=eloabder-20&linkCode=osi&th=1&psc=1"><img src="https://m.media-amazon.com/images/I/51LIYI0wXSL._SL500_.jpg" alt="Product Image"></a><p>16 Packs Vacuum Bags for Oreck Type CC, Compatible with All Oreck XL Upright Vacuum Cleaner - Replaces Part # CCPK8DW</p><p>$21.99 ($1.37 / Count)</p><a href="https://www.amazon.com/dp/B0CBFV28WX?tag=eloabder-20&linkCode=osi&th=1&psc=1">View Product</a></div><div class="product"><a href="https://www.amazon.com/dp/B00F9GQMHA?tag=eloabder-20&linkCode=osi&th=1&psc=1"><img src="https://m.media-amazon.com/images/I/51lhelurelL._SL500_.jpg" alt="Product Image"></a><p>EnviroCare Replacement Premium Vacuum Cleaner Dust Bags made to fit Eureka F&G Uprights 9 bags</p><p>$11.09</p><a href="https://www.amazon.com/dp/B00F9GQMHA?tag=eloabder-20&linkCode=osi&th=1&psc=1">View Product</a></div><div class="product"><a href="https://www.amazon.com/dp/B002CI8G1I?tag=eloabder-20&linkCode=osi&th=1&psc=1"><img src="https://m.media-amazon.com/images/I/51PYQrQpbSL._SL500_.jpg" alt="Product Image"></a><p>EnviroCare Replacement Micro Filtration Vacuum Cleaner Dust Bags made to fit Kenmore Upright Type U/L/O 50688 and 50690, Panasonic Type U-2, Miele Type Z. 9 pack</p><p>$9.99</p><a href="https://www.amazon.com/dp/B002CI8G1I?tag=eloabder-20&linkCode=osi&th=1&psc=1">View Product</a></div>
<div class="product"><a href="https://www.amazon.com/dp/B07GNQJ67P?tag=eloabder-20&linkCode=osi&th=1&psc=1"><img src="https://m.media-amazon.com/images/I/41XHnKbgjAL._SL500_.jpg" alt="Product Image"></a><p>Kenmore 53292 Type Q HEPA Replacement Dust Bags for Canister Vacuum 81214, 81414, 81714, 21814, BC2005, BC3005, 81615, BC7005, 6 Count (Pack of 1)</p><p>$13.24 ($2.21 / Count)</p><a href="https://www.amazon.com/dp/B07GNQJ67P?tag=eloabder-20&linkCode=osi&th=1&psc=1">View Product</a></div><div class="product"><a href="https://www.amazon.com/dp/B01L0C0FVK?tag=eloabder-20&linkCode=osi&th=1&psc=1"><img src="https://m.media-amazon.com/images/I/51ZIjbo9NVL._SL500_.jpg" alt="Product Image"></a><p>Envirocare Replacement Vacuum Bags Compatible with Kenmore Canister Type C/Q. 5055, 50557 and 50558 Panasonic Type C-5 Vacuums,15 pack</p><p>$16.16</p><a href="https://www.amazon.com/dp/B01L0C0FVK?tag=eloabder-20&linkCode=osi&th=1&psc=1">View Product</a></div><div class="product"><a href="https://www.amazon.com/dp/B0BTRTP2PM?tag=eloabder-20&linkCode=osi&th=1&psc=1"><img src="https://m.media-amazon.com/images/I/41K295aRv9L._SL500_.jpg" alt="Product Image"></a><p>Vacuum Cleaner Bags Fit for Kenmore Canister Type C/Q 50555 50557 50558 and Type C-5, 10PCs</p><p>$15.99</p><a href="https://www.amazon.com/dp/B0BTRTP2PM?tag=eloabder-20&linkCode=osi&th=1&psc=1">View Product</a></div><div class="product"><a href="https://www.amazon.com/dp/B0CRQYGLZX?tag=eloabder-20&linkCode=osi&th=1&psc=1"><img src="https://m.media-amazon.com/images/I/413iXp+j3ML._SL500_.jpg" alt="Product Image"></a><p>15 Pack Canister Vacuum Cleaner Bags Compatible with Kenmore Canister Type C/Q 5055, 50555, 50557, 50558 and Type C-5, C-18, 53292, 200 Series, 400 Series, 600 Series, 700 Series, 800 Series Vacuum</p><p>$11.69</p><a href="https://www.amazon.com/dp/B0CRQYGLZX?tag=eloabder-20&linkCode=osi&th=1&psc=1">View Product</a></div><div class="product"><a href="https://www.amazon.com/dp/B00QGD3SBI?tag=eloabder-20&linkCode=osi&th=1&psc=1"><img src="https://m.media-amazon.com/images/I/51xw0asyqTL._SL500_.jpg" alt="Product Image"></a><p>EnviroCare Replacement Vacuum Bags made to fit Kenmore Canister Type C or Q 50555, 50558, 50557 and Panasonic Type C-5 Vacuums, 9 pack</p><p>$9.79</p><a href="https://www.amazon.com/dp/B00QGD3SBI?tag=eloabder-20&linkCode=osi&th=1&psc=1">View Product</a></div><div class="product"><a href="https://www.amazon.com/dp/B0CQP9NP5N?tag=eloabder-20&linkCode=osi&th=1&psc=1"><img src="https://m.media-amazon.com/images/I/41WnNkTz8zL._SL500_.jpg" alt="Product Image"></a><p>8 Pack Replacement Vacuum Bags Compatible with Kenmore Canister Type C/Q. 5055, 50104, 50557 and 50558 Panasonic Type C-5 Vacuums</p><p>$9.99 ($1.25 / Count)</p><a href="https://www.amazon.com/dp/B0CQP9NP5N?tag=eloabder-20&linkCode=osi&th=1&psc=1">View Product</a></div>
<div class="product"><a href="https://www.amazon.com/dp/B09M3Y2BHR?tag=eloabder-20&linkCode=osi&th=1&psc=1"><img src="https://m.media-amazon.com/images/I/31tevngai1L._SL500_.jpg" alt="Product Image"></a><p>Ymimi Vacuum Filter Compatible with Eureka WhirlWind Bagless Canister Vacuum Cleaner,Fits NEN110A,NEN110B,NEN110Dï¼ˆ2-Packï¼‰</p><p>$11.99 ($6.00 / Count)</p><a href="https://www.amazon.com/dp/B09M3Y2BHR?tag=eloabder-20&linkCode=osi&th=1&psc=1">View Product</a></div><div class="product"><a href="https://www.amazon.com/dp/B07J1WWBHN?tag=eloabder-20&linkCode=osi&th=1&psc=1"><img src="https://m.media-amazon.com/images/I/51gmkDrnR2L._SL500_.jpg" alt="Product Image"></a><p>Bissell Powerforce Helix Bagless Washable Premotor Filter #1608225, Black</p><p>$7.78</p><a href="https://www.amazon.com/dp/B07J1WWBHN?tag=eloabder-20&linkCode=osi&th=1&psc=1">View Product</a></div><div class="product"><a href="https://www.amazon.com/dp/B0BK64TMMK?tag=eloabder-20&linkCode=osi&th=1&psc=1"><img src="https://m.media-amazon.com/images/I/41OBMvET7eL._SL500_.jpg" alt="Product Image"></a><p>Vacuum Belt Replacement for Bissell Cleanview Swivel Pet Upright Bagless/Powerlifter Vacuum Cleaner, fits model: 2252, 2254, 22543, 2258,2259, 2260,2316, 2739, 1793, Parts # 3031120, 32074</p><p>$6.99</p><a href="https://www.amazon.com/dp/B0BK64TMMK?tag=eloabder-20&linkCode=osi&th=1&psc=1">View Product</a></div><div class="product"><a href="https://www.amazon.com/dp/B0BKKL3WRB?tag=eloabder-20&linkCode=osi&th=1&psc=1"><img src="https://m.media-amazon.com/images/I/410jMe-FjIL._SL500_.jpg" alt="Product Image"></a><p>Aolleteau F1 HEPA Filter Compatible with Dirt Devil Bagless Upright Cleaner Models Extra Lite, Breeze, Featherlite Bagless, Jaguar Bagless,Platinum Force Vision, Scorpion and Vision Bagless (2 Pack)</p><p>$13.99 ($7.00 / Count)</p><a href="https://www.amazon.com/dp/B0BKKL3WRB?tag=eloabder-20&linkCode=osi&th=1&psc=1">View Product</a></div><div class="product"><a href="https://www.amazon.com/dp/B09SG1P4WN?tag=eloabder-20&linkCode=osi&th=1&psc=1"><img src="https://m.media-amazon.com/images/I/51+Mr+Wq5ML._SL500_.jpg" alt="Product Image"></a><p>NEN110A Vacuum Filter, Inlet Frame and Sponge Filter Compatible with Eureka Whirlwind Bagless Canister Vacuum Cleaner, Fits NEN110A, NEN110B, NEN110D(4-Pack)</p><p>$15.99 ($4.00 / Count)</p><a href="https://www.amazon.com/dp/B09SG1P4WN?tag=eloabder-20&linkCode=osi&th=1&psc=1">View Product</a></div>
<div class="product"><a href="https://www.amazon.com/dp/B07GT9VB9X?tag=eloabder-20&linkCode=osi&th=1&psc=1"><img src="https://m.media-amazon.com/images/I/41IokheYtNL._SL500_.jpg" alt="Product Image"></a><p>6 Pack 1940 Bissell Steam Mop Pads for Bissell PowerFresh Steam Mop 1806 1544 1440 2075A 2685A 1940W 19404 Series, Model 19402 19408 1940a 1940f 1940q 1940t B0006 B0017, Part #5938#203-2633</p><p>$16.99 ($2.83 / Count)</p><a href="https://www.amazon.com/dp/B07GT9VB9X?tag=eloabder-20&linkCode=osi&th=1&psc=1">View Product</a></div><div class="product"><a href="https://www.amazon.com/dp/B07H3MYZLD?tag=eloabder-20&linkCode=osi&th=1&psc=1"><img src="https://m.media-amazon.com/images/I/511p6MPxQ0L._SL500_.jpg" alt="Product Image"></a><p>Flammi Steam Pocket Mop Replacement Pads for Shark S3500 Series S3501 S3601 S3550 S3901 SE450 S3801CO S3601D S2901 S2902 Steam Pocket Mop, 4 Pack</p><p>$16.97 ($4.24 / Count)</p><a href="https://www.amazon.com/dp/B07H3MYZLD?tag=eloabder-20&linkCode=osi&th=1&psc=1">View Product</a></div><div class="product"><a href="https://www.amazon.com/dp/B0C8SH97HN?tag=eloabder-20&linkCode=osi&th=1&psc=1"><img src="https://m.media-amazon.com/images/I/31Mex4y7odL._SL500_.jpg" alt="Product Image"></a><p>HOMEXCEL Steam Mop Replacement Pads Compatible with Bissell Powerfresh Steam Mop 1940 1806 1440 1544 Series, Model 19402 19404 19408 2685A 2075A 1940A 1940Q 1940T 1940W, Steam Mop Pads Refills,4 Pack</p><p>$9.99 ($2.50 / Count)</p><a href="https://www.amazon.com/dp/B0C8SH97HN?tag=eloabder-20&linkCode=osi&th=1&psc=1">View Product</a></div><div class="product"><a href="https://www.amazon.com/dp/B0BFWTXS33?tag=eloabder-20&linkCode=osi&th=1&psc=1"><img src="https://m.media-amazon.com/images/I/51pa2h7o0EL._SL500_.jpg" alt="Product Image"></a><p>12 Pack 1940 Steam Mop Replacement Pads for Bissell Powerfresh Steam Mop 1940 1440 1806 1544 2075 2685A 2814 Series, Model 19402 19404 19408 19409 1940A 1940F 1940Q 1940T 1940W B0006 B0017 2075A 15441</p><p>$24.99</p><a href="https://www.amazon.com/dp/B0BFWTXS33?tag=eloabder-20&linkCode=osi&th=1&psc=1">View Product</a></div><div class="product"><a href="https://www.amazon.com/dp/B0CLP5QGTY?tag=eloabder-20&linkCode=osi&th=1&psc=1"><img src="https://m.media-amazon.com/images/I/414HqpKde9L._SL500_.jpg" alt="Product Image"></a><p>10 Pack 1940 1806 2685A Steam Mop Pads For Bissell Powerfresh Steam Mop Deluxe Pet Lift-Off Plus Slim Scrubbing Steam Mop Replacement Pad 1940A 2814 1544A 2075A Power Fresh Steamer Pad Refill Washable</p><p>$22.99 ($2.30 / Count)</p><a href="https://www.amazon.com/dp/B0CLP5QGTY?tag=eloabder-20&linkCode=osi&th=1&psc=1">View Product</a></div><div class="product"><a href="https://www.amazon.com/dp/B078BBKBPV?tag=eloabder-20&linkCode=osi&th=1&psc=1"><img src="https://m.media-amazon.com/images/I/51WcJqtOUIL._SL500_.jpg" alt="Product Image"></a><p>Tidy Monster Steam Mop Replacement Pads Compatible with Bissell Powerfresh Steam Mop 1940 1806 1544 1440 2075A 2685A Series, Part # 5938 & 203-2633, 1606668 & 1606669 (4 Pack Scrub Plush)</p><p>$9.99</p><a href="https://www.amazon.com/dp/B078BBKBPV?tag=eloabder-20&linkCode=osi&th=1&psc=1">View Product</a></div><div class="product"><a href="https://www.amazon.com/dp/B00A6G37SU?tag=eloabder-20&linkCode=osi&th=1&psc=1"><img src="https://m.media-amazon.com/images/I/51xo0LB-SpL._SL500_.jpg" alt="Product Image"></a><p>BISSELL PowerFresh Steam Mop Pads (Pack of 2) with Fragrance discs (4 ct), 5938</p><p>$21.26 ($10.63 / Count)</p><a href="https://www.amazon.com/dp/B00A6G37SU?tag=eloabder-20&linkCode=osi&th=1&psc=1">View Product</a></div>
<div class="product"><a href="https://www.amazon.com/dp/B0D2QFVY7H?tag=eloabder-20&linkCode=osi&th=1&psc=1"><img src="https://m.media-amazon.com/images/I/417B7H+vvML._SL500_.jpg" alt="Product Image"></a><p>Kenmore KS1010 Deep Clean & Revitalize Pet Carpet Cleaner Formula, 64 oz, White, 64 Fl Oz</p><p>$22.73 ($0.36 / Fl Oz)</p><a href="https://www.amazon.com/dp/B0D2QFVY7H?tag=eloabder-20&linkCode=osi&th=1&psc=1">View Product</a></div><div class="product"><a href="https://www.amazon.com/dp/B0BNK8ZJJ1?tag=eloabder-20&linkCode=osi&th=1&psc=1"><img src="https://m.media-amazon.com/images/I/51z0Pc4xcNL._SL500_.jpg" alt="Product Image"></a><p>Bissell Spotlifter Pet Carpet and Upholstery Cleaner with Brush Head - 4 Pack, 93523</p><p>$23.88 ($0.50 / Fl Oz)</p><a href="https://www.amazon.com/dp/B0BNK8ZJJ1?tag=eloabder-20&linkCode=osi&th=1&psc=1">View Product</a></div><div class="product"><a href="https://www.amazon.com/dp/B0CX245D26?tag=eloabder-20&linkCode=osi&th=1&psc=1"><img src="https://m.media-amazon.com/images/I/411CSXvvO1L._SL500_.jpg" alt="Product Image"></a><p>BISSELLÂ® Spot & Stain with Febreze + Gain Original Scent Formula for Little Green Devices, Portable Carpet Cleaners (3968)</p><p>$12.99 ($0.41 / Fl Oz)</p><a href="https://www.amazon.com/dp/B0CX245D26?tag=eloabder-20&linkCode=osi&th=1&psc=1">View Product</a></div><div class="product"><a href="https://www.amazon.com/dp/B083VZW4R5?tag=eloabder-20&linkCode=osi&th=1&psc=1"><img src="https://m.media-amazon.com/images/I/413BULPLmBL._SL500_.jpg" alt="Product Image"></a><p>BISSELL Multi-Surface Pet Formula with Febreze Freshness for Crosswave (80 oz), 2295L</p><p>$22.99 ($0.29 / Fl Oz)</p><a href="https://www.amazon.com/dp/B083VZW4R5?tag=eloabder-20&linkCode=osi&th=1&psc=1">View Product</a></div><div class="product"><a href="https://www.amazon.com/dp/B0D2RGW219?tag=eloabder-20&linkCode=osi&th=1&psc=1"><img src="https://m.media-amazon.com/images/I/41gD+82tnAL._SL500_.jpg" alt="Product Image"></a><p>Vacmaster Clean & Restore Carpet Cleaner Formula â€“ CCS03</p><p>$19.99 ($0.31 / Fl Oz)</p><a href="https://www.amazon.com/dp/B0D2RGW219?tag=eloabder-20&linkCode=osi&th=1&psc=1">View Product</a></div>






<div class="product"><a href="https://www.amazon.com/dp/B0BY64HQTP?tag=eloabder-20&linkCode=osi&th=1&psc=1"><img src="https://m.media-amazon.com/images/I/41hUxHuASYL._SL500_.jpg" alt="Product Image"></a><p>Air Conditioning Motor WZDK13-38G-1(RD-310-13-8) DC Brushless Fan Motor, 13W Inverter air Conditioner Motor DC Motor for Central air Conditioner</p><p>$39.95</p><a href="https://www.amazon.com/dp/B0BY64HQTP?tag=eloabder-20&linkCode=osi&th=1&psc=1">View Product</a></div><div class="product"><a href="https://www.amazon.com/dp/B0CM5YB884?tag=eloabder-20&linkCode=osi&th=1&psc=1"><img src="https://m.media-amazon.com/images/I/310lQ2tAvLL._SL500_.jpg" alt="Product Image"></a><p>Sparkfix OEM WZDK20-38G (ZKFP-20-8-6) Air Conditioner Replacement Motors DC280V 20W Air Conditioning Fan Motor Inverter Air Conditioner Brushless DC Motor 1300RPM CCW</p><p>$42.79</p><a href="https://www.amazon.com/dp/B0CM5YB884?tag=eloabder-20&linkCode=osi&th=1&psc=1">View Product</a></div>













<div class="product"><a href="https://www.amazon.com/dp/B009PCI2JU?tag=eloabder-20&linkCode=osi&th=1&psc=1"><img src="https://m.media-amazon.com/images/I/310ZJurANUL._SL500_.jpg" alt="Product Image"></a><p>GE RPWFE Refrigerator Water Filter | Certified to Reduce Lead, Sulfur, and 50+ Other Impurities | Replace Every 6 Months for Best Results | Pack of 1</p><p>$49.98</p><a href="https://www.amazon.com/dp/B009PCI2JU?tag=eloabder-20&linkCode=osi&th=1&psc=1">View Product</a></div><div class="product"><a href="https://www.amazon.com/dp/B0882ZJ48W?tag=eloabder-20&linkCode=osi&th=1&psc=1"><img src="https://m.media-amazon.com/images/I/41110o9sUoL._SL500_.jpg" alt="Product Image"></a><p>GE XWFE Refrigerator Water Filter | Certified to Reduce Lead, Sulfur, and 50+ Other Impurities | Replace Every 6 Months for Best Results | Pack of 1, White</p><p>$49.00</p><a href="https://www.amazon.com/dp/B0882ZJ48W?tag=eloabder-20&linkCode=osi&th=1&psc=1">View Product</a></div><div class="product"><a href="https://www.amazon.com/dp/B074HLRXMP?tag=eloabder-20&linkCode=osi&th=1&psc=1"><img src="https://m.media-amazon.com/images/I/21oDpGCQXiL._SL500_.jpg" alt="Product Image"></a><p>LG LT1000P - 6 Month / 200 Gallon Capacity Replacement Refrigerator Water Filter (NSF42, NSF53, and NSF401) ADQ74793501, ADQ75795105, or AGF80300704 , White</p><p>$47.00</p><a href="https://www.amazon.com/dp/B074HLRXMP?tag=eloabder-20&linkCode=osi&th=1&psc=1">View Product</a></div><div class="product"><a href="https://www.amazon.com/dp/B01BKWSHHE?tag=eloabder-20&linkCode=osi&th=1&psc=1"><img src="https://m.media-amazon.com/images/I/31E2+zlkvjL._SL500_.jpg" alt="Product Image"></a><p>Frigidaire EPTWFU01 Water Filtration Filter, 1 Count, White</p><p>$42.99</p><a href="https://www.amazon.com/dp/B01BKWSHHE?tag=eloabder-20&linkCode=osi&th=1&psc=1">View Product</a></div><div class="product"><a href="https://www.amazon.com/dp/B08V6JB9R7?tag=eloabder-20&linkCode=osi&th=1&psc=1"><img src="https://m.media-amazon.com/images/I/31PRPEffCZL._SL500_.jpg" alt="Product Image"></a><p>Frigidaire FPPWFU01 PurePour PWF-1 Water Filter 1 Count (Pack of 1)</p><p>$45.81</p><a href="https://www.amazon.com/dp/B08V6JB9R7?tag=eloabder-20&linkCode=osi&th=1&psc=1">View Product</a></div><div class="product"><a href="https://www.amazon.com/dp/B000AST3AK?tag=eloabder-20&linkCode=osi&th=1&psc=1"><img src="https://m.media-amazon.com/images/I/41DUoSxpwTS._SL500_.jpg" alt="Product Image"></a><p>GE MWF Refrigerator Water Filter | Certified to Reduce Lead, Sulfur, and 50+ Other Impurities | Replace Every 6 Months for Best Results | Pack of 1</p><p>$39.98</p><a href="https://www.amazon.com/dp/B000AST3AK?tag=eloabder-20&linkCode=osi&th=1&psc=1">View Product</a></div><div class="product"><a href="https://www.amazon.com/dp/B0CFZR7K8D?tag=eloabder-20&linkCode=osi&th=1&psc=1"><img src="https://m.media-amazon.com/images/I/31WM5sdhKLL._SL500_.jpg" alt="Product Image"></a><p>HMASAV W10295370A water filter replacement, Compatible with EDR1RXD1,EDR1RXD1B,W10295370,Filter 1,WHR1RXD1,KAD1RXD1,P4RFWB,P8RFWB2L,46-9930,46-9081 2PACK</p><p>$29.99 ($15.00 / Count)</p><a href="https://www.amazon.com/dp/B0CFZR7K8D?tag=eloabder-20&linkCode=osi&th=1&psc=1">View Product</a></div><div class="product"><a href="https://www.amazon.com/dp/B07JM9TTTT?tag=eloabder-20&linkCode=osi&th=1&psc=1"><img src="https://m.media-amazon.com/images/I/41CfAtJ8TPL._SL500_.jpg" alt="Product Image"></a><p>GLACIER FRESH LT1000PC Replacement Water Filter, Compatible with LT1000PC/PCS, LT1000PC, LT-1000PC, MDJ64844601, ADQ747935 ADQ74793504 Filter and LT120F ADQ73334008 Fresh Air (3+3)</p><p>$39.99 ($13.33 / Count)</p><a href="https://www.amazon.com/dp/B07JM9TTTT?tag=eloabder-20&linkCode=osi&th=1&psc=1">View Product</a></div><div class="product"><a href="https://www.amazon.com/dp/B003N1ZSYG?tag=eloabder-20&linkCode=osi&th=1&psc=1"><img src="https://m.media-amazon.com/images/I/31Mbrkrxu1L._SL500_.jpg" alt="Product Image"></a><p>SAMSUNG Genuine Filter for Refrigerator Water and Ice, Carbon Block Filtration for Clean, Clear Drinking Water, 6-Month Life, HAF-CIN/EXP, 1 Pack</p><p>$39.99</p><a href="https://www.amazon.com/dp/B003N1ZSYG?tag=eloabder-20&linkCode=osi&th=1&psc=1">View Product</a></div>









<div class="product"><a href="https://www.amazon.com/dp/B0B2NZ47HN?tag=eloabder-20&linkCode=osi&th=1&psc=1"><img src="https://m.media-amazon.com/images/I/41nC6c2XxJL._SL500_.jpg" alt="Product Image"></a><p>OTE Portable Sparkling Water Maker Soda Maker Machine for home with 20PCS Cylinders 450ml Personal seltzer Carbonators Electroless Double Layer PET Bottle BPA Free Double Pressure Relief Valves -Pink</p><p>$49.99</p><a href="https://www.amazon.com/dp/B0B2NZ47HN?tag=eloabder-20&linkCode=osi&th=1&psc=1">View Product</a></div><div class="product"><a href="https://www.amazon.com/dp/B09DY54L7M?tag=eloabder-20&linkCode=osi&th=1&psc=1"><img src="https://m.media-amazon.com/images/I/31LSpnm3G8L._SL500_.jpg" alt="Product Image"></a><p>MOSOLAN Bottle Cleaning Brush, 17 Inches Extra Long Handle Water Bottle Brush, Flexible Bendable Cleaner for Washing Narrow Neck Bottles, Wine Decanter, Kombucha, Pipes, Beer Brewing Supplies, 2 Pack</p><p>$11.95 ($5.98 / Count)</p><a href="https://www.amazon.com/dp/B09DY54L7M?tag=eloabder-20&linkCode=osi&th=1&psc=1">View Product</a></div><div class="product"><a href="https://www.amazon.com/dp/B0736CBNDN?tag=eloabder-20&linkCode=osi&th=1&psc=1"><img src="https://m.media-amazon.com/images/I/41tWXmwP5KL._SL500_.jpg" alt="Product Image"></a><p>#2 Filter Pads (10 Pack Bulk) Compatible with Mini Jet Machine | #2 1.8-2.5 micron | 2 Micron Filtering pads. Filter Wine Beer, Kombucha, Mead Mash. Polishing filtration| Not a Buon Vino product.</p><p>$18.99</p><a href="https://www.amazon.com/dp/B0736CBNDN?tag=eloabder-20&linkCode=osi&th=1&psc=1">View Product</a></div>









<div class="product"><a href="https://www.amazon.com/dp/B07YGN577Y?tag=eloabder-20&linkCode=osi&th=1&psc=1"><img src="https://m.media-amazon.com/images/I/31kfZiyDMUL._SL500_.jpg" alt="Product Image"></a><p>9870163 Trash Power Nut WP9870163 L8</p><p>$50.36</p><a href="https://www.amazon.com/dp/B07YGN577Y?tag=eloabder-20&linkCode=osi&th=1&psc=1">View Product</a></div>

<div class="product"><a href="https://www.amazon.com/dp/B0CWQLM4C7?tag=eloabder-20&linkCode=osi&th=1&psc=1"><img src="https://m.media-amazon.com/images/I/41gTEIOjtlL._SL500_.jpg" alt="Product Image"></a><p>7" Seven Seconds Lazy Kitchen Food Making Tools - Multifunctional Fruit Vegetable Chopper Quick Garlic Peeling Machine Convenient Food Chopper for Slicing,Juice,Grinding</p><p>$32.99</p><a href="https://www.amazon.com/dp/B0CWQLM4C7?tag=eloabder-20&linkCode=osi&th=1&psc=1">View Product</a></div>







<div class="product"><a href="https://www.amazon.com/dp/B0CNKFM9WR?tag=eloabder-20&linkCode=osi&th=1&psc=1"><img src="https://m.media-amazon.com/images/I/31sGGIDic9L._SL500_.jpg" alt="Product Image"></a><p>hobbyme Pack of 4 Plastic Coffee Scoops with Brush & Espresso Grinder Brush for Ground Coffee Cleaning Tea Power Coffee Grinder Spoon</p><p>$6.49</p><a href="https://www.amazon.com/dp/B0CNKFM9WR?tag=eloabder-20&linkCode=osi&th=1&psc=1">View Product</a></div>





<div class="product"><a href="https://www.amazon.com/dp/B07798328B?tag=eloabder-20&linkCode=osi&th=1&psc=1"><img src="https://m.media-amazon.com/images/I/31Vpin+sgUS._SL500_.jpg" alt="Product Image"></a><p>Prime-Line MP10513 Standard Plastic Ice Cube Trays (5 Pack)</p><p>$12.69</p><a href="https://www.amazon.com/dp/B07798328B?tag=eloabder-20&linkCode=osi&th=1&psc=1">View Product</a></div><div class="product"><a href="https://www.amazon.com/dp/B077965JDB?tag=eloabder-20&linkCode=osi&th=1&psc=1"><img src="https://m.media-amazon.com/images/I/31H1hNlH6RL._SL500_.jpg" alt="Product Image"></a><p>Prime-Line MP10863 Standard Plastic Ice Cube Trays (2 Pack)</p><p>$9.69</p><a href="https://www.amazon.com/dp/B077965JDB?tag=eloabder-20&linkCode=osi&th=1&psc=1">View Product</a></div>

<div class="product"><a href="https://www.amazon.com/dp/B08MPLY84K?tag=eloabder-20&linkCode=osi&th=1&psc=1"><img src="https://m.media-amazon.com/images/I/31kWTfzQJBL._SL500_.jpg" alt="Product Image"></a><p>Syntus Vacuum Sealer Bags, 6 Pack 3 Rolls 11" x 20' and 3 Rolls 8" x 20' Commercial Grade BPA Free Bag Rolls, Food Vac Bags for Storage, Meal Prep or Sous Vide</p><p>$19.99</p><a href="https://www.amazon.com/dp/B08MPLY84K?tag=eloabder-20&linkCode=osi&th=1&psc=1">View Product</a></div><div class="product"><a href="https://www.amazon.com/dp/B0C5BWRMQL?tag=eloabder-20&linkCode=osi&th=1&psc=1"><img src="https://m.media-amazon.com/images/I/41yPpkb6oeL._SL500_.jpg" alt="Product Image"></a><p>Bonsenkitchen Vacuum Sealer Rolls Bags, 6 Pack 3 Rolls 11" x 20' + 3 Rolls 8" x 20' Commercial Grade BPA Free Bag Rolls, Durable Customized Size Food Vac Bags for Storage and Sous Vide Cooking VB3211</p><p>$19.99 ($3.33 / Count)</p><a href="https://www.amazon.com/dp/B0C5BWRMQL?tag=eloabder-20&linkCode=osi&th=1&psc=1">View Product</a></div><div class="product"><a href="https://www.amazon.com/dp/B0C5C1JTC4?tag=eloabder-20&linkCode=osi&th=1&psc=1"><img src="https://m.media-amazon.com/images/I/31JpyYsm7YL._SL500_.jpg" alt="Product Image"></a><p>Bonsenkitchen Vacuum Food Sealer Bags 200 Quart 8" x 12", BPA Free, Commercial Grade Textured Food Vacuum Sealer Bag, Thick Embossed Bags for Food Storage and Sous Vide Cooking VB3208</p><p>$18.39 ($0.09 / Count)</p><a href="https://www.amazon.com/dp/B0C5C1JTC4?tag=eloabder-20&linkCode=osi&th=1&psc=1">View Product</a></div><div class="product"><a href="https://www.amazon.com/dp/B07TMZDGQ1?tag=eloabder-20&linkCode=osi&th=1&psc=1"><img src="https://m.media-amazon.com/images/I/31cRCu-JIsL._SL500_.jpg" alt="Product Image"></a><p>Wevac Vacuum Sealer Bags 11x50 Rolls 2 pack for Food Saver, Seal a Meal, Weston. Commercial Grade, BPA Free, Heavy Duty, Great for vac storage, Meal Prep or Sous Vide</p><p>$20.99 ($0.21 / Count)</p><a href="https://www.amazon.com/dp/B07TMZDGQ1?tag=eloabder-20&linkCode=osi&th=1&psc=1">View Product</a></div><div class="product"><a href="https://www.amazon.com/dp/B07TV4KRCL?tag=eloabder-20&linkCode=osi&th=1&psc=1"><img src="https://m.media-amazon.com/images/I/31uv3qtc9bL._SL500_.jpg" alt="Product Image"></a><p>Wevac Vacuum Sealer Bags 100 Gallon 11x16 Inch for Food Saver, Seal a Meal, Weston. Commercial Grade, BPA Free, Heavy Duty, Great for vac storage, Meal Prep and Sous Vide</p><p>$21.24</p><a href="https://www.amazon.com/dp/B07TV4KRCL?tag=eloabder-20&linkCode=osi&th=1&psc=1">View Product</a></div>


<div class="product"><a href="https://www.amazon.com/dp/B093G5XCVF?tag=eloabder-20&linkCode=osi&th=1&psc=1"><img src="https://m.media-amazon.com/images/I/313Cq6ASf0S._SL500_.jpg" alt="Product Image"></a><p>2 Multipurpose Pastry Brush Basting & Coffee Grinders Cleaning Brush Wooden Handle Natural Boar Bristles Baking Cooking Sauce egg wash Bakery Supply Espresso Bean Barista</p><p>$7.21</p><a href="https://www.amazon.com/dp/B093G5XCVF?tag=eloabder-20&linkCode=osi&th=1&psc=1">View Product</a></div><div class="product"><a href="https://www.amazon.com/dp/B07JGRYG31?tag=eloabder-20&linkCode=osi&th=1&psc=1"><img src="https://m.media-amazon.com/images/I/31nd-jhgzdL._SL500_.jpg" alt="Product Image"></a><p>Coffee Grinder Cleaning Brush + Coffee Brush Wood Handle & Natural Bristles Pastry Brush</p><p>$5.99</p><a href="https://www.amazon.com/dp/B07JGRYG31?tag=eloabder-20&linkCode=osi&th=1&psc=1">View Product</a></div><div class="product"><a href="https://www.amazon.com/dp/B0C53G4T7X?tag=eloabder-20&linkCode=osi&th=1&psc=1"><img src="https://m.media-amazon.com/images/I/21Hrgmpj8YL._SL500_.jpg" alt="Product Image"></a><p>Leadigol Cleaning Tool Coffee Machine Home Pastry Brush Multifunctional Wooden Handle Baking Soft Bristles Coffee Grinder Brush</p><p>$7.99</p><a href="https://www.amazon.com/dp/B0C53G4T7X?tag=eloabder-20&linkCode=osi&th=1&psc=1">View Product</a></div><div class="product"><a href="https://www.amazon.com/dp/B07W5WM2LF?tag=eloabder-20&linkCode=osi&th=1&psc=1"><img src="https://m.media-amazon.com/images/I/41-7fWE9tSL._SL500_.jpg" alt="Product Image"></a><p>Redecker Waffle Machine Brush with Oiled Beechwood Handle, Stiff Heat-resistant Tampico Fiber Bristles, 6-1/2 inches, Made in Germany</p><p>$21.99</p><a href="https://www.amazon.com/dp/B07W5WM2LF?tag=eloabder-20&linkCode=osi&th=1&psc=1">View Product</a></div>






Aucun rÃ©sultat trouvÃ©.


<div class="product"><a href="https://www.amazon.com/dp/B00LQKZQAW?tag=eloabder-20&linkCode=osi&th=1&psc=1"><img src="https://m.media-amazon.com/images/I/31nBii+cbiL._SL500_.jpg" alt="Product Image"></a><p>Electrolux 5308000716 Dish Replacement , White</p><p>$17.16</p><a href="https://www.amazon.com/dp/B00LQKZQAW?tag=eloabder-20&linkCode=osi&th=1&psc=1">View Product</a></div><div class="product"><a href="https://www.amazon.com/dp/B09BBPTSNK?tag=eloabder-20&linkCode=osi&th=1&psc=1"><img src="https://m.media-amazon.com/images/I/41kdVEnPDTL._SL500_.jpg" alt="Product Image"></a><p>Judeeâ€™s Butter Powder 5 lb - 100% Non-GMO and Keto-Friendly - rBST Hormone-Free - Gluten-Free and Nut-Free - Made from 100% Real Butter - Baking Ready Ingredient - Made in USA</p><p>$59.99 ($0.75 / Ounce)</p><a href="https://www.amazon.com/dp/B09BBPTSNK?tag=eloabder-20&linkCode=osi&th=1&psc=1">View Product</a></div>
<div class="product"><a href="https://www.amazon.com/dp/B0C1G9K19X?tag=eloabder-20&linkCode=osi&th=1&psc=1"><img src="https://m.media-amazon.com/images/I/41OVBrQ1wFL._SL500_.jpg" alt="Product Image"></a><p>Coffee Cup Design Coffee Filter Holder, Coffee Paper Rack Stand, Metal Coffee Filter Container Stand, Coffee Bar Accessories Vertical Paper Towel Napkin Holder for Cone Square Fan Shaped Size (Black)</p><p>$8.99</p><a href="https://www.amazon.com/dp/B0C1G9K19X?tag=eloabder-20&linkCode=osi&th=1&psc=1">View Product</a></div><div class="product"><a href="https://www.amazon.com/dp/B07TP1YN7G?tag=eloabder-20&linkCode=osi&th=1&psc=1"><img src="https://m.media-amazon.com/images/I/41BpYdpRyaL._SL500_.jpg" alt="Product Image"></a><p>CAFEMASY Coffee Filter Holder Storage Coffee Filter Paper Dispenser Rack with Dustproof Cover for V60 and Cone Coffee Filters</p><p>$9.99</p><a href="https://www.amazon.com/dp/B07TP1YN7G?tag=eloabder-20&linkCode=osi&th=1&psc=1">View Product</a></div><div class="product"><a href="https://www.amazon.com/dp/B0BFCTW7MY?tag=eloabder-20&linkCode=osi&th=1&psc=1"><img src="https://m.media-amazon.com/images/I/31s709IEZkL._SL500_.jpg" alt="Product Image"></a><p>Coffee Filter Holder, watchget Reusable Coffee Paper Filter Storage Bag for Cone-shaped Filter Papers V60 Waterproof Canvas Suitable for Outdoor Camping Traveling(02)</p><p>$11.99</p><a href="https://www.amazon.com/dp/B0BFCTW7MY?tag=eloabder-20&linkCode=osi&th=1&psc=1">View Product</a></div>





<div class="product"><a href="https://www.amazon.com/dp/B0CTJD9VK7?tag=eloabder-20&linkCode=osi&th=1&psc=1"><img src="https://m.media-amazon.com/images/I/31pqr-gIt8L._SL500_.jpg" alt="Product Image"></a><p>[4 Pack] Water Bottle Brush & Straw Cleaner Set,Stainless Steel Long Handle Baby Bottle Scrub Cleaning Brush for Sports Bottles, Cups, Dishes, Coffee Mugs, Glasswares, Tumblers, Wine Decanters</p><p>$6.50</p><a href="https://www.amazon.com/dp/B0CTJD9VK7?tag=eloabder-20&linkCode=osi&th=1&psc=1">View Product</a></div>













<div class="product"><a href="https://www.amazon.com/dp/B00UTFZAII?tag=eloabder-20&linkCode=osi&th=1&psc=1"><img src="https://m.media-amazon.com/images/I/31z7hZ6KbXL._SL500_.jpg" alt="Product Image"></a><p>Miele 10123210 AirClean 3D Efficiency Dust Bag, Type GN, 4 Bags & 2 Filters, White</p><p>$21.86 ($21.86 / Count)</p><a href="https://www.amazon.com/dp/B00UTFZAII?tag=eloabder-20&linkCode=osi&th=1&psc=1">View Product</a></div><div class="product"><a href="https://www.amazon.com/dp/B07WHG6J5S?tag=eloabder-20&linkCode=osi&th=1&psc=1"><img src="https://m.media-amazon.com/images/I/41hnaEOxB9L._SL500_.jpg" alt="Product Image"></a><p>KEEPOW Vacuum Filters for Eureka, Power Speed Vacuum Filters Replacement for Eureka NEU182A, NEU182B, NEU280, NEU180, NEU181, NEU188, NEU202 Bagless Upright Vacuum Cleaner, Part E0202 (4 Pack)</p><p>$9.99 ($2.50 / Count)</p><a href="https://www.amazon.com/dp/B07WHG6J5S?tag=eloabder-20&linkCode=osi&th=1&psc=1">View Product</a></div><div class="product"><a href="https://www.amazon.com/dp/B00UTFZB82?tag=eloabder-20&linkCode=osi&th=1&psc=1"><img src="https://m.media-amazon.com/images/I/41WdlL5T0dL._SL500_.jpg" alt="Product Image"></a><p>Miele AirClean 3D Efficiency Dust Bag, Type FJM, 4 Bags & 2 Filters, White</p><p>$18.99</p><a href="https://www.amazon.com/dp/B00UTFZB82?tag=eloabder-20&linkCode=osi&th=1&psc=1">View Product</a></div><div class="product"><a href="https://www.amazon.com/dp/B09NKP346M?tag=eloabder-20&linkCode=osi&th=1&psc=1"><img src="https://m.media-amazon.com/images/I/41o25nqkODL._SL500_.jpg" alt="Product Image"></a><p>Anewise 6 Pack Filter Replacement for Bissell Powerforce Compact Lightweight Upright 2112 1520 for Bissel Turbo Bagless 2690 Cleanview 3437 3508 Vacuum Cleaner, Compare to Parts #1604896/160-4896</p><p>$12.99</p><a href="https://www.amazon.com/dp/B09NKP346M?tag=eloabder-20&linkCode=osi&th=1&psc=1">View Product</a></div><div class="product"><a href="https://www.amazon.com/dp/B01MQ5NITB?tag=eloabder-20&linkCode=osi&th=1&psc=1"><img src="https://m.media-amazon.com/images/I/41J6lG4H1bL._SL500_.jpg" alt="Product Image"></a><p>Bissell Style 7 3 Pack Vacuum Cleaner Bags, White, 3 Count</p><p>$8.69 ($2.90 / Count)</p><a href="https://www.amazon.com/dp/B01MQ5NITB?tag=eloabder-20&linkCode=osi&th=1&psc=1">View Product</a></div><div class="product"><a href="https://www.amazon.com/dp/B0CDH1JY5D?tag=eloabder-20&linkCode=osi&th=1&psc=1"><img src="https://m.media-amazon.com/images/I/516DPXu4siL._SL500_.jpg" alt="Product Image"></a><p>4 Pack Replacement Filters Compatiable with Wyze Cordless Vacuum Cleaner, Removable and Washable HEPA Filter Accessories Part Set with 1 Cleaning Brush for Wyze Handheld Cordless Vacuum Cleaner</p><p>$15.99 ($4.00 / Count)</p><a href="https://www.amazon.com/dp/B0CDH1JY5D?tag=eloabder-20&linkCode=osi&th=1&psc=1">View Product</a></div><div class="product"><a href="https://www.amazon.com/dp/B07P3WB37F?tag=eloabder-20&linkCode=osi&th=1&psc=1"><img src="https://m.media-amazon.com/images/I/51WaYrkiVXL._SL500_.jpg" alt="Product Image"></a><p>Miele AirClean 3D Efficiency Dust Bag, Type GN, XL Value Pack, 8 Bags and 4 Filters</p><p>$36.99</p><a href="https://www.amazon.com/dp/B07P3WB37F?tag=eloabder-20&linkCode=osi&th=1&psc=1">View Product</a></div><div class="product"><a href="https://www.amazon.com/dp/B09DSY4Z2T?tag=eloabder-20&linkCode=osi&th=1&psc=1"><img src="https://m.media-amazon.com/images/I/51+ref3EeAL._SL500_.jpg" alt="Product Image"></a><p>Filter Replacement for Tineco A10 A11 Hero A10/A11 Master PURE ONE S11 Series, S12, X Cordless Vacuum Cleaner (3 PACK) â€¦</p><p>$12.99 ($4.33 / Count)</p><a href="https://www.amazon.com/dp/B09DSY4Z2T?tag=eloabder-20&linkCode=osi&th=1&psc=1">View Product</a></div>


<div class="product"><a href="https://www.amazon.com/dp/B0BXRR5QFV?tag=eloabder-20&linkCode=osi&th=1&psc=1"><img src="https://m.media-amazon.com/images/I/41sjdBkCp8L._SL500_.jpg" alt="Product Image"></a><p>AC Infinity CLOUDFORGE T7, Plant Humidifier 15L with VPD Humidity Controls, 10-Level Precision Vaporizer, Extendable Hose, Targeting Pipe, and No-Leak Seal for Grow Tents</p><p>$159.00</p><a href="https://www.amazon.com/dp/B0BXRR5QFV?tag=eloabder-20&linkCode=osi&th=1&psc=1">View Product</a></div><div class="product"><a href="https://www.amazon.com/dp/B01N6MV8SA?tag=eloabder-20&linkCode=osi&th=1&psc=1"><img src="https://m.media-amazon.com/images/I/41hX08+W1xL._SL500_.jpg" alt="Product Image"></a><p>Protec Humidifier Tank Cleaner, 1 Count - Colors May Vary</p><p>$5.98</p><a href="https://www.amazon.com/dp/B01N6MV8SA?tag=eloabder-20&linkCode=osi&th=1&psc=1">View Product</a></div><div class="product"><a href="https://www.amazon.com/dp/B07GXBTH82?tag=eloabder-20&linkCode=osi&th=1&psc=1"><img src="https://m.media-amazon.com/images/I/41ibxK12JPL._SL500_.jpg" alt="Product Image"></a><p>Essick Air 1970-2 Humidifier, 2-Quart Bacteriostatic Treatment, 2 Pack, Clear, 2</p><p>$22.99</p><a href="https://www.amazon.com/dp/B07GXBTH82?tag=eloabder-20&linkCode=osi&th=1&psc=1">View Product</a></div><div class="product"><a href="https://www.amazon.com/dp/B08TTT3K9B?tag=eloabder-20&linkCode=osi&th=1&psc=1"><img src="https://m.media-amazon.com/images/I/41U6j9SexmL._SL500_.jpg" alt="Product Image"></a><p>Leemone Humidifier Cleaner 12 Pack, Demineralization Cleaning Ball, Works in All humidifiers and Fish Tanks, Purifies Water, Prevents Hard Water Build-Up, Eliminates White Dust and Odor</p><p>$14.44</p><a href="https://www.amazon.com/dp/B08TTT3K9B?tag=eloabder-20&linkCode=osi&th=1&psc=1">View Product</a></div>
<div class="product"><a href="https://www.amazon.com/dp/B07YD4XCT3?tag=eloabder-20&linkCode=osi&th=1&psc=1"><img src="https://m.media-amazon.com/images/I/41hR81iKyJL._SL500_.jpg" alt="Product Image"></a><p>Vacplus Moisture Absorber Packets, Fragrance Free(10 Pack), Humidity Packs, Hanging Closet Dehumidifier Bags, Desiccant 9.8OZ</p><p>$21.99</p><a href="https://www.amazon.com/dp/B07YD4XCT3?tag=eloabder-20&linkCode=osi&th=1&psc=1">View Product</a></div><div class="product"><a href="https://www.amazon.com/dp/B09LQF5V5K?tag=eloabder-20&linkCode=osi&th=1&psc=1"><img src="https://m.media-amazon.com/images/I/51Cx5ECAotL._SL500_.jpg" alt="Product Image"></a><p>CLEVAST Moisture Absorbers Packets 10 Pack, Dehumidifier Bags for Closet, Unscented Hanging Humidity Absorber in Wardrobes, Bedrooms, Bathrooms(230g/pack)</p><p>$16.98</p><a href="https://www.amazon.com/dp/B09LQF5V5K?tag=eloabder-20&linkCode=osi&th=1&psc=1">View Product</a></div><div class="product"><a href="https://www.amazon.com/dp/B0B8L9QRW8?tag=eloabder-20&linkCode=osi&th=1&psc=1"><img src="https://m.media-amazon.com/images/I/518LgtpPi8L._SL500_.jpg" alt="Product Image"></a><p>Arm & Hammer Essentials Disposable Moisture Absorber and Odor Eliminator Tub, Fragrance Free, 1 lb, 3-Pack, Attracts and Traps Excess Moisture, Ideal Closet Dehumidifier, White</p><p>$24.94 ($0.52 / Ounce)</p><a href="https://www.amazon.com/dp/B0B8L9QRW8?tag=eloabder-20&linkCode=osi&th=1&psc=1">View Product</a></div><div class="product"><a href="https://www.amazon.com/dp/B09W9TPJGZ?tag=eloabder-20&linkCode=osi&th=1&psc=1"><img src="https://m.media-amazon.com/images/I/51pVTVMwHbL._SL500_.jpg" alt="Product Image"></a><p>THECOSKY Dehumidifier and Air Purifier Combo,HEPA H13 Filter and Negative Air Ion Function,54oz(1.6L) Water Tank with Drain Hose,24hrs Auto-Off Timer,Idea for Bedroom,Bathroom,Closet,RV</p><p>$109.99</p><a href="https://www.amazon.com/dp/B09W9TPJGZ?tag=eloabder-20&linkCode=osi&th=1&psc=1">View Product</a></div><div class="product"><a href="https://www.amazon.com/dp/B0CXDG65LZ?tag=eloabder-20&linkCode=osi&th=1&psc=1"><img src="https://m.media-amazon.com/images/I/41HNflmbKHL._SL500_.jpg" alt="Product Image"></a><p>14 x 17.5 x1.75 MERV 13 Replacement Dehumidifier Filter Compatible with Santa Fe Advance90, Advance100, Advance120, Honeywell DR90 & DR120 dehumidifier models, 2 Pack</p><p>$42.99</p><a href="https://www.amazon.com/dp/B0CXDG65LZ?tag=eloabder-20&linkCode=osi&th=1&psc=1">View Product</a></div>
<div class="product"><a href="https://www.amazon.com/dp/B088B921NQ?tag=eloabder-20&linkCode=osi&th=1&psc=1"><img src="https://m.media-amazon.com/images/I/612e4cT3RYL._SL500_.jpg" alt="Product Image"></a><p>ULTTY H13 HEPA Replacement Filter with Medical Coating, True HEPA Filter For R021/ R020 Purifying Fan, Medium</p><p>$29.99</p><a href="https://www.amazon.com/dp/B088B921NQ?tag=eloabder-20&linkCode=osi&th=1&psc=1">View Product</a></div><div class="product"><a href="https://www.amazon.com/dp/B0D2MZ4Y7Z?tag=eloabder-20&linkCode=osi&th=1&psc=1"><img src="https://m.media-amazon.com/images/I/51KgTHizWyL._SL500_.jpg" alt="Product Image"></a><p>Butto 5-Pack Ceiling Fan Filters for Blades - Strong Adhesive Ceiling Fan Filters for Common Household Contaminants - Unscented Coconut Carbon Fan Air Purifier Pads to Make Air Fresh and Natural</p><p>$9.98</p><a href="https://www.amazon.com/dp/B0D2MZ4Y7Z?tag=eloabder-20&linkCode=osi&th=1&psc=1">View Product</a></div><div class="product"><a href="https://www.amazon.com/dp/B0C42HCM21?tag=eloabder-20&linkCode=osi&th=1&psc=1"><img src="https://m.media-amazon.com/images/I/31jk3lpoygL._SL500_.jpg" alt="Product Image"></a><p>Barnakl Ceiling Fan Filters | Activated Coconut Shell Carbon Filter | Easy-Stick Universal Ceiling Fan Air Filters | Unscented Ceiling Fan Blade Filters for Common Household Contaminants, (3-Count)</p><p>$19.99 ($6.66 / Count)</p><a href="https://www.amazon.com/dp/B0C42HCM21?tag=eloabder-20&linkCode=osi&th=1&psc=1">View Product</a></div>
<div class="product"><a href="https://www.amazon.com/dp/B08LZWP29P?tag=eloabder-20&linkCode=osi&th=1&psc=1"><img src="https://m.media-amazon.com/images/I/41NLuzzFW9L._SL500_.jpg" alt="Product Image"></a><p>Chromex Tankless Water Heater Descaling Solution | Highly Effective Descaler Restores Heating Efficiency, Quart, 32 fl oz (1)</p><p>$26.99</p><a href="https://www.amazon.com/dp/B08LZWP29P?tag=eloabder-20&linkCode=osi&th=1&psc=1">View Product</a></div>

<div class="product"><a href="https://www.amazon.com/dp/B005UO4OWQ?tag=eloabder-20&linkCode=osi&th=1&psc=1"><img src="https://m.media-amazon.com/images/I/41oQPKFofoL._SL500_.jpg" alt="Product Image"></a><p>Bissell 203-7458 Brushroll, Bg10/86T3, Black</p><p>$21.26 ($21.26 / Count)</p><a href="https://www.amazon.com/dp/B005UO4OWQ?tag=eloabder-20&linkCode=osi&th=1&psc=1">View Product</a></div>





















<div class="product"><a href="https://www.amazon.com/dp/B0014J7FUY?tag=eloabder-20&linkCode=osi&th=1&psc=1"><img src="https://m.media-amazon.com/images/I/31QrM+IPxOL._SL500_.jpg" alt="Product Image"></a><p>Urnex Grindz Professional Coffee Grinder Cleaning Tablets - 430 Grams - All Natural Food Safe Gluten Free - Cleans Burr and Casing - Help Extend Life of Your Grinder</p><p>$25.99 ($1.71 / Ounce)</p><a href="https://www.amazon.com/dp/B0014J7FUY?tag=eloabder-20&linkCode=osi&th=1&psc=1">View Product</a></div>



<div class="product"><a href="https://www.amazon.com/dp/B0CHW317SG?tag=eloabder-20&linkCode=osi&th=1&psc=1"><img src="https://m.media-amazon.com/images/I/41Qd5Iu3qBL._SL500_.jpg" alt="Product Image"></a><p>EUHOMY 55 Can Beverage Refrigerator cooler-Mini Fridge Glass Door for Beer Drinks Wines, Freestanding Beverage Fridge with Adjustable Shelves Blue LED for Home/Office/Dorm/Bar (1.3cu.ft)</p><p>$128.99</p><a href="https://www.amazon.com/dp/B0CHW317SG?tag=eloabder-20&linkCode=osi&th=1&psc=1">View Product</a></div>

<div class="product"><a href="https://www.amazon.com/dp/B099CN2MRK?tag=eloabder-20&linkCode=osi&th=1&psc=1"><img src="https://m.media-amazon.com/images/I/31CvUCIUX5L._SL500_.jpg" alt="Product Image"></a><p>Genuine PuroAir 240 Replacement Filter - Replacement HEPA Filter for PuroAir 240 Purifier - Captures up to 99% of Pollen, Smoke, Pollen, Dust and Common Household Pollutants</p><p>$48.00</p><a href="https://www.amazon.com/dp/B099CN2MRK?tag=eloabder-20&linkCode=osi&th=1&psc=1">View Product</a></div><div class="product"><a href="https://www.amazon.com/dp/B0055521W0?tag=eloabder-20&linkCode=osi&th=1&psc=1"><img src="https://m.media-amazon.com/images/I/41Hs7ixdyXL._SL500_.jpg" alt="Product Image"></a><p>GermGuardian Filter B HEPA Pure Genuine Air Purifier Replacement Filter, Removes 99.97% of Pollutants for AC4825, AC4300, AC4900, AC4825DLX, AC4850, CDAP4500, AP2200, Black/Yellow, FLT4825</p><p>$17.90 ($17.90 / Count)</p><a href="https://www.amazon.com/dp/B0055521W0?tag=eloabder-20&linkCode=osi&th=1&psc=1">View Product</a></div><div class="product"><a href="https://www.amazon.com/dp/B0BNMYKZPV?tag=eloabder-20&linkCode=osi&th=1&psc=1"><img src="https://m.media-amazon.com/images/I/41-K3mB6KkL._SL500_.jpg" alt="Product Image"></a><p>2 Pack True HEPA KILO Filter Compatible with Afloia KILO, KILOPLUS, KILOPRO, MIRO,MIRO PRO and MORENTO MR-Kilo, Kalo Air Purifier, 360Â° 3-Stage Filtration</p><p>$34.99 ($17.50 / Count)</p><a href="https://www.amazon.com/dp/B0BNMYKZPV?tag=eloabder-20&linkCode=osi&th=1&psc=1">View Product</a></div><div class="product"><a href="https://www.amazon.com/dp/B0D3M4Y9W7?tag=eloabder-20&linkCode=osi&th=1&psc=1"><img src="https://m.media-amazon.com/images/I/41tzW+mkZuL._SL500_.jpg" alt="Product Image"></a><p>Breshair 14 True HEPA Filter Replacement Compatible with PuroAir 240 Air Purifier, 3-in-1 Filtration System with Activated Carbon Filter, 2-Pack</p><p>$31.56 ($15.78 / Count)</p><a href="https://www.amazon.com/dp/B0D3M4Y9W7?tag=eloabder-20&linkCode=osi&th=1&psc=1">View Product</a></div><div class="product"><a href="https://www.amazon.com/dp/B0CB18MVX6?tag=eloabder-20&linkCode=osi&th=1&psc=1"><img src="https://m.media-amazon.com/images/I/519ZmmLOrzL._SL500_.jpg" alt="Product Image"></a><p>2 Pack 3-in-1 H13 True HEPA Replacement Filter Compatible with Pure Enrichment PureZone Air Purifier Part# PEAIRPLG</p><p>$23.99 ($12.00 / Count)</p><a href="https://www.amazon.com/dp/B0CB18MVX6?tag=eloabder-20&linkCode=osi&th=1&psc=1">View Product</a></div><div class="product"><a href="https://www.amazon.com/dp/B08JTZMRML?tag=eloabder-20&linkCode=osi&th=1&psc=1"><img src="https://m.media-amazon.com/images/I/51yx60sCjHL._SL500_.jpg" alt="Product Image"></a><p>6 Pack HPA300 HEPA Filter Replacement for Honeywell HPA300 Series Air Purifiers HPA300, HPA300VP, HPA304, HPA3300, Replace HRF-R3 (6 Ture HEPA R Replacement Filter + 8 Activated Carbon Pre-Filter)</p><p>$47.99 ($3.43 / Count)</p><a href="https://www.amazon.com/dp/B08JTZMRML?tag=eloabder-20&linkCode=osi&th=1&psc=1">View Product</a></div><div class="product"><a href="https://www.amazon.com/dp/B0CF1GLSYS?tag=eloabder-20&linkCode=osi&th=1&psc=1"><img src="https://m.media-amazon.com/images/I/41709EXRzXL._SL500_.jpg" alt="Product Image"></a><p>CHIVALZ 4 Pack HY4866 True HEPA Replacement Filters Compatible with MORENTO HY4866 Air Purifier, WESTHEY HY4866 Air Purifier and YIOU M1 Air Cleaner Purifier, Original Version</p><p>$39.99 ($10.00 / Count)</p><a href="https://www.amazon.com/dp/B0CF1GLSYS?tag=eloabder-20&linkCode=osi&th=1&psc=1">View Product</a></div>







<div class="product"><a href="https://www.amazon.com/dp/B0CYKMFKR9?tag=eloabder-20&linkCode=osi&th=1&psc=1"><img src="https://m.media-amazon.com/images/I/316zU-ozoxL._SL500_.jpg" alt="Product Image"></a><p>Air Purifier Replacement Filter for Space Heater Bladeless Fan</p><p>$29.99</p><a href="https://www.amazon.com/dp/B0CYKMFKR9?tag=eloabder-20&linkCode=osi&th=1&psc=1">View Product</a></div>
<div class="product"><a href="https://www.amazon.com/dp/B07MRH6VY7?tag=eloabder-20&linkCode=osi&th=1&psc=1"><img src="https://m.media-amazon.com/images/I/51g-nuN4A5L._SL500_.jpg" alt="Product Image"></a><p>Colorfullife Replacement Air Purifier Filter for Dyson Tower Purifier Pure Cool Link TP01, TP02, TP03, BP01, Compare to Part 968126-03ï¼Œ2 Pack</p><p>$26.99</p><a href="https://www.amazon.com/dp/B07MRH6VY7?tag=eloabder-20&linkCode=osi&th=1&psc=1">View Product</a></div><div class="product"><a href="https://www.amazon.com/dp/B07TX5SW7J?tag=eloabder-20&linkCode=osi&th=1&psc=1"><img src="https://m.media-amazon.com/images/I/512Kn+cPglL._SL500_.jpg" alt="Product Image"></a><p>TP01 HEPA Filter Replacement Compatible with Dyson Tower Purifier Pure Cool Link TP01, TP02, TP03, AM11, BP01 Models, Compare to Part # 968126-03 (Pack of 2)</p><p>$27.95 ($13.98 / Count)</p><a href="https://www.amazon.com/dp/B07TX5SW7J?tag=eloabder-20&linkCode=osi&th=1&psc=1">View Product</a></div><div class="product"><a href="https://www.amazon.com/dp/B0CC24GZGB?tag=eloabder-20&linkCode=osi&th=1&psc=1"><img src="https://m.media-amazon.com/images/I/41woNpZ9VgL._SL500_.jpg" alt="Product Image"></a><p>TP01 TP02 Filter Compatible with Dyson Pure Cool Link Purifying Tower Fan TP00 TP03 AM11 and Cool Me BP01 Personal Series, 360Â° Air Purifier Filter Replacement 968126-03, 1-Pack</p><p>$25.99</p><a href="https://www.amazon.com/dp/B0CC24GZGB?tag=eloabder-20&linkCode=osi&th=1&psc=1">View Product</a></div><div class="product"><a href="https://www.amazon.com/dp/B0CX23N2JJ?tag=eloabder-20&linkCode=osi&th=1&psc=1"><img src="https://m.media-amazon.com/images/I/3145hmd5j7L._SL500_.jpg" alt="Product Image"></a><p>Dreo Air Purifiers Replacement Filter, HEPA Filter for Dreo Purifier Tower Fan MC710S, with 2 Stage Filtration, Black, Standard(DR-HPA019)</p><p>$39.99</p><a href="https://www.amazon.com/dp/B0CX23N2JJ?tag=eloabder-20&linkCode=osi&th=1&psc=1">View Product</a></div>










<div class="product"><a href="https://www.amazon.com/dp/B001U0OJ7O?tag=eloabder-20&linkCode=osi&th=1&psc=1"><img src="https://m.media-amazon.com/images/I/41XEg3QV-wL._SL500_.jpg" alt="Product Image"></a><p>Whirlpool W10165294RB 15-Inch Plastic Trash Compactor ct, 60 Bags, Count</p><p>$48.34</p><a href="https://www.amazon.com/dp/B001U0OJ7O?tag=eloabder-20&linkCode=osi&th=1&psc=1">View Product</a></div><div class="product"><a href="https://www.amazon.com/dp/B0CC3V4ZZ4?tag=eloabder-20&linkCode=osi&th=1&psc=1"><img src="https://m.media-amazon.com/images/I/31bbvodHnjL._SL500_.jpg" alt="Product Image"></a><p>Waste Smasher- Hand-Held Manual Trash Compactor Dishwasher Safe Black</p><p>$24.95</p><a href="https://www.amazon.com/dp/B0CC3V4ZZ4?tag=eloabder-20&linkCode=osi&th=1&psc=1">View Product</a></div><div class="product"><a href="https://www.amazon.com/dp/B00IYO5914?tag=eloabder-20&linkCode=osi&th=1&psc=1"><img src="https://m.media-amazon.com/images/I/51SLpTXIYNL._SL500_.jpg" alt="Product Image"></a><p>Kitchen Master Super Strong Compactor Bags Pre Cuffed (12 Pack)</p><p>$34.95</p><a href="https://www.amazon.com/dp/B00IYO5914?tag=eloabder-20&linkCode=osi&th=1&psc=1">View Product</a></div><div class="product"><a href="https://www.amazon.com/dp/B075DJ4ZVQ?tag=eloabder-20&linkCode=osi&th=1&psc=1"><img src="https://m.media-amazon.com/images/I/51Vaek4I89L._SL500_.jpg" alt="Product Image"></a><p>Dano Pre-Cuffed Compactor Bags</p><p>$32.95 ($2.75 / Count)</p><a href="https://www.amazon.com/dp/B075DJ4ZVQ?tag=eloabder-20&linkCode=osi&th=1&psc=1">View Product</a></div><div class="product"><a href="https://www.amazon.com/dp/B0C2DCVCBJ?tag=eloabder-20&linkCode=osi&th=1&psc=1"><img src="https://m.media-amazon.com/images/I/51072CtaKuL._SL500_.jpg" alt="Product Image"></a><p>60-pack W10165294RB Trash Compactor Bags - leak-proof trash compactor bags for kitchen 60-ct 15 inches - Fits 15-inch Rectangular Drawer Compactors</p><p>$45.99 ($0.77 / Count)</p><a href="https://www.amazon.com/dp/B0C2DCVCBJ?tag=eloabder-20&linkCode=osi&th=1&psc=1">View Product</a></div><div class="product"><a href="https://www.amazon.com/dp/B001U0OJ7E?tag=eloabder-20&linkCode=osi&th=1&psc=1"><img src="https://m.media-amazon.com/images/I/41c0z26RyvL._SL500_.jpg" alt="Product Image"></a><p>Whirlpool W10165293RB Genuine OEM 60 Pack-Plastic Compactor Bags-18" Models â€“ 1394369, 4178058, 4318932, 4318933, 4318935, 4318937, 4318939, AH1964576, EA1964576, PS1964576</p><p>$48.64 ($0.81 / Count)</p><a href="https://www.amazon.com/dp/B001U0OJ7E?tag=eloabder-20&linkCode=osi&th=1&psc=1">View Product</a></div><div class="product"><a href="https://www.amazon.com/dp/B00W27J16S?tag=eloabder-20&linkCode=osi&th=1&psc=1"><img src="https://m.media-amazon.com/images/I/41RaOjAGlrL._SL500_.jpg" alt="Product Image"></a><p>Compactor Bags Pre Cuffed (50 Pack)</p><p>$84.95 ($1.70 / count)</p><a href="https://www.amazon.com/dp/B00W27J16S?tag=eloabder-20&linkCode=osi&th=1&psc=1">View Product</a></div><div class="product"><a href="https://www.amazon.com/dp/B00MOCYY2W?tag=eloabder-20&linkCode=osi&th=1&psc=1"><img src="https://m.media-amazon.com/images/I/41SH8mDsAnL._SL500_.jpg" alt="Product Image"></a><p>GE WX60X1 Genuine OEM Universal Trash Compactor Bags for GE Trash Compactors</p><p>$19.00</p><a href="https://www.amazon.com/dp/B00MOCYY2W?tag=eloabder-20&linkCode=osi&th=1&psc=1">View Product</a></div><div class="product"><a href="https://www.amazon.com/dp/B0D7SFSTNG?tag=eloabder-20&linkCode=osi&th=1&psc=1"><img src="https://m.media-amazon.com/images/I/41szt9tZJPL._SL500_.jpg" alt="Product Image"></a><p>4PCS Trash Compactor Charcoal Air Filter Fit for Whirlpool/KitchenAid/Maytag/Jenn-Air/Amana/Inglis/Magic Chef Trash Compactor, Replaces 4151750 554358 WP4151750 AP6009134 PS11742279</p><p>$23.59 ($5.90 / Count)</p><a href="https://www.amazon.com/dp/B0D7SFSTNG?tag=eloabder-20&linkCode=osi&th=1&psc=1">View Product</a></div>
<div class="product"><a href="https://www.amazon.com/dp/B0CGLX5ZB9?tag=eloabder-20&linkCode=osi&th=1&psc=1"><img src="https://m.media-amazon.com/images/I/51qeRZQS98L._SL500_.jpg" alt="Product Image"></a><p>Spare Replacement Parts Compatible with MAMNV BR150 BR151, ZCWA BR150 BR151, MANVINS G20 Robot Vacuum and Mop Combo Accessories Include: 3 Hepa Filters 3 Mop Pads 6 Side Spin Brushes</p><p>$9.98</p><a href="https://www.amazon.com/dp/B0CGLX5ZB9?tag=eloabder-20&linkCode=osi&th=1&psc=1">View Product</a></div><div class="product"><a href="https://www.amazon.com/dp/B0B28DGZBG?tag=eloabder-20&linkCode=osi&th=1&psc=1"><img src="https://m.media-amazon.com/images/I/51ooMN4RqML._SL500_.jpg" alt="Product Image"></a><p>Replacement Parts for Shark AI AV2511AE AV2501S AV2610WA AV2501AE RV2502AE RV2610WA RV2520 AV2510 2-In-1 AI Ultra Robot Vacuum Cleaner Accessories Kits. Main Brush, HEPA Filter, Foam Filter,Side Brush</p><p>$19.99 ($1.05 / Count)</p><a href="https://www.amazon.com/dp/B0B28DGZBG?tag=eloabder-20&linkCode=osi&th=1&psc=1">View Product</a></div><div class="product"><a href="https://www.amazon.com/dp/B0782T7L6P?tag=eloabder-20&linkCode=osi&th=1&psc=1"><img src="https://m.media-amazon.com/images/I/41hTVkuzMJL._SL500_.jpg" alt="Product Image"></a><p>10pcs HEPA Filters Replacement for ILIFE V3s V3s pro V5 V5s V5s Pro V5s Pro 2 V5s Plus Noisz S5 Robotic Vacuum Cleaner ILIFE V3s pro Filters ILIFE Robot Vacuum Filter</p><p>$9.80 ($0.98 / Count)</p><a href="https://www.amazon.com/dp/B0782T7L6P?tag=eloabder-20&linkCode=osi&th=1&psc=1">View Product</a></div><div class="product"><a href="https://www.amazon.com/dp/B0CXLVHTTC?tag=eloabder-20&linkCode=osi&th=1&psc=1"><img src="https://m.media-amazon.com/images/I/51BT3phYzKL._SL500_.jpg" alt="Product Image"></a><p>HUIZHEN Spare Accessories for MAMNV BR150/BR151, for ZCWA BR150/BR151, for MANVINS G20,for GTTVO BR150/BR151,for ONSON BR150/BR151 Robot Vacuum Replacement Parts,6 Side Brush,4 HEPA Filters,4 Mop Pads</p><p>$9.99</p><a href="https://www.amazon.com/dp/B0CXLVHTTC?tag=eloabder-20&linkCode=osi&th=1&psc=1">View Product</a></div><div class="product"><a href="https://www.amazon.com/dp/B08RYDDQL8?tag=eloabder-20&linkCode=osi&th=1&psc=1"><img src="https://m.media-amazon.com/images/I/314Xd7+oBXL._SL500_.jpg" alt="Product Image"></a><p>AirClean 4 Pack 3.7" High Replacement Base Pre-Motor Foam Filters Compatible with Shark IQ Robot Vacuum R101AE RV1001AE UR1005AE Self-Empty Base</p><p>$12.99 ($3.25 / Count)</p><a href="https://www.amazon.com/dp/B08RYDDQL8?tag=eloabder-20&linkCode=osi&th=1&psc=1">View Product</a></div><div class="product"><a href="https://www.amazon.com/dp/B0CJLHJ557?tag=eloabder-20&linkCode=osi&th=1&psc=1"><img src="https://m.media-amazon.com/images/I/41iQm8hUjiL._SL500_.jpg" alt="Product Image"></a><p>Replacement Parts Compatible with WYZE Robot Vacuum Cleaner WVCR200S Accessories, 2 Main Brushes, 6 Hepa Filters, 8 Side Brushes Attachment Spare Pack</p><p>$14.99 ($0.94 / Count)</p><a href="https://www.amazon.com/dp/B0CJLHJ557?tag=eloabder-20&linkCode=osi&th=1&psc=1">View Product</a></div>
<div class="product"><a href="https://www.amazon.com/dp/B0C4595Q8P?tag=eloabder-20&linkCode=osi&th=1&psc=1"><img src="https://m.media-amazon.com/images/I/51k23SAtRxL._SL500_.jpg" alt="Product Image"></a><p>4 Pack FSV001 HEPA Filter Compatiable with Fabuletta FSV101, FSV001, Girnoor G160&G165, Afoddon A300, Lubluelu 202, Oraimo Cordless Vacuum Cleaner, Besswin W26 Cordless Stick Vacuum Cleaners</p><p>$15.99 ($4.00 / Count)</p><a href="https://www.amazon.com/dp/B0C4595Q8P?tag=eloabder-20&linkCode=osi&th=1&psc=1">View Product</a></div>
<div class="product"><a href="https://www.amazon.com/dp/B0BNKJX96X?tag=eloabder-20&linkCode=osi&th=1&psc=1"><img src="https://m.media-amazon.com/images/I/41OPeLFppoL._SL500_.jpg" alt="Product Image"></a><p>6 PACK 2033 Replacement Filter Compatible with Bissell Featherweight Stick Lightweight Bagless Vacuum Cleaner 20331, 20333, 20334, 20336, 20339, 2033M,6 Mesh Filter 6 Foam Filters, Replace # 1611508</p><p>$14.99 ($2.50 / Count)</p><a href="https://www.amazon.com/dp/B0BNKJX96X?tag=eloabder-20&linkCode=osi&th=1&psc=1">View Product</a></div><div class="product"><a href="https://www.amazon.com/dp/B0CMBWLTSM?tag=eloabder-20&linkCode=osi&th=1&psc=1"><img src="https://m.media-amazon.com/images/I/41PHqKaLTDL._SL500_.jpg" alt="Product Image"></a><p>18V ONE + Cordless Pet Stick Vacuum Filter for Ryobi, PCL720, PBLSV716, PBLSV717 Stick Vacuum, Reusable Washable Filters, Compare to Part A32SV720N, 6 Pack</p><p>$15.99 ($2.66 / Count)</p><a href="https://www.amazon.com/dp/B0CMBWLTSM?tag=eloabder-20&linkCode=osi&th=1&psc=1">View Product</a></div><div class="product"><a href="https://www.amazon.com/dp/B0CXDYWWT9?tag=eloabder-20&linkCode=osi&th=1&psc=1"><img src="https://m.media-amazon.com/images/I/41F1csTT8jL._SL500_.jpg" alt="Product Image"></a><p>2 Replacement Filters for Craftsman V20 Cordless Stick Vacuum CMCVS001D1, for Black Decker BSVF1 BSV2020 BSV2020G BSV2020P Cordless Stick Vacuum Cleaner with 1 Cleaning Brush</p><p>$14.99</p><a href="https://www.amazon.com/dp/B0CXDYWWT9?tag=eloabder-20&linkCode=osi&th=1&psc=1">View Product</a></div><div class="product"><a href="https://www.amazon.com/dp/B0CCJ5N5DH?tag=eloabder-20&linkCode=osi&th=1&psc=1"><img src="https://m.media-amazon.com/images/I/41xmhDPqk8L._SL500_.jpg" alt="Product Image"></a><p>Aolleteau 1 Pack Brush Roller Compatible with Black + Decker BSV2020, BSV2020P, BSV2020G Powerseries Extreme Cordless Stick Vacuum and Compatible with Craftsman V20 Cordless Stick Vacuum CMCVS001D1</p><p>$17.99</p><a href="https://www.amazon.com/dp/B0CCJ5N5DH?tag=eloabder-20&linkCode=osi&th=1&psc=1">View Product</a></div><div class="product"><a href="https://www.amazon.com/dp/B0CQY61LFD?tag=eloabder-20&linkCode=osi&th=1&psc=1"><img src="https://m.media-amazon.com/images/I/31swBBC444L._SL500_.jpg" alt="Product Image"></a><p>Tablenco for Shark HZ602 Filter Replacement Ultralight Pet Pro Corded Stick Vacuum and HZ2002 Vertex DuoClean PowerFins fit HZ2000 HZ251 HZ250 HH200 HH202,4 Foam Felt 4 Motor Kit (No cleaning brush)</p><p>$9.98</p><a href="https://www.amazon.com/dp/B0CQY61LFD?tag=eloabder-20&linkCode=osi&th=1&psc=1">View Product</a></div><div class="product"><a href="https://www.amazon.com/dp/B09Q55KW8W?tag=eloabder-20&linkCode=osi&th=1&psc=1"><img src="https://m.media-amazon.com/images/I/51MKsJy6nSL._SL500_.jpg" alt="Product Image"></a><p>Anicell 2033 Featherweight Filter for Bissell Featherweight Stick Lightweight Bagless Vacuum 20331 20333 20334 20336 20339 2033M, 4 Mesh Filters 6 Foam Filters Replacement, Replace part# 1611508</p><p>$11.99</p><a href="https://www.amazon.com/dp/B09Q55KW8W?tag=eloabder-20&linkCode=osi&th=1&psc=1">View Product</a></div><div class="product"><a href="https://www.amazon.com/dp/B0CDVG7LHD?tag=eloabder-20&linkCode=osi&th=1&psc=1"><img src="https://m.media-amazon.com/images/I/41hjN1Te6sL._SL500_.jpg" alt="Product Image"></a><p>Moreffi 3 Pack Filter Replacement For HART Cordless Stick Vacuum HPSV01 and HPSV50, Compare to Part Number HASV01</p><p>$19.99 ($6.66 / Count)</p><a href="https://www.amazon.com/dp/B0CDVG7LHD?tag=eloabder-20&linkCode=osi&th=1&psc=1">View Product</a></div>
<div class="product"><a href="https://www.amazon.com/dp/B07DQ9TZC8?tag=eloabder-20&linkCode=osi&th=1&psc=1"><img src="https://m.media-amazon.com/images/I/41PHyZ20FuL._SL500_.jpg" alt="Product Image"></a><p>Kenmore 53294 Style O HEPA Cloth Vacuum Bags for Kenmore Upright Vacuum Cleaners 6 Pack,White</p><p>$20.99 ($3.50 / Count)</p><a href="https://www.amazon.com/dp/B07DQ9TZC8?tag=eloabder-20&linkCode=osi&th=1&psc=1">View Product</a></div><div class="product"><a href="https://www.amazon.com/dp/B08MXVTTT2?tag=eloabder-20&linkCode=osi&th=1&psc=1"><img src="https://m.media-amazon.com/images/I/41T6wRpIMzL._SL500_.jpg" alt="Product Image"></a><p>Kenmore IB600 HEPA Replacement Intuition Upright Vacuum Cleaner Bags for BU4022, BU4020, BU4018, BU4050, BU3040,White</p><p>$18.75</p><a href="https://www.amazon.com/dp/B08MXVTTT2?tag=eloabder-20&linkCode=osi&th=1&psc=1">View Product</a></div><div class="product"><a href="https://www.amazon.com/dp/B01010JVYO?tag=eloabder-20&linkCode=osi&th=1&psc=1"><img src="https://m.media-amazon.com/images/I/51Anluh47GL._SL500_.jpg" alt="Product Image"></a><p>EnviroCare Replacement Micro Filtration Vacuum Cleaner Dust Bags Designed to fit Hoover Windtunnel Upright Type Y 9 pack</p><p>$9.89 ($1.10 / Count)</p><a href="https://www.amazon.com/dp/B01010JVYO?tag=eloabder-20&linkCode=osi&th=1&psc=1">View Product</a></div><div class="product"><a href="https://www.amazon.com/dp/B0D5CP3WBY?tag=eloabder-20&linkCode=osi&th=1&psc=1"><img src="https://m.media-amazon.com/images/I/31MaGmsVOwL._SL500_.jpg" alt="Product Image"></a><p>Bagless Upright Kenmore Vacuum HEPA Filters, Compatible with Foam Filters, Felt Filters and Upright vacuum cleaner for Models K4010,DU2015,DU2012(includes 1 Hepa Filters,2 Foam and 2 Felt Filters)</p><p>$12.99</p><a href="https://www.amazon.com/dp/B0D5CP3WBY?tag=eloabder-20&linkCode=osi&th=1&psc=1">View Product</a></div><div class="product"><a href="https://www.amazon.com/dp/B0CBFV28WX?tag=eloabder-20&linkCode=osi&th=1&psc=1"><img src="https://m.media-amazon.com/images/I/51LIYI0wXSL._SL500_.jpg" alt="Product Image"></a><p>16 Packs Vacuum Bags for Oreck Type CC, Compatible with All Oreck XL Upright Vacuum Cleaner - Replaces Part # CCPK8DW</p><p>$21.99 ($1.37 / Count)</p><a href="https://www.amazon.com/dp/B0CBFV28WX?tag=eloabder-20&linkCode=osi&th=1&psc=1">View Product</a></div><div class="product"><a href="https://www.amazon.com/dp/B00F9GQMHA?tag=eloabder-20&linkCode=osi&th=1&psc=1"><img src="https://m.media-amazon.com/images/I/51lhelurelL._SL500_.jpg" alt="Product Image"></a><p>EnviroCare Replacement Premium Vacuum Cleaner Dust Bags made to fit Eureka F&G Uprights 9 bags</p><p>$11.09</p><a href="https://www.amazon.com/dp/B00F9GQMHA?tag=eloabder-20&linkCode=osi&th=1&psc=1">View Product</a></div><div class="product"><a href="https://www.amazon.com/dp/B002CI8G1I?tag=eloabder-20&linkCode=osi&th=1&psc=1"><img src="https://m.media-amazon.com/images/I/51PYQrQpbSL._SL500_.jpg" alt="Product Image"></a><p>EnviroCare Replacement Micro Filtration Vacuum Cleaner Dust Bags made to fit Kenmore Upright Type U/L/O 50688 and 50690, Panasonic Type U-2, Miele Type Z. 9 pack</p><p>$9.99</p><a href="https://www.amazon.com/dp/B002CI8G1I?tag=eloabder-20&linkCode=osi&th=1&psc=1">View Product</a></div>
<div class="product"><a href="https://www.amazon.com/dp/B07GNQJ67P?tag=eloabder-20&linkCode=osi&th=1&psc=1"><img src="https://m.media-amazon.com/images/I/41XHnKbgjAL._SL500_.jpg" alt="Product Image"></a><p>Kenmore 53292 Type Q HEPA Replacement Dust Bags for Canister Vacuum 81214, 81414, 81714, 21814, BC2005, BC3005, 81615, BC7005, 6 Count (Pack of 1)</p><p>$13.24 ($2.21 / Count)</p><a href="https://www.amazon.com/dp/B07GNQJ67P?tag=eloabder-20&linkCode=osi&th=1&psc=1">View Product</a></div><div class="product"><a href="https://www.amazon.com/dp/B01L0C0FVK?tag=eloabder-20&linkCode=osi&th=1&psc=1"><img src="https://m.media-amazon.com/images/I/51ZIjbo9NVL._SL500_.jpg" alt="Product Image"></a><p>Envirocare Replacement Vacuum Bags Compatible with Kenmore Canister Type C/Q. 5055, 50557 and 50558 Panasonic Type C-5 Vacuums,15 pack</p><p>$16.16</p><a href="https://www.amazon.com/dp/B01L0C0FVK?tag=eloabder-20&linkCode=osi&th=1&psc=1">View Product</a></div><div class="product"><a href="https://www.amazon.com/dp/B0BTRTP2PM?tag=eloabder-20&linkCode=osi&th=1&psc=1"><img src="https://m.media-amazon.com/images/I/41K295aRv9L._SL500_.jpg" alt="Product Image"></a><p>Vacuum Cleaner Bags Fit for Kenmore Canister Type C/Q 50555 50557 50558 and Type C-5, 10PCs</p><p>$15.99</p><a href="https://www.amazon.com/dp/B0BTRTP2PM?tag=eloabder-20&linkCode=osi&th=1&psc=1">View Product</a></div><div class="product"><a href="https://www.amazon.com/dp/B0CRQYGLZX?tag=eloabder-20&linkCode=osi&th=1&psc=1"><img src="https://m.media-amazon.com/images/I/413iXp+j3ML._SL500_.jpg" alt="Product Image"></a><p>15 Pack Canister Vacuum Cleaner Bags Compatible with Kenmore Canister Type C/Q 5055, 50555, 50557, 50558 and Type C-5, C-18, 53292, 200 Series, 400 Series, 600 Series, 700 Series, 800 Series Vacuum</p><p>$11.69</p><a href="https://www.amazon.com/dp/B0CRQYGLZX?tag=eloabder-20&linkCode=osi&th=1&psc=1">View Product</a></div><div class="product"><a href="https://www.amazon.com/dp/B00QGD3SBI?tag=eloabder-20&linkCode=osi&th=1&psc=1"><img src="https://m.media-amazon.com/images/I/51xw0asyqTL._SL500_.jpg" alt="Product Image"></a><p>EnviroCare Replacement Vacuum Bags made to fit Kenmore Canister Type C or Q 50555, 50558, 50557 and Panasonic Type C-5 Vacuums, 9 pack</p><p>$9.79</p><a href="https://www.amazon.com/dp/B00QGD3SBI?tag=eloabder-20&linkCode=osi&th=1&psc=1">View Product</a></div><div class="product"><a href="https://www.amazon.com/dp/B0CQP9NP5N?tag=eloabder-20&linkCode=osi&th=1&psc=1"><img src="https://m.media-amazon.com/images/I/41WnNkTz8zL._SL500_.jpg" alt="Product Image"></a><p>8 Pack Replacement Vacuum Bags Compatible with Kenmore Canister Type C/Q. 5055, 50104, 50557 and 50558 Panasonic Type C-5 Vacuums</p><p>$9.99 ($1.25 / Count)</p><a href="https://www.amazon.com/dp/B0CQP9NP5N?tag=eloabder-20&linkCode=osi&th=1&psc=1">View Product</a></div>
<div class="product"><a href="https://www.amazon.com/dp/B09M3Y2BHR?tag=eloabder-20&linkCode=osi&th=1&psc=1"><img src="https://m.media-amazon.com/images/I/31tevngai1L._SL500_.jpg" alt="Product Image"></a><p>Ymimi Vacuum Filter Compatible with Eureka WhirlWind Bagless Canister Vacuum Cleaner,Fits NEN110A,NEN110B,NEN110Dï¼ˆ2-Packï¼‰</p><p>$11.99 ($6.00 / Count)</p><a href="https://www.amazon.com/dp/B09M3Y2BHR?tag=eloabder-20&linkCode=osi&th=1&psc=1">View Product</a></div><div class="product"><a href="https://www.amazon.com/dp/B07J1WWBHN?tag=eloabder-20&linkCode=osi&th=1&psc=1"><img src="https://m.media-amazon.com/images/I/51gmkDrnR2L._SL500_.jpg" alt="Product Image"></a><p>Bissell Powerforce Helix Bagless Washable Premotor Filter #1608225, Black</p><p>$7.78</p><a href="https://www.amazon.com/dp/B07J1WWBHN?tag=eloabder-20&linkCode=osi&th=1&psc=1">View Product</a></div><div class="product"><a href="https://www.amazon.com/dp/B0BK64TMMK?tag=eloabder-20&linkCode=osi&th=1&psc=1"><img src="https://m.media-amazon.com/images/I/41OBMvET7eL._SL500_.jpg" alt="Product Image"></a><p>Vacuum Belt Replacement for Bissell Cleanview Swivel Pet Upright Bagless/Powerlifter Vacuum Cleaner, fits model: 2252, 2254, 22543, 2258,2259, 2260,2316, 2739, 1793, Parts # 3031120, 32074</p><p>$6.99</p><a href="https://www.amazon.com/dp/B0BK64TMMK?tag=eloabder-20&linkCode=osi&th=1&psc=1">View Product</a></div><div class="product"><a href="https://www.amazon.com/dp/B0BKKL3WRB?tag=eloabder-20&linkCode=osi&th=1&psc=1"><img src="https://m.media-amazon.com/images/I/410jMe-FjIL._SL500_.jpg" alt="Product Image"></a><p>Aolleteau F1 HEPA Filter Compatible with Dirt Devil Bagless Upright Cleaner Models Extra Lite, Breeze, Featherlite Bagless, Jaguar Bagless,Platinum Force Vision, Scorpion and Vision Bagless (2 Pack)</p><p>$13.99 ($7.00 / Count)</p><a href="https://www.amazon.com/dp/B0BKKL3WRB?tag=eloabder-20&linkCode=osi&th=1&psc=1">View Product</a></div><div class="product"><a href="https://www.amazon.com/dp/B09SG1P4WN?tag=eloabder-20&linkCode=osi&th=1&psc=1"><img src="https://m.media-amazon.com/images/I/51+Mr+Wq5ML._SL500_.jpg" alt="Product Image"></a><p>NEN110A Vacuum Filter, Inlet Frame and Sponge Filter Compatible with Eureka Whirlwind Bagless Canister Vacuum Cleaner, Fits NEN110A, NEN110B, NEN110D(4-Pack)</p><p>$15.99 ($4.00 / Count)</p><a href="https://www.amazon.com/dp/B09SG1P4WN?tag=eloabder-20&linkCode=osi&th=1&psc=1">View Product</a></div>
<div class="product"><a href="https://www.amazon.com/dp/B07GT9VB9X?tag=eloabder-20&linkCode=osi&th=1&psc=1"><img src="https://m.media-amazon.com/images/I/41IokheYtNL._SL500_.jpg" alt="Product Image"></a><p>6 Pack 1940 Bissell Steam Mop Pads for Bissell PowerFresh Steam Mop 1806 1544 1440 2075A 2685A 1940W 19404 Series, Model 19402 19408 1940a 1940f 1940q 1940t B0006 B0017, Part #5938#203-2633</p><p>$16.99 ($2.83 / Count)</p><a href="https://www.amazon.com/dp/B07GT9VB9X?tag=eloabder-20&linkCode=osi&th=1&psc=1">View Product</a></div><div class="product"><a href="https://www.amazon.com/dp/B07H3MYZLD?tag=eloabder-20&linkCode=osi&th=1&psc=1"><img src="https://m.media-amazon.com/images/I/511p6MPxQ0L._SL500_.jpg" alt="Product Image"></a><p>Flammi Steam Pocket Mop Replacement Pads for Shark S3500 Series S3501 S3601 S3550 S3901 SE450 S3801CO S3601D S2901 S2902 Steam Pocket Mop, 4 Pack</p><p>$16.97 ($4.24 / Count)</p><a href="https://www.amazon.com/dp/B07H3MYZLD?tag=eloabder-20&linkCode=osi&th=1&psc=1">View Product</a></div><div class="product"><a href="https://www.amazon.com/dp/B0C8SH97HN?tag=eloabder-20&linkCode=osi&th=1&psc=1"><img src="https://m.media-amazon.com/images/I/31Mex4y7odL._SL500_.jpg" alt="Product Image"></a><p>HOMEXCEL Steam Mop Replacement Pads Compatible with Bissell Powerfresh Steam Mop 1940 1806 1440 1544 Series, Model 19402 19404 19408 2685A 2075A 1940A 1940Q 1940T 1940W, Steam Mop Pads Refills,4 Pack</p><p>$9.99 ($2.50 / Count)</p><a href="https://www.amazon.com/dp/B0C8SH97HN?tag=eloabder-20&linkCode=osi&th=1&psc=1">View Product</a></div><div class="product"><a href="https://www.amazon.com/dp/B0BFWTXS33?tag=eloabder-20&linkCode=osi&th=1&psc=1"><img src="https://m.media-amazon.com/images/I/51pa2h7o0EL._SL500_.jpg" alt="Product Image"></a><p>12 Pack 1940 Steam Mop Replacement Pads for Bissell Powerfresh Steam Mop 1940 1440 1806 1544 2075 2685A 2814 Series, Model 19402 19404 19408 19409 1940A 1940F 1940Q 1940T 1940W B0006 B0017 2075A 15441</p><p>$24.99</p><a href="https://www.amazon.com/dp/B0BFWTXS33?tag=eloabder-20&linkCode=osi&th=1&psc=1">View Product</a></div><div class="product"><a href="https://www.amazon.com/dp/B0CLP5QGTY?tag=eloabder-20&linkCode=osi&th=1&psc=1"><img src="https://m.media-amazon.com/images/I/414HqpKde9L._SL500_.jpg" alt="Product Image"></a><p>10 Pack 1940 1806 2685A Steam Mop Pads For Bissell Powerfresh Steam Mop Deluxe Pet Lift-Off Plus Slim Scrubbing Steam Mop Replacement Pad 1940A 2814 1544A 2075A Power Fresh Steamer Pad Refill Washable</p><p>$22.99 ($2.30 / Count)</p><a href="https://www.amazon.com/dp/B0CLP5QGTY?tag=eloabder-20&linkCode=osi&th=1&psc=1">View Product</a></div><div class="product"><a href="https://www.amazon.com/dp/B078BBKBPV?tag=eloabder-20&linkCode=osi&th=1&psc=1"><img src="https://m.media-amazon.com/images/I/51WcJqtOUIL._SL500_.jpg" alt="Product Image"></a><p>Tidy Monster Steam Mop Replacement Pads Compatible with Bissell Powerfresh Steam Mop 1940 1806 1544 1440 2075A 2685A Series, Part # 5938 & 203-2633, 1606668 & 1606669 (4 Pack Scrub Plush)</p><p>$9.99</p><a href="https://www.amazon.com/dp/B078BBKBPV?tag=eloabder-20&linkCode=osi&th=1&psc=1">View Product</a></div><div class="product"><a href="https://www.amazon.com/dp/B00A6G37SU?tag=eloabder-20&linkCode=osi&th=1&psc=1"><img src="https://m.media-amazon.com/images/I/51xo0LB-SpL._SL500_.jpg" alt="Product Image"></a><p>BISSELL PowerFresh Steam Mop Pads (Pack of 2) with Fragrance discs (4 ct), 5938</p><p>$21.26 ($10.63 / Count)</p><a href="https://www.amazon.com/dp/B00A6G37SU?tag=eloabder-20&linkCode=osi&th=1&psc=1">View Product</a></div>
<div class="product"><a href="https://www.amazon.com/dp/B0D2QFVY7H?tag=eloabder-20&linkCode=osi&th=1&psc=1"><img src="https://m.media-amazon.com/images/I/417B7H+vvML._SL500_.jpg" alt="Product Image"></a><p>Kenmore KS1010 Deep Clean & Revitalize Pet Carpet Cleaner Formula, 64 oz, White, 64 Fl Oz</p><p>$22.73 ($0.36 / Fl Oz)</p><a href="https://www.amazon.com/dp/B0D2QFVY7H?tag=eloabder-20&linkCode=osi&th=1&psc=1">View Product</a></div><div class="product"><a href="https://www.amazon.com/dp/B0BNK8ZJJ1?tag=eloabder-20&linkCode=osi&th=1&psc=1"><img src="https://m.media-amazon.com/images/I/51z0Pc4xcNL._SL500_.jpg" alt="Product Image"></a><p>Bissell Spotlifter Pet Carpet and Upholstery Cleaner with Brush Head - 4 Pack, 93523</p><p>$23.88 ($0.50 / Fl Oz)</p><a href="https://www.amazon.com/dp/B0BNK8ZJJ1?tag=eloabder-20&linkCode=osi&th=1&psc=1">View Product</a></div><div class="product"><a href="https://www.amazon.com/dp/B0CX245D26?tag=eloabder-20&linkCode=osi&th=1&psc=1"><img src="https://m.media-amazon.com/images/I/411CSXvvO1L._SL500_.jpg" alt="Product Image"></a><p>BISSELLÂ® Spot & Stain with Febreze + Gain Original Scent Formula for Little Green Devices, Portable Carpet Cleaners (3968)</p><p>$12.99 ($0.41 / Fl Oz)</p><a href="https://www.amazon.com/dp/B0CX245D26?tag=eloabder-20&linkCode=osi&th=1&psc=1">View Product</a></div><div class="product"><a href="https://www.amazon.com/dp/B083VZW4R5?tag=eloabder-20&linkCode=osi&th=1&psc=1"><img src="https://m.media-amazon.com/images/I/413BULPLmBL._SL500_.jpg" alt="Product Image"></a><p>BISSELL Multi-Surface Pet Formula with Febreze Freshness for Crosswave (80 oz), 2295L</p><p>$22.99 ($0.29 / Fl Oz)</p><a href="https://www.amazon.com/dp/B083VZW4R5?tag=eloabder-20&linkCode=osi&th=1&psc=1">View Product</a></div><div class="product"><a href="https://www.amazon.com/dp/B0D2RGW219?tag=eloabder-20&linkCode=osi&th=1&psc=1"><img src="https://m.media-amazon.com/images/I/41gD+82tnAL._SL500_.jpg" alt="Product Image"></a><p>Vacmaster Clean & Restore Carpet Cleaner Formula â€“ CCS03</p><p>$19.99 ($0.31 / Fl Oz)</p><a href="https://www.amazon.com/dp/B0D2RGW219?tag=eloabder-20&linkCode=osi&th=1&psc=1">View Product</a></div>






<div class="product"><a href="https://www.amazon.com/dp/B0BY64HQTP?tag=eloabder-20&linkCode=osi&th=1&psc=1"><img src="https://m.media-amazon.com/images/I/41hUxHuASYL._SL500_.jpg" alt="Product Image"></a><p>Air Conditioning Motor WZDK13-38G-1(RD-310-13-8) DC Brushless Fan Motor, 13W Inverter air Conditioner Motor DC Motor for Central air Conditioner</p><p>$39.95</p><a href="https://www.amazon.com/dp/B0BY64HQTP?tag=eloabder-20&linkCode=osi&th=1&psc=1">View Product</a></div><div class="product"><a href="https://www.amazon.com/dp/B0CM5YB884?tag=eloabder-20&linkCode=osi&th=1&psc=1"><img src="https://m.media-amazon.com/images/I/310lQ2tAvLL._SL500_.jpg" alt="Product Image"></a><p>Sparkfix OEM WZDK20-38G (ZKFP-20-8-6) Air Conditioner Replacement Motors DC280V 20W Air Conditioning Fan Motor Inverter Air Conditioner Brushless DC Motor 1300RPM CCW</p><p>$42.79</p><a href="https://www.amazon.com/dp/B0CM5YB884?tag=eloabder-20&linkCode=osi&th=1&psc=1">View Product</a></div>













<div class="product"><a href="https://www.amazon.com/dp/B009PCI2JU?tag=eloabder-20&linkCode=osi&th=1&psc=1"><img src="https://m.media-amazon.com/images/I/310ZJurANUL._SL500_.jpg" alt="Product Image"></a><p>GE RPWFE Refrigerator Water Filter | Certified to Reduce Lead, Sulfur, and 50+ Other Impurities | Replace Every 6 Months for Best Results | Pack of 1</p><p>$49.98</p><a href="https://www.amazon.com/dp/B009PCI2JU?tag=eloabder-20&linkCode=osi&th=1&psc=1">View Product</a></div><div class="product"><a href="https://www.amazon.com/dp/B0882ZJ48W?tag=eloabder-20&linkCode=osi&th=1&psc=1"><img src="https://m.media-amazon.com/images/I/41110o9sUoL._SL500_.jpg" alt="Product Image"></a><p>GE XWFE Refrigerator Water Filter | Certified to Reduce Lead, Sulfur, and 50+ Other Impurities | Replace Every 6 Months for Best Results | Pack of 1, White</p><p>$49.00</p><a href="https://www.amazon.com/dp/B0882ZJ48W?tag=eloabder-20&linkCode=osi&th=1&psc=1">View Product</a></div><div class="product"><a href="https://www.amazon.com/dp/B074HLRXMP?tag=eloabder-20&linkCode=osi&th=1&psc=1"><img src="https://m.media-amazon.com/images/I/21oDpGCQXiL._SL500_.jpg" alt="Product Image"></a><p>LG LT1000P - 6 Month / 200 Gallon Capacity Replacement Refrigerator Water Filter (NSF42, NSF53, and NSF401) ADQ74793501, ADQ75795105, or AGF80300704 , White</p><p>$47.00</p><a href="https://www.amazon.com/dp/B074HLRXMP?tag=eloabder-20&linkCode=osi&th=1&psc=1">View Product</a></div><div class="product"><a href="https://www.amazon.com/dp/B01BKWSHHE?tag=eloabder-20&linkCode=osi&th=1&psc=1"><img src="https://m.media-amazon.com/images/I/31E2+zlkvjL._SL500_.jpg" alt="Product Image"></a><p>Frigidaire EPTWFU01 Water Filtration Filter, 1 Count, White</p><p>$42.99</p><a href="https://www.amazon.com/dp/B01BKWSHHE?tag=eloabder-20&linkCode=osi&th=1&psc=1">View Product</a></div><div class="product"><a href="https://www.amazon.com/dp/B08V6JB9R7?tag=eloabder-20&linkCode=osi&th=1&psc=1"><img src="https://m.media-amazon.com/images/I/31PRPEffCZL._SL500_.jpg" alt="Product Image"></a><p>Frigidaire FPPWFU01 PurePour PWF-1 Water Filter 1 Count (Pack of 1)</p><p>$45.81</p><a href="https://www.amazon.com/dp/B08V6JB9R7?tag=eloabder-20&linkCode=osi&th=1&psc=1">View Product</a></div><div class="product"><a href="https://www.amazon.com/dp/B000AST3AK?tag=eloabder-20&linkCode=osi&th=1&psc=1"><img src="https://m.media-amazon.com/images/I/41DUoSxpwTS._SL500_.jpg" alt="Product Image"></a><p>GE MWF Refrigerator Water Filter | Certified to Reduce Lead, Sulfur, and 50+ Other Impurities | Replace Every 6 Months for Best Results | Pack of 1</p><p>$39.98</p><a href="https://www.amazon.com/dp/B000AST3AK?tag=eloabder-20&linkCode=osi&th=1&psc=1">View Product</a></div><div class="product"><a href="https://www.amazon.com/dp/B0CFZR7K8D?tag=eloabder-20&linkCode=osi&th=1&psc=1"><img src="https://m.media-amazon.com/images/I/31WM5sdhKLL._SL500_.jpg" alt="Product Image"></a><p>HMASAV W10295370A water filter replacement, Compatible with EDR1RXD1,EDR1RXD1B,W10295370,Filter 1,WHR1RXD1,KAD1RXD1,P4RFWB,P8RFWB2L,46-9930,46-9081 2PACK</p><p>$29.99 ($15.00 / Count)</p><a href="https://www.amazon.com/dp/B0CFZR7K8D?tag=eloabder-20&linkCode=osi&th=1&psc=1">View Product</a></div><div class="product"><a href="https://www.amazon.com/dp/B07JM9TTTT?tag=eloabder-20&linkCode=osi&th=1&psc=1"><img src="https://m.media-amazon.com/images/I/41CfAtJ8TPL._SL500_.jpg" alt="Product Image"></a><p>GLACIER FRESH LT1000PC Replacement Water Filter, Compatible with LT1000PC/PCS, LT1000PC, LT-1000PC, MDJ64844601, ADQ747935 ADQ74793504 Filter and LT120F ADQ73334008 Fresh Air (3+3)</p><p>$39.99 ($13.33 / Count)</p><a href="https://www.amazon.com/dp/B07JM9TTTT?tag=eloabder-20&linkCode=osi&th=1&psc=1">View Product</a></div><div class="product"><a href="https://www.amazon.com/dp/B003N1ZSYG?tag=eloabder-20&linkCode=osi&th=1&psc=1"><img src="https://m.media-amazon.com/images/I/31Mbrkrxu1L._SL500_.jpg" alt="Product Image"></a><p>SAMSUNG Genuine Filter for Refrigerator Water and Ice, Carbon Block Filtration for Clean, Clear Drinking Water, 6-Month Life, HAF-CIN/EXP, 1 Pack</p><p>$39.99</p><a href="https://www.amazon.com/dp/B003N1ZSYG?tag=eloabder-20&linkCode=osi&th=1&psc=1">View Product</a></div>









<div class="product"><a href="https://www.amazon.com/dp/B0B2NZ47HN?tag=eloabder-20&linkCode=osi&th=1&psc=1"><img src="https://m.media-amazon.com/images/I/41nC6c2XxJL._SL500_.jpg" alt="Product Image"></a><p>OTE Portable Sparkling Water Maker Soda Maker Machine for home with 20PCS Cylinders 450ml Personal seltzer Carbonators Electroless Double Layer PET Bottle BPA Free Double Pressure Relief Valves -Pink</p><p>$49.99</p><a href="https://www.amazon.com/dp/B0B2NZ47HN?tag=eloabder-20&linkCode=osi&th=1&psc=1">View Product</a></div><div class="product"><a href="https://www.amazon.com/dp/B09DY54L7M?tag=eloabder-20&linkCode=osi&th=1&psc=1"><img src="https://m.media-amazon.com/images/I/31LSpnm3G8L._SL500_.jpg" alt="Product Image"></a><p>MOSOLAN Bottle Cleaning Brush, 17 Inches Extra Long Handle Water Bottle Brush, Flexible Bendable Cleaner for Washing Narrow Neck Bottles, Wine Decanter, Kombucha, Pipes, Beer Brewing Supplies, 2 Pack</p><p>$11.95 ($5.98 / Count)</p><a href="https://www.amazon.com/dp/B09DY54L7M?tag=eloabder-20&linkCode=osi&th=1&psc=1">View Product</a></div><div class="product"><a href="https://www.amazon.com/dp/B0736CBNDN?tag=eloabder-20&linkCode=osi&th=1&psc=1"><img src="https://m.media-amazon.com/images/I/41tWXmwP5KL._SL500_.jpg" alt="Product Image"></a><p>#2 Filter Pads (10 Pack Bulk) Compatible with Mini Jet Machine | #2 1.8-2.5 micron | 2 Micron Filtering pads. Filter Wine Beer, Kombucha, Mead Mash. Polishing filtration| Not a Buon Vino product.</p><p>$18.99</p><a href="https://www.amazon.com/dp/B0736CBNDN?tag=eloabder-20&linkCode=osi&th=1&psc=1">View Product</a></div>









<div class="product"><a href="https://www.amazon.com/dp/B07YGN577Y?tag=eloabder-20&linkCode=osi&th=1&psc=1"><img src="https://m.media-amazon.com/images/I/31kfZiyDMUL._SL500_.jpg" alt="Product Image"></a><p>9870163 Trash Power Nut WP9870163 L8</p><p>$50.36</p><a href="https://www.amazon.com/dp/B07YGN577Y?tag=eloabder-20&linkCode=osi&th=1&psc=1">View Product</a></div>

<div class="product"><a href="https://www.amazon.com/dp/B0CWQLM4C7?tag=eloabder-20&linkCode=osi&th=1&psc=1"><img src="https://m.media-amazon.com/images/I/41gTEIOjtlL._SL500_.jpg" alt="Product Image"></a><p>7" Seven Seconds Lazy Kitchen Food Making Tools - Multifunctional Fruit Vegetable Chopper Quick Garlic Peeling Machine Convenient Food Chopper for Slicing,Juice,Grinding</p><p>$32.99</p><a href="https://www.amazon.com/dp/B0CWQLM4C7?tag=eloabder-20&linkCode=osi&th=1&psc=1">View Product</a></div>







<div class="product"><a href="https://www.amazon.com/dp/B0CNKFM9WR?tag=eloabder-20&linkCode=osi&th=1&psc=1"><img src="https://m.media-amazon.com/images/I/31sGGIDic9L._SL500_.jpg" alt="Product Image"></a><p>hobbyme Pack of 4 Plastic Coffee Scoops with Brush & Espresso Grinder Brush for Ground Coffee Cleaning Tea Power Coffee Grinder Spoon</p><p>$6.49</p><a href="https://www.amazon.com/dp/B0CNKFM9WR?tag=eloabder-20&linkCode=osi&th=1&psc=1">View Product</a></div>





<div class="product"><a href="https://www.amazon.com/dp/B07798328B?tag=eloabder-20&linkCode=osi&th=1&psc=1"><img src="https://m.media-amazon.com/images/I/31Vpin+sgUS._SL500_.jpg" alt="Product Image"></a><p>Prime-Line MP10513 Standard Plastic Ice Cube Trays (5 Pack)</p><p>$12.69</p><a href="https://www.amazon.com/dp/B07798328B?tag=eloabder-20&linkCode=osi&th=1&psc=1">View Product</a></div><div class="product"><a href="https://www.amazon.com/dp/B077965JDB?tag=eloabder-20&linkCode=osi&th=1&psc=1"><img src="https://m.media-amazon.com/images/I/31H1hNlH6RL._SL500_.jpg" alt="Product Image"></a><p>Prime-Line MP10863 Standard Plastic Ice Cube Trays (2 Pack)</p><p>$9.69</p><a href="https://www.amazon.com/dp/B077965JDB?tag=eloabder-20&linkCode=osi&th=1&psc=1">View Product</a></div>

<div class="product"><a href="https://www.amazon.com/dp/B08MPLY84K?tag=eloabder-20&linkCode=osi&th=1&psc=1"><img src="https://m.media-amazon.com/images/I/31kWTfzQJBL._SL500_.jpg" alt="Product Image"></a><p>Syntus Vacuum Sealer Bags, 6 Pack 3 Rolls 11" x 20' and 3 Rolls 8" x 20' Commercial Grade BPA Free Bag Rolls, Food Vac Bags for Storage, Meal Prep or Sous Vide</p><p>$19.99</p><a href="https://www.amazon.com/dp/B08MPLY84K?tag=eloabder-20&linkCode=osi&th=1&psc=1">View Product</a></div><div class="product"><a href="https://www.amazon.com/dp/B0C5BWRMQL?tag=eloabder-20&linkCode=osi&th=1&psc=1"><img src="https://m.media-amazon.com/images/I/41yPpkb6oeL._SL500_.jpg" alt="Product Image"></a><p>Bonsenkitchen Vacuum Sealer Rolls Bags, 6 Pack 3 Rolls 11" x 20' + 3 Rolls 8" x 20' Commercial Grade BPA Free Bag Rolls, Durable Customized Size Food Vac Bags for Storage and Sous Vide Cooking VB3211</p><p>$19.99 ($3.33 / Count)</p><a href="https://www.amazon.com/dp/B0C5BWRMQL?tag=eloabder-20&linkCode=osi&th=1&psc=1">View Product</a></div><div class="product"><a href="https://www.amazon.com/dp/B0C5C1JTC4?tag=eloabder-20&linkCode=osi&th=1&psc=1"><img src="https://m.media-amazon.com/images/I/31JpyYsm7YL._SL500_.jpg" alt="Product Image"></a><p>Bonsenkitchen Vacuum Food Sealer Bags 200 Quart 8" x 12", BPA Free, Commercial Grade Textured Food Vacuum Sealer Bag, Thick Embossed Bags for Food Storage and Sous Vide Cooking VB3208</p><p>$18.39 ($0.09 / Count)</p><a href="https://www.amazon.com/dp/B0C5C1JTC4?tag=eloabder-20&linkCode=osi&th=1&psc=1">View Product</a></div><div class="product"><a href="https://www.amazon.com/dp/B07TMZDGQ1?tag=eloabder-20&linkCode=osi&th=1&psc=1"><img src="https://m.media-amazon.com/images/I/31cRCu-JIsL._SL500_.jpg" alt="Product Image"></a><p>Wevac Vacuum Sealer Bags 11x50 Rolls 2 pack for Food Saver, Seal a Meal, Weston. Commercial Grade, BPA Free, Heavy Duty, Great for vac storage, Meal Prep or Sous Vide</p><p>$20.99 ($0.21 / Count)</p><a href="https://www.amazon.com/dp/B07TMZDGQ1?tag=eloabder-20&linkCode=osi&th=1&psc=1">View Product</a></div><div class="product"><a href="https://www.amazon.com/dp/B07TV4KRCL?tag=eloabder-20&linkCode=osi&th=1&psc=1"><img src="https://m.media-amazon.com/images/I/31uv3qtc9bL._SL500_.jpg" alt="Product Image"></a><p>Wevac Vacuum Sealer Bags 100 Gallon 11x16 Inch for Food Saver, Seal a Meal, Weston. Commercial Grade, BPA Free, Heavy Duty, Great for vac storage, Meal Prep and Sous Vide</p><p>$21.24</p><a href="https://www.amazon.com/dp/B07TV4KRCL?tag=eloabder-20&linkCode=osi&th=1&psc=1">View Product</a></div>


<div class="product"><a href="https://www.amazon.com/dp/B093G5XCVF?tag=eloabder-20&linkCode=osi&th=1&psc=1"><img src="https://m.media-amazon.com/images/I/313Cq6ASf0S._SL500_.jpg" alt="Product Image"></a><p>2 Multipurpose Pastry Brush Basting & Coffee Grinders Cleaning Brush Wooden Handle Natural Boar Bristles Baking Cooking Sauce egg wash Bakery Supply Espresso Bean Barista</p><p>$7.21</p><a href="https://www.amazon.com/dp/B093G5XCVF?tag=eloabder-20&linkCode=osi&th=1&psc=1">View Product</a></div><div class="product"><a href="https://www.amazon.com/dp/B07JGRYG31?tag=eloabder-20&linkCode=osi&th=1&psc=1"><img src="https://m.media-amazon.com/images/I/31nd-jhgzdL._SL500_.jpg" alt="Product Image"></a><p>Coffee Grinder Cleaning Brush + Coffee Brush Wood Handle & Natural Bristles Pastry Brush</p><p>$5.99</p><a href="https://www.amazon.com/dp/B07JGRYG31?tag=eloabder-20&linkCode=osi&th=1&psc=1">View Product</a></div><div class="product"><a href="https://www.amazon.com/dp/B0C53G4T7X?tag=eloabder-20&linkCode=osi&th=1&psc=1"><img src="https://m.media-amazon.com/images/I/21Hrgmpj8YL._SL500_.jpg" alt="Product Image"></a><p>Leadigol Cleaning Tool Coffee Machine Home Pastry Brush Multifunctional Wooden Handle Baking Soft Bristles Coffee Grinder Brush</p><p>$7.99</p><a href="https://www.amazon.com/dp/B0C53G4T7X?tag=eloabder-20&linkCode=osi&th=1&psc=1">View Product</a></div><div class="product"><a href="https://www.amazon.com/dp/B07W5WM2LF?tag=eloabder-20&linkCode=osi&th=1&psc=1"><img src="https://m.media-amazon.com/images/I/41-7fWE9tSL._SL500_.jpg" alt="Product Image"></a><p>Redecker Waffle Machine Brush with Oiled Beechwood Handle, Stiff Heat-resistant Tampico Fiber Bristles, 6-1/2 inches, Made in Germany</p><p>$21.99</p><a href="https://www.amazon.com/dp/B07W5WM2LF?tag=eloabder-20&linkCode=osi&th=1&psc=1">View Product</a></div>






Aucun rÃ©sultat trouvÃ©.


<div class="product"><a href="https://www.amazon.com/dp/B00LQKZQAW?tag=eloabder-20&linkCode=osi&th=1&psc=1"><img src="https://m.media-amazon.com/images/I/31nBii+cbiL._SL500_.jpg" alt="Product Image"></a><p>Electrolux 5308000716 Dish Replacement , White</p><p>$17.16</p><a href="https://www.amazon.com/dp/B00LQKZQAW?tag=eloabder-20&linkCode=osi&th=1&psc=1">View Product</a></div><div class="product"><a href="https://www.amazon.com/dp/B09BBPTSNK?tag=eloabder-20&linkCode=osi&th=1&psc=1"><img src="https://m.media-amazon.com/images/I/41kdVEnPDTL._SL500_.jpg" alt="Product Image"></a><p>Judeeâ€™s Butter Powder 5 lb - 100% Non-GMO and Keto-Friendly - rBST Hormone-Free - Gluten-Free and Nut-Free - Made from 100% Real Butter - Baking Ready Ingredient - Made in USA</p><p>$59.99 ($0.75 / Ounce)</p><a href="https://www.amazon.com/dp/B09BBPTSNK?tag=eloabder-20&linkCode=osi&th=1&psc=1">View Product</a></div>
<div class="product"><a href="https://www.amazon.com/dp/B0C1G9K19X?tag=eloabder-20&linkCode=osi&th=1&psc=1"><img src="https://m.media-amazon.com/images/I/41OVBrQ1wFL._SL500_.jpg" alt="Product Image"></a><p>Coffee Cup Design Coffee Filter Holder, Coffee Paper Rack Stand, Metal Coffee Filter Container Stand, Coffee Bar Accessories Vertical Paper Towel Napkin Holder for Cone Square Fan Shaped Size (Black)</p><p>$8.99</p><a href="https://www.amazon.com/dp/B0C1G9K19X?tag=eloabder-20&linkCode=osi&th=1&psc=1">View Product</a></div><div class="product"><a href="https://www.amazon.com/dp/B07TP1YN7G?tag=eloabder-20&linkCode=osi&th=1&psc=1"><img src="https://m.media-amazon.com/images/I/41BpYdpRyaL._SL500_.jpg" alt="Product Image"></a><p>CAFEMASY Coffee Filter Holder Storage Coffee Filter Paper Dispenser Rack with Dustproof Cover for V60 and Cone Coffee Filters</p><p>$9.99</p><a href="https://www.amazon.com/dp/B07TP1YN7G?tag=eloabder-20&linkCode=osi&th=1&psc=1">View Product</a></div><div class="product"><a href="https://www.amazon.com/dp/B0BFCTW7MY?tag=eloabder-20&linkCode=osi&th=1&psc=1"><img src="https://m.media-amazon.com/images/I/31s709IEZkL._SL500_.jpg" alt="Product Image"></a><p>Coffee Filter Holder, watchget Reusable Coffee Paper Filter Storage Bag for Cone-shaped Filter Papers V60 Waterproof Canvas Suitable for Outdoor Camping Traveling(02)</p><p>$11.99</p><a href="https://www.amazon.com/dp/B0BFCTW7MY?tag=eloabder-20&linkCode=osi&th=1&psc=1">View Product</a></div>





<div class="product"><a href="https://www.amazon.com/dp/B0CTJD9VK7?tag=eloabder-20&linkCode=osi&th=1&psc=1"><img src="https://m.media-amazon.com/images/I/31pqr-gIt8L._SL500_.jpg" alt="Product Image"></a><p>[4 Pack] Water Bottle Brush & Straw Cleaner Set,Stainless Steel Long Handle Baby Bottle Scrub Cleaning Brush for Sports Bottles, Cups, Dishes, Coffee Mugs, Glasswares, Tumblers, Wine Decanters</p><p>$6.50</p><a href="https://www.amazon.com/dp/B0CTJD9VK7?tag=eloabder-20&linkCode=osi&th=1&psc=1">View Product</a></div>














<div class="product"><a href="https://www.amazon.com/dp/B00UTFZAII?tag=eloabder-20&linkCode=osi&th=1&psc=1"><img src="https://m.media-amazon.com/images/I/31z7hZ6KbXL._SL500_.jpg" alt="Product Image"></a><p>Miele 10123210 AirClean 3D Efficiency Dust Bag, Type GN, 4 Bags & 2 Filters, White</p><p>$21.86 ($21.86 / Count)</p><a href="https://www.amazon.com/dp/B00UTFZAII?tag=eloabder-20&linkCode=osi&th=1&psc=1">View Product</a></div><div class="product"><a href="https://www.amazon.com/dp/B07WHG6J5S?tag=eloabder-20&linkCode=osi&th=1&psc=1"><img src="https://m.media-amazon.com/images/I/41hnaEOxB9L._SL500_.jpg" alt="Product Image"></a><p>KEEPOW Vacuum Filters for Eureka, Power Speed Vacuum Filters Replacement for Eureka NEU182A, NEU182B, NEU280, NEU180, NEU181, NEU188, NEU202 Bagless Upright Vacuum Cleaner, Part E0202 (4 Pack)</p><p>$9.99 ($2.50 / Count)</p><a href="https://www.amazon.com/dp/B07WHG6J5S?tag=eloabder-20&linkCode=osi&th=1&psc=1">View Product</a></div><div class="product"><a href="https://www.amazon.com/dp/B00UTFZB82?tag=eloabder-20&linkCode=osi&th=1&psc=1"><img src="https://m.media-amazon.com/images/I/41WdlL5T0dL._SL500_.jpg" alt="Product Image"></a><p>Miele AirClean 3D Efficiency Dust Bag, Type FJM, 4 Bags & 2 Filters, White</p><p>$18.99</p><a href="https://www.amazon.com/dp/B00UTFZB82?tag=eloabder-20&linkCode=osi&th=1&psc=1">View Product</a></div><div class="product"><a href="https://www.amazon.com/dp/B09NKP346M?tag=eloabder-20&linkCode=osi&th=1&psc=1"><img src="https://m.media-amazon.com/images/I/41o25nqkODL._SL500_.jpg" alt="Product Image"></a><p>Anewise 6 Pack Filter Replacement for Bissell Powerforce Compact Lightweight Upright 2112 1520 for Bissel Turbo Bagless 2690 Cleanview 3437 3508 Vacuum Cleaner, Compare to Parts #1604896/160-4896</p><p>$12.99</p><a href="https://www.amazon.com/dp/B09NKP346M?tag=eloabder-20&linkCode=osi&th=1&psc=1">View Product</a></div><div class="product"><a href="https://www.amazon.com/dp/B01MQ5NITB?tag=eloabder-20&linkCode=osi&th=1&psc=1"><img src="https://m.media-amazon.com/images/I/41J6lG4H1bL._SL500_.jpg" alt="Product Image"></a><p>Bissell Style 7 3 Pack Vacuum Cleaner Bags, White, 3 Count</p><p>$8.69 ($2.90 / Count)</p><a href="https://www.amazon.com/dp/B01MQ5NITB?tag=eloabder-20&linkCode=osi&th=1&psc=1">View Product</a></div><div class="product"><a href="https://www.amazon.com/dp/B0CDH1JY5D?tag=eloabder-20&linkCode=osi&th=1&psc=1"><img src="https://m.media-amazon.com/images/I/516DPXu4siL._SL500_.jpg" alt="Product Image"></a><p>4 Pack Replacement Filters Compatiable with Wyze Cordless Vacuum Cleaner, Removable and Washable HEPA Filter Accessories Part Set with 1 Cleaning Brush for Wyze Handheld Cordless Vacuum Cleaner</p><p>$15.99 ($4.00 / Count)</p><a href="https://www.amazon.com/dp/B0CDH1JY5D?tag=eloabder-20&linkCode=osi&th=1&psc=1">View Product</a></div><div class="product"><a href="https://www.amazon.com/dp/B07P3WB37F?tag=eloabder-20&linkCode=osi&th=1&psc=1"><img src="https://m.media-amazon.com/images/I/51WaYrkiVXL._SL500_.jpg" alt="Product Image"></a><p>Miele AirClean 3D Efficiency Dust Bag, Type GN, XL Value Pack, 8 Bags and 4 Filters</p><p>$36.99</p><a href="https://www.amazon.com/dp/B07P3WB37F?tag=eloabder-20&linkCode=osi&th=1&psc=1">View Product</a></div><div class="product"><a href="https://www.amazon.com/dp/B09DSY4Z2T?tag=eloabder-20&linkCode=osi&th=1&psc=1"><img src="https://m.media-amazon.com/images/I/51+ref3EeAL._SL500_.jpg" alt="Product Image"></a><p>Filter Replacement for Tineco A10 A11 Hero A10/A11 Master PURE ONE S11 Series, S12, X Cordless Vacuum Cleaner (3 PACK) â€¦</p><p>$12.99 ($4.33 / Count)</p><a href="https://www.amazon.com/dp/B09DSY4Z2T?tag=eloabder-20&linkCode=osi&th=1&psc=1">View Product</a></div>


<div class="product"><a href="https://www.amazon.com/dp/B0BXRR5QFV?tag=eloabder-20&linkCode=osi&th=1&psc=1"><img src="https://m.media-amazon.com/images/I/41sjdBkCp8L._SL500_.jpg" alt="Product Image"></a><p>AC Infinity CLOUDFORGE T7, Plant Humidifier 15L with VPD Humidity Controls, 10-Level Precision Vaporizer, Extendable Hose, Targeting Pipe, and No-Leak Seal for Grow Tents</p><p>$159.00</p><a href="https://www.amazon.com/dp/B0BXRR5QFV?tag=eloabder-20&linkCode=osi&th=1&psc=1">View Product</a></div><div class="product"><a href="https://www.amazon.com/dp/B01N6MV8SA?tag=eloabder-20&linkCode=osi&th=1&psc=1"><img src="https://m.media-amazon.com/images/I/41hX08+W1xL._SL500_.jpg" alt="Product Image"></a><p>Protec Humidifier Tank Cleaner, 1 Count - Colors May Vary</p><p>$5.98</p><a href="https://www.amazon.com/dp/B01N6MV8SA?tag=eloabder-20&linkCode=osi&th=1&psc=1">View Product</a></div><div class="product"><a href="https://www.amazon.com/dp/B07GXBTH82?tag=eloabder-20&linkCode=osi&th=1&psc=1"><img src="https://m.media-amazon.com/images/I/41ibxK12JPL._SL500_.jpg" alt="Product Image"></a><p>Essick Air 1970-2 Humidifier, 2-Quart Bacteriostatic Treatment, 2 Pack, Clear, 2</p><p>$22.99</p><a href="https://www.amazon.com/dp/B07GXBTH82?tag=eloabder-20&linkCode=osi&th=1&psc=1">View Product</a></div><div class="product"><a href="https://www.amazon.com/dp/B08TTT3K9B?tag=eloabder-20&linkCode=osi&th=1&psc=1"><img src="https://m.media-amazon.com/images/I/41U6j9SexmL._SL500_.jpg" alt="Product Image"></a><p>Leemone Humidifier Cleaner 12 Pack, Demineralization Cleaning Ball, Works in All humidifiers and Fish Tanks, Purifies Water, Prevents Hard Water Build-Up, Eliminates White Dust and Odor</p><p>$14.44</p><a href="https://www.amazon.com/dp/B08TTT3K9B?tag=eloabder-20&linkCode=osi&th=1&psc=1">View Product</a></div>
<div class="product"><a href="https://www.amazon.com/dp/B07YD4XCT3?tag=eloabder-20&linkCode=osi&th=1&psc=1"><img src="https://m.media-amazon.com/images/I/41hR81iKyJL._SL500_.jpg" alt="Product Image"></a><p>Vacplus Moisture Absorber Packets, Fragrance Free(10 Pack), Humidity Packs, Hanging Closet Dehumidifier Bags, Desiccant 9.8OZ</p><p>$21.99</p><a href="https://www.amazon.com/dp/B07YD4XCT3?tag=eloabder-20&linkCode=osi&th=1&psc=1">View Product</a></div><div class="product"><a href="https://www.amazon.com/dp/B09LQF5V5K?tag=eloabder-20&linkCode=osi&th=1&psc=1"><img src="https://m.media-amazon.com/images/I/51Cx5ECAotL._SL500_.jpg" alt="Product Image"></a><p>CLEVAST Moisture Absorbers Packets 10 Pack, Dehumidifier Bags for Closet, Unscented Hanging Humidity Absorber in Wardrobes, Bedrooms, Bathrooms(230g/pack)</p><p>$16.98</p><a href="https://www.amazon.com/dp/B09LQF5V5K?tag=eloabder-20&linkCode=osi&th=1&psc=1">View Product</a></div><div class="product"><a href="https://www.amazon.com/dp/B0B8L9QRW8?tag=eloabder-20&linkCode=osi&th=1&psc=1"><img src="https://m.media-amazon.com/images/I/518LgtpPi8L._SL500_.jpg" alt="Product Image"></a><p>Arm & Hammer Essentials Disposable Moisture Absorber and Odor Eliminator Tub, Fragrance Free, 1 lb, 3-Pack, Attracts and Traps Excess Moisture, Ideal Closet Dehumidifier, White</p><p>$24.94 ($0.52 / Ounce)</p><a href="https://www.amazon.com/dp/B0B8L9QRW8?tag=eloabder-20&linkCode=osi&th=1&psc=1">View Product</a></div><div class="product"><a href="https://www.amazon.com/dp/B09W9TPJGZ?tag=eloabder-20&linkCode=osi&th=1&psc=1"><img src="https://m.media-amazon.com/images/I/51pVTVMwHbL._SL500_.jpg" alt="Product Image"></a><p>THECOSKY Dehumidifier and Air Purifier Combo,HEPA H13 Filter and Negative Air Ion Function,54oz(1.6L) Water Tank with Drain Hose,24hrs Auto-Off Timer,Idea for Bedroom,Bathroom,Closet,RV</p><p>$109.99</p><a href="https://www.amazon.com/dp/B09W9TPJGZ?tag=eloabder-20&linkCode=osi&th=1&psc=1">View Product</a></div><div class="product"><a href="https://www.amazon.com/dp/B0CXDG65LZ?tag=eloabder-20&linkCode=osi&th=1&psc=1"><img src="https://m.media-amazon.com/images/I/41HNflmbKHL._SL500_.jpg" alt="Product Image"></a><p>14 x 17.5 x1.75 MERV 13 Replacement Dehumidifier Filter Compatible with Santa Fe Advance90, Advance100, Advance120, Honeywell DR90 & DR120 dehumidifier models, 2 Pack</p><p>$42.99</p><a href="https://www.amazon.com/dp/B0CXDG65LZ?tag=eloabder-20&linkCode=osi&th=1&psc=1">View Product</a></div>
<div class="product"><a href="https://www.amazon.com/dp/B088B921NQ?tag=eloabder-20&linkCode=osi&th=1&psc=1"><img src="https://m.media-amazon.com/images/I/612e4cT3RYL._SL500_.jpg" alt="Product Image"></a><p>ULTTY H13 HEPA Replacement Filter with Medical Coating, True HEPA Filter For R021/ R020 Purifying Fan, Medium</p><p>$29.99</p><a href="https://www.amazon.com/dp/B088B921NQ?tag=eloabder-20&linkCode=osi&th=1&psc=1">View Product</a></div><div class="product"><a href="https://www.amazon.com/dp/B0D2MZ4Y7Z?tag=eloabder-20&linkCode=osi&th=1&psc=1"><img src="https://m.media-amazon.com/images/I/51KgTHizWyL._SL500_.jpg" alt="Product Image"></a><p>Butto 5-Pack Ceiling Fan Filters for Blades - Strong Adhesive Ceiling Fan Filters for Common Household Contaminants - Unscented Coconut Carbon Fan Air Purifier Pads to Make Air Fresh and Natural</p><p>$9.98</p><a href="https://www.amazon.com/dp/B0D2MZ4Y7Z?tag=eloabder-20&linkCode=osi&th=1&psc=1">View Product</a></div><div class="product"><a href="https://www.amazon.com/dp/B0C42HCM21?tag=eloabder-20&linkCode=osi&th=1&psc=1"><img src="https://m.media-amazon.com/images/I/31jk3lpoygL._SL500_.jpg" alt="Product Image"></a><p>Barnakl Ceiling Fan Filters | Activated Coconut Shell Carbon Filter | Easy-Stick Universal Ceiling Fan Air Filters | Unscented Ceiling Fan Blade Filters for Common Household Contaminants, (3-Count)</p><p>$19.99 ($6.66 / Count)</p><a href="https://www.amazon.com/dp/B0C42HCM21?tag=eloabder-20&linkCode=osi&th=1&psc=1">View Product</a></div>
<div class="product"><a href="https://www.amazon.com/dp/B08LZWP29P?tag=eloabder-20&linkCode=osi&th=1&psc=1"><img src="https://m.media-amazon.com/images/I/41NLuzzFW9L._SL500_.jpg" alt="Product Image"></a><p>Chromex Tankless Water Heater Descaling Solution | Highly Effective Descaler Restores Heating Efficiency, Quart, 32 fl oz (1)</p><p>$26.99</p><a href="https://www.amazon.com/dp/B08LZWP29P?tag=eloabder-20&linkCode=osi&th=1&psc=1">View Product</a></div>

<div class="product"><a href="https://www.amazon.com/dp/B005UO4OWQ?tag=eloabder-20&linkCode=osi&th=1&psc=1"><img src="https://m.media-amazon.com/images/I/41oQPKFofoL._SL500_.jpg" alt="Product Image"></a><p>Bissell 203-7458 Brushroll, Bg10/86T3, Black</p><p>$21.26 ($21.26 / Count)</p><a href="https://www.amazon.com/dp/B005UO4OWQ?tag=eloabder-20&linkCode=osi&th=1&psc=1">View Product</a></div>





















<div class="product"><a href="https://www.amazon.com/dp/B0014J7FUY?tag=eloabder-20&linkCode=osi&th=1&psc=1"><img src="https://m.media-amazon.com/images/I/31QrM+IPxOL._SL500_.jpg" alt="Product Image"></a><p>Urnex Grindz Professional Coffee Grinder Cleaning Tablets - 430 Grams - All Natural Food Safe Gluten Free - Cleans Burr and Casing - Help Extend Life of Your Grinder</p><p>$25.99 ($1.71 / Ounce)</p><a href="https://www.amazon.com/dp/B0014J7FUY?tag=eloabder-20&linkCode=osi&th=1&psc=1">View Product</a></div>



<div class="product"><a href="https://www.amazon.com/dp/B0CHW317SG?tag=eloabder-20&linkCode=osi&th=1&psc=1"><img src="https://m.media-amazon.com/images/I/41Qd5Iu3qBL._SL500_.jpg" alt="Product Image"></a><p>EUHOMY 55 Can Beverage Refrigerator cooler-Mini Fridge Glass Door for Beer Drinks Wines, Freestanding Beverage Fridge with Adjustable Shelves Blue LED for Home/Office/Dorm/Bar (1.3cu.ft)</p><p>$128.99</p><a href="https://www.amazon.com/dp/B0CHW317SG?tag=eloabder-20&linkCode=osi&th=1&psc=1">View Product</a></div>

<div class="product"><a href="https://www.amazon.com/dp/B099CN2MRK?tag=eloabder-20&linkCode=osi&th=1&psc=1"><img src="https://m.media-amazon.com/images/I/31CvUCIUX5L._SL500_.jpg" alt="Product Image"></a><p>Genuine PuroAir 240 Replacement Filter - Replacement HEPA Filter for PuroAir 240 Purifier - Captures up to 99% of Pollen, Smoke, Pollen, Dust and Common Household Pollutants</p><p>$48.00</p><a href="https://www.amazon.com/dp/B099CN2MRK?tag=eloabder-20&linkCode=osi&th=1&psc=1">View Product</a></div><div class="product"><a href="https://www.amazon.com/dp/B0055521W0?tag=eloabder-20&linkCode=osi&th=1&psc=1"><img src="https://m.media-amazon.com/images/I/41Hs7ixdyXL._SL500_.jpg" alt="Product Image"></a><p>GermGuardian Filter B HEPA Pure Genuine Air Purifier Replacement Filter, Removes 99.97% of Pollutants for AC4825, AC4300, AC4900, AC4825DLX, AC4850, CDAP4500, AP2200, Black/Yellow, FLT4825</p><p>$17.90 ($17.90 / Count)</p><a href="https://www.amazon.com/dp/B0055521W0?tag=eloabder-20&linkCode=osi&th=1&psc=1">View Product</a></div><div class="product"><a href="https://www.amazon.com/dp/B0BNMYKZPV?tag=eloabder-20&linkCode=osi&th=1&psc=1"><img src="https://m.media-amazon.com/images/I/41-K3mB6KkL._SL500_.jpg" alt="Product Image"></a><p>2 Pack True HEPA KILO Filter Compatible with Afloia KILO, KILOPLUS, KILOPRO, MIRO,MIRO PRO and MORENTO MR-Kilo, Kalo Air Purifier, 360Â° 3-Stage Filtration</p><p>$34.99 ($17.50 / Count)</p><a href="https://www.amazon.com/dp/B0BNMYKZPV?tag=eloabder-20&linkCode=osi&th=1&psc=1">View Product</a></div><div class="product"><a href="https://www.amazon.com/dp/B0D3M4Y9W7?tag=eloabder-20&linkCode=osi&th=1&psc=1"><img src="https://m.media-amazon.com/images/I/41tzW+mkZuL._SL500_.jpg" alt="Product Image"></a><p>Breshair 14 True HEPA Filter Replacement Compatible with PuroAir 240 Air Purifier, 3-in-1 Filtration System with Activated Carbon Filter, 2-Pack</p><p>$31.56 ($15.78 / Count)</p><a href="https://www.amazon.com/dp/B0D3M4Y9W7?tag=eloabder-20&linkCode=osi&th=1&psc=1">View Product</a></div><div class="product"><a href="https://www.amazon.com/dp/B0CB18MVX6?tag=eloabder-20&linkCode=osi&th=1&psc=1"><img src="https://m.media-amazon.com/images/I/519ZmmLOrzL._SL500_.jpg" alt="Product Image"></a><p>2 Pack 3-in-1 H13 True HEPA Replacement Filter Compatible with Pure Enrichment PureZone Air Purifier Part# PEAIRPLG</p><p>$23.99 ($12.00 / Count)</p><a href="https://www.amazon.com/dp/B0CB18MVX6?tag=eloabder-20&linkCode=osi&th=1&psc=1">View Product</a></div><div class="product"><a href="https://www.amazon.com/dp/B08JTZMRML?tag=eloabder-20&linkCode=osi&th=1&psc=1"><img src="https://m.media-amazon.com/images/I/51yx60sCjHL._SL500_.jpg" alt="Product Image"></a><p>6 Pack HPA300 HEPA Filter Replacement for Honeywell HPA300 Series Air Purifiers HPA300, HPA300VP, HPA304, HPA3300, Replace HRF-R3 (6 Ture HEPA R Replacement Filter + 8 Activated Carbon Pre-Filter)</p><p>$47.99 ($3.43 / Count)</p><a href="https://www.amazon.com/dp/B08JTZMRML?tag=eloabder-20&linkCode=osi&th=1&psc=1">View Product</a></div><div class="product"><a href="https://www.amazon.com/dp/B0CF1GLSYS?tag=eloabder-20&linkCode=osi&th=1&psc=1"><img src="https://m.media-amazon.com/images/I/41709EXRzXL._SL500_.jpg" alt="Product Image"></a><p>CHIVALZ 4 Pack HY4866 True HEPA Replacement Filters Compatible with MORENTO HY4866 Air Purifier, WESTHEY HY4866 Air Purifier and YIOU M1 Air Cleaner Purifier, Original Version</p><p>$39.99 ($10.00 / Count)</p><a href="https://www.amazon.com/dp/B0CF1GLSYS?tag=eloabder-20&linkCode=osi&th=1&psc=1">View Product</a></div>







<div class="product"><a href="https://www.amazon.com/dp/B0CYKMFKR9?tag=eloabder-20&linkCode=osi&th=1&psc=1"><img src="https://m.media-amazon.com/images/I/316zU-ozoxL._SL500_.jpg" alt="Product Image"></a><p>Air Purifier Replacement Filter for Space Heater Bladeless Fan</p><p>$29.99</p><a href="https://www.amazon.com/dp/B0CYKMFKR9?tag=eloabder-20&linkCode=osi&th=1&psc=1">View Product</a></div>
<div class="product"><a href="https://www.amazon.com/dp/B07MRH6VY7?tag=eloabder-20&linkCode=osi&th=1&psc=1"><img src="https://m.media-amazon.com/images/I/51g-nuN4A5L._SL500_.jpg" alt="Product Image"></a><p>Colorfullife Replacement Air Purifier Filter for Dyson Tower Purifier Pure Cool Link TP01, TP02, TP03, BP01, Compare to Part 968126-03ï¼Œ2 Pack</p><p>$26.99</p><a href="https://www.amazon.com/dp/B07MRH6VY7?tag=eloabder-20&linkCode=osi&th=1&psc=1">View Product</a></div><div class="product"><a href="https://www.amazon.com/dp/B07TX5SW7J?tag=eloabder-20&linkCode=osi&th=1&psc=1"><img src="https://m.media-amazon.com/images/I/512Kn+cPglL._SL500_.jpg" alt="Product Image"></a><p>TP01 HEPA Filter Replacement Compatible with Dyson Tower Purifier Pure Cool Link TP01, TP02, TP03, AM11, BP01 Models, Compare to Part # 968126-03 (Pack of 2)</p><p>$27.95 ($13.98 / Count)</p><a href="https://www.amazon.com/dp/B07TX5SW7J?tag=eloabder-20&linkCode=osi&th=1&psc=1">View Product</a></div><div class="product"><a href="https://www.amazon.com/dp/B0CC24GZGB?tag=eloabder-20&linkCode=osi&th=1&psc=1"><img src="https://m.media-amazon.com/images/I/41woNpZ9VgL._SL500_.jpg" alt="Product Image"></a><p>TP01 TP02 Filter Compatible with Dyson Pure Cool Link Purifying Tower Fan TP00 TP03 AM11 and Cool Me BP01 Personal Series, 360Â° Air Purifier Filter Replacement 968126-03, 1-Pack</p><p>$25.99</p><a href="https://www.amazon.com/dp/B0CC24GZGB?tag=eloabder-20&linkCode=osi&th=1&psc=1">View Product</a></div><div class="product"><a href="https://www.amazon.com/dp/B0CX23N2JJ?tag=eloabder-20&linkCode=osi&th=1&psc=1"><img src="https://m.media-amazon.com/images/I/3145hmd5j7L._SL500_.jpg" alt="Product Image"></a><p>Dreo Air Purifiers Replacement Filter, HEPA Filter for Dreo Purifier Tower Fan MC710S, with 2 Stage Filtration, Black, Standard(DR-HPA019)</p><p>$39.99</p><a href="https://www.amazon.com/dp/B0CX23N2JJ?tag=eloabder-20&linkCode=osi&th=1&psc=1">View Product</a></div>










<div class="product"><a href="https://www.amazon.com/dp/B001U0OJ7O?tag=eloabder-20&linkCode=osi&th=1&psc=1"><img src="https://m.media-amazon.com/images/I/41XEg3QV-wL._SL500_.jpg" alt="Product Image"></a><p>Whirlpool W10165294RB 15-Inch Plastic Trash Compactor ct, 60 Bags, Count</p><p>$48.34</p><a href="https://www.amazon.com/dp/B001U0OJ7O?tag=eloabder-20&linkCode=osi&th=1&psc=1">View Product</a></div><div class="product"><a href="https://www.amazon.com/dp/B0CC3V4ZZ4?tag=eloabder-20&linkCode=osi&th=1&psc=1"><img src="https://m.media-amazon.com/images/I/31bbvodHnjL._SL500_.jpg" alt="Product Image"></a><p>Waste Smasher- Hand-Held Manual Trash Compactor Dishwasher Safe Black</p><p>$24.95</p><a href="https://www.amazon.com/dp/B0CC3V4ZZ4?tag=eloabder-20&linkCode=osi&th=1&psc=1">View Product</a></div><div class="product"><a href="https://www.amazon.com/dp/B00IYO5914?tag=eloabder-20&linkCode=osi&th=1&psc=1"><img src="https://m.media-amazon.com/images/I/51SLpTXIYNL._SL500_.jpg" alt="Product Image"></a><p>Kitchen Master Super Strong Compactor Bags Pre Cuffed (12 Pack)</p><p>$34.95</p><a href="https://www.amazon.com/dp/B00IYO5914?tag=eloabder-20&linkCode=osi&th=1&psc=1">View Product</a></div><div class="product"><a href="https://www.amazon.com/dp/B075DJ4ZVQ?tag=eloabder-20&linkCode=osi&th=1&psc=1"><img src="https://m.media-amazon.com/images/I/51Vaek4I89L._SL500_.jpg" alt="Product Image"></a><p>Dano Pre-Cuffed Compactor Bags</p><p>$32.95 ($2.75 / Count)</p><a href="https://www.amazon.com/dp/B075DJ4ZVQ?tag=eloabder-20&linkCode=osi&th=1&psc=1">View Product</a></div><div class="product"><a href="https://www.amazon.com/dp/B0C2DCVCBJ?tag=eloabder-20&linkCode=osi&th=1&psc=1"><img src="https://m.media-amazon.com/images/I/51072CtaKuL._SL500_.jpg" alt="Product Image"></a><p>60-pack W10165294RB Trash Compactor Bags - leak-proof trash compactor bags for kitchen 60-ct 15 inches - Fits 15-inch Rectangular Drawer Compactors</p><p>$45.99 ($0.77 / Count)</p><a href="https://www.amazon.com/dp/B0C2DCVCBJ?tag=eloabder-20&linkCode=osi&th=1&psc=1">View Product</a></div><div class="product"><a href="https://www.amazon.com/dp/B001U0OJ7E?tag=eloabder-20&linkCode=osi&th=1&psc=1"><img src="https://m.media-amazon.com/images/I/41c0z26RyvL._SL500_.jpg" alt="Product Image"></a><p>Whirlpool W10165293RB Genuine OEM 60 Pack-Plastic Compactor Bags-18" Models â€“ 1394369, 4178058, 4318932, 4318933, 4318935, 4318937, 4318939, AH1964576, EA1964576, PS1964576</p><p>$48.64 ($0.81 / Count)</p><a href="https://www.amazon.com/dp/B001U0OJ7E?tag=eloabder-20&linkCode=osi&th=1&psc=1">View Product</a></div><div class="product"><a href="https://www.amazon.com/dp/B00W27J16S?tag=eloabder-20&linkCode=osi&th=1&psc=1"><img src="https://m.media-amazon.com/images/I/41RaOjAGlrL._SL500_.jpg" alt="Product Image"></a><p>Compactor Bags Pre Cuffed (50 Pack)</p><p>$84.95 ($1.70 / count)</p><a href="https://www.amazon.com/dp/B00W27J16S?tag=eloabder-20&linkCode=osi&th=1&psc=1">View Product</a></div><div class="product"><a href="https://www.amazon.com/dp/B00MOCYY2W?tag=eloabder-20&linkCode=osi&th=1&psc=1"><img src="https://m.media-amazon.com/images/I/41SH8mDsAnL._SL500_.jpg" alt="Product Image"></a><p>GE WX60X1 Genuine OEM Universal Trash Compactor Bags for GE Trash Compactors</p><p>$19.00</p><a href="https://www.amazon.com/dp/B00MOCYY2W?tag=eloabder-20&linkCode=osi&th=1&psc=1">View Product</a></div><div class="product"><a href="https://www.amazon.com/dp/B0D7SFSTNG?tag=eloabder-20&linkCode=osi&th=1&psc=1"><img src="https://m.media-amazon.com/images/I/41szt9tZJPL._SL500_.jpg" alt="Product Image"></a><p>4PCS Trash Compactor Charcoal Air Filter Fit for Whirlpool/KitchenAid/Maytag/Jenn-Air/Amana/Inglis/Magic Chef Trash Compactor, Replaces 4151750 554358 WP4151750 AP6009134 PS11742279</p><p>$23.59 ($5.90 / Count)</p><a href="https://www.amazon.com/dp/B0D7SFSTNG?tag=eloabder-20&linkCode=osi&th=1&psc=1">View Product</a></div>
<div class="product"><a href="https://www.amazon.com/dp/B0CGLX5ZB9?tag=eloabder-20&linkCode=osi&th=1&psc=1"><img src="https://m.media-amazon.com/images/I/51qeRZQS98L._SL500_.jpg" alt="Product Image"></a><p>Spare Replacement Parts Compatible with MAMNV BR150 BR151, ZCWA BR150 BR151, MANVINS G20 Robot Vacuum and Mop Combo Accessories Include: 3 Hepa Filters 3 Mop Pads 6 Side Spin Brushes</p><p>$9.98</p><a href="https://www.amazon.com/dp/B0CGLX5ZB9?tag=eloabder-20&linkCode=osi&th=1&psc=1">View Product</a></div><div class="product"><a href="https://www.amazon.com/dp/B0B28DGZBG?tag=eloabder-20&linkCode=osi&th=1&psc=1"><img src="https://m.media-amazon.com/images/I/51ooMN4RqML._SL500_.jpg" alt="Product Image"></a><p>Replacement Parts for Shark AI AV2511AE AV2501S AV2610WA AV2501AE RV2502AE RV2610WA RV2520 AV2510 2-In-1 AI Ultra Robot Vacuum Cleaner Accessories Kits. Main Brush, HEPA Filter, Foam Filter,Side Brush</p><p>$19.99 ($1.05 / Count)</p><a href="https://www.amazon.com/dp/B0B28DGZBG?tag=eloabder-20&linkCode=osi&th=1&psc=1">View Product</a></div><div class="product"><a href="https://www.amazon.com/dp/B0782T7L6P?tag=eloabder-20&linkCode=osi&th=1&psc=1"><img src="https://m.media-amazon.com/images/I/41hTVkuzMJL._SL500_.jpg" alt="Product Image"></a><p>10pcs HEPA Filters Replacement for ILIFE V3s V3s pro V5 V5s V5s Pro V5s Pro 2 V5s Plus Noisz S5 Robotic Vacuum Cleaner ILIFE V3s pro Filters ILIFE Robot Vacuum Filter</p><p>$9.80 ($0.98 / Count)</p><a href="https://www.amazon.com/dp/B0782T7L6P?tag=eloabder-20&linkCode=osi&th=1&psc=1">View Product</a></div><div class="product"><a href="https://www.amazon.com/dp/B0CXLVHTTC?tag=eloabder-20&linkCode=osi&th=1&psc=1"><img src="https://m.media-amazon.com/images/I/51BT3phYzKL._SL500_.jpg" alt="Product Image"></a><p>HUIZHEN Spare Accessories for MAMNV BR150/BR151, for ZCWA BR150/BR151, for MANVINS G20,for GTTVO BR150/BR151,for ONSON BR150/BR151 Robot Vacuum Replacement Parts,6 Side Brush,4 HEPA Filters,4 Mop Pads</p><p>$9.99</p><a href="https://www.amazon.com/dp/B0CXLVHTTC?tag=eloabder-20&linkCode=osi&th=1&psc=1">View Product</a></div><div class="product"><a href="https://www.amazon.com/dp/B08RYDDQL8?tag=eloabder-20&linkCode=osi&th=1&psc=1"><img src="https://m.media-amazon.com/images/I/314Xd7+oBXL._SL500_.jpg" alt="Product Image"></a><p>AirClean 4 Pack 3.7" High Replacement Base Pre-Motor Foam Filters Compatible with Shark IQ Robot Vacuum R101AE RV1001AE UR1005AE Self-Empty Base</p><p>$12.99 ($3.25 / Count)</p><a href="https://www.amazon.com/dp/B08RYDDQL8?tag=eloabder-20&linkCode=osi&th=1&psc=1">View Product</a></div><div class="product"><a href="https://www.amazon.com/dp/B0CJLHJ557?tag=eloabder-20&linkCode=osi&th=1&psc=1"><img src="https://m.media-amazon.com/images/I/41iQm8hUjiL._SL500_.jpg" alt="Product Image"></a><p>Replacement Parts Compatible with WYZE Robot Vacuum Cleaner WVCR200S Accessories, 2 Main Brushes, 6 Hepa Filters, 8 Side Brushes Attachment Spare Pack</p><p>$14.99 ($0.94 / Count)</p><a href="https://www.amazon.com/dp/B0CJLHJ557?tag=eloabder-20&linkCode=osi&th=1&psc=1">View Product</a></div>
<div class="product"><a href="https://www.amazon.com/dp/B0C4595Q8P?tag=eloabder-20&linkCode=osi&th=1&psc=1"><img src="https://m.media-amazon.com/images/I/51k23SAtRxL._SL500_.jpg" alt="Product Image"></a><p>4 Pack FSV001 HEPA Filter Compatiable with Fabuletta FSV101, FSV001, Girnoor G160&G165, Afoddon A300, Lubluelu 202, Oraimo Cordless Vacuum Cleaner, Besswin W26 Cordless Stick Vacuum Cleaners</p><p>$15.99 ($4.00 / Count)</p><a href="https://www.amazon.com/dp/B0C4595Q8P?tag=eloabder-20&linkCode=osi&th=1&psc=1">View Product</a></div>
<div class="product"><a href="https://www.amazon.com/dp/B0BNKJX96X?tag=eloabder-20&linkCode=osi&th=1&psc=1"><img src="https://m.media-amazon.com/images/I/41OPeLFppoL._SL500_.jpg" alt="Product Image"></a><p>6 PACK 2033 Replacement Filter Compatible with Bissell Featherweight Stick Lightweight Bagless Vacuum Cleaner 20331, 20333, 20334, 20336, 20339, 2033M,6 Mesh Filter 6 Foam Filters, Replace # 1611508</p><p>$14.99 ($2.50 / Count)</p><a href="https://www.amazon.com/dp/B0BNKJX96X?tag=eloabder-20&linkCode=osi&th=1&psc=1">View Product</a></div><div class="product"><a href="https://www.amazon.com/dp/B0CMBWLTSM?tag=eloabder-20&linkCode=osi&th=1&psc=1"><img src="https://m.media-amazon.com/images/I/41PHqKaLTDL._SL500_.jpg" alt="Product Image"></a><p>18V ONE + Cordless Pet Stick Vacuum Filter for Ryobi, PCL720, PBLSV716, PBLSV717 Stick Vacuum, Reusable Washable Filters, Compare to Part A32SV720N, 6 Pack</p><p>$15.99 ($2.66 / Count)</p><a href="https://www.amazon.com/dp/B0CMBWLTSM?tag=eloabder-20&linkCode=osi&th=1&psc=1">View Product</a></div><div class="product"><a href="https://www.amazon.com/dp/B0CXDYWWT9?tag=eloabder-20&linkCode=osi&th=1&psc=1"><img src="https://m.media-amazon.com/images/I/41F1csTT8jL._SL500_.jpg" alt="Product Image"></a><p>2 Replacement Filters for Craftsman V20 Cordless Stick Vacuum CMCVS001D1, for Black Decker BSVF1 BSV2020 BSV2020G BSV2020P Cordless Stick Vacuum Cleaner with 1 Cleaning Brush</p><p>$14.99</p><a href="https://www.amazon.com/dp/B0CXDYWWT9?tag=eloabder-20&linkCode=osi&th=1&psc=1">View Product</a></div><div class="product"><a href="https://www.amazon.com/dp/B0CCJ5N5DH?tag=eloabder-20&linkCode=osi&th=1&psc=1"><img src="https://m.media-amazon.com/images/I/41xmhDPqk8L._SL500_.jpg" alt="Product Image"></a><p>Aolleteau 1 Pack Brush Roller Compatible with Black + Decker BSV2020, BSV2020P, BSV2020G Powerseries Extreme Cordless Stick Vacuum and Compatible with Craftsman V20 Cordless Stick Vacuum CMCVS001D1</p><p>$17.99</p><a href="https://www.amazon.com/dp/B0CCJ5N5DH?tag=eloabder-20&linkCode=osi&th=1&psc=1">View Product</a></div><div class="product"><a href="https://www.amazon.com/dp/B0CQY61LFD?tag=eloabder-20&linkCode=osi&th=1&psc=1"><img src="https://m.media-amazon.com/images/I/31swBBC444L._SL500_.jpg" alt="Product Image"></a><p>Tablenco for Shark HZ602 Filter Replacement Ultralight Pet Pro Corded Stick Vacuum and HZ2002 Vertex DuoClean PowerFins fit HZ2000 HZ251 HZ250 HH200 HH202,4 Foam Felt 4 Motor Kit (No cleaning brush)</p><p>$9.98</p><a href="https://www.amazon.com/dp/B0CQY61LFD?tag=eloabder-20&linkCode=osi&th=1&psc=1">View Product</a></div><div class="product"><a href="https://www.amazon.com/dp/B09Q55KW8W?tag=eloabder-20&linkCode=osi&th=1&psc=1"><img src="https://m.media-amazon.com/images/I/51MKsJy6nSL._SL500_.jpg" alt="Product Image"></a><p>Anicell 2033 Featherweight Filter for Bissell Featherweight Stick Lightweight Bagless Vacuum 20331 20333 20334 20336 20339 2033M, 4 Mesh Filters 6 Foam Filters Replacement, Replace part# 1611508</p><p>$11.99</p><a href="https://www.amazon.com/dp/B09Q55KW8W?tag=eloabder-20&linkCode=osi&th=1&psc=1">View Product</a></div><div class="product"><a href="https://www.amazon.com/dp/B0CDVG7LHD?tag=eloabder-20&linkCode=osi&th=1&psc=1"><img src="https://m.media-amazon.com/images/I/41hjN1Te6sL._SL500_.jpg" alt="Product Image"></a><p>Moreffi 3 Pack Filter Replacement For HART Cordless Stick Vacuum HPSV01 and HPSV50, Compare to Part Number HASV01</p><p>$19.99 ($6.66 / Count)</p><a href="https://www.amazon.com/dp/B0CDVG7LHD?tag=eloabder-20&linkCode=osi&th=1&psc=1">View Product</a></div>
<div class="product"><a href="https://www.amazon.com/dp/B07DQ9TZC8?tag=eloabder-20&linkCode=osi&th=1&psc=1"><img src="https://m.media-amazon.com/images/I/41PHyZ20FuL._SL500_.jpg" alt="Product Image"></a><p>Kenmore 53294 Style O HEPA Cloth Vacuum Bags for Kenmore Upright Vacuum Cleaners 6 Pack,White</p><p>$20.99 ($3.50 / Count)</p><a href="https://www.amazon.com/dp/B07DQ9TZC8?tag=eloabder-20&linkCode=osi&th=1&psc=1">View Product</a></div><div class="product"><a href="https://www.amazon.com/dp/B08MXVTTT2?tag=eloabder-20&linkCode=osi&th=1&psc=1"><img src="https://m.media-amazon.com/images/I/41T6wRpIMzL._SL500_.jpg" alt="Product Image"></a><p>Kenmore IB600 HEPA Replacement Intuition Upright Vacuum Cleaner Bags for BU4022, BU4020, BU4018, BU4050, BU3040,White</p><p>$18.75</p><a href="https://www.amazon.com/dp/B08MXVTTT2?tag=eloabder-20&linkCode=osi&th=1&psc=1">View Product</a></div><div class="product"><a href="https://www.amazon.com/dp/B01010JVYO?tag=eloabder-20&linkCode=osi&th=1&psc=1"><img src="https://m.media-amazon.com/images/I/51Anluh47GL._SL500_.jpg" alt="Product Image"></a><p>EnviroCare Replacement Micro Filtration Vacuum Cleaner Dust Bags Designed to fit Hoover Windtunnel Upright Type Y 9 pack</p><p>$9.89 ($1.10 / Count)</p><a href="https://www.amazon.com/dp/B01010JVYO?tag=eloabder-20&linkCode=osi&th=1&psc=1">View Product</a></div><div class="product"><a href="https://www.amazon.com/dp/B0D5CP3WBY?tag=eloabder-20&linkCode=osi&th=1&psc=1"><img src="https://m.media-amazon.com/images/I/31MaGmsVOwL._SL500_.jpg" alt="Product Image"></a><p>Bagless Upright Kenmore Vacuum HEPA Filters, Compatible with Foam Filters, Felt Filters and Upright vacuum cleaner for Models K4010,DU2015,DU2012(includes 1 Hepa Filters,2 Foam and 2 Felt Filters)</p><p>$12.99</p><a href="https://www.amazon.com/dp/B0D5CP3WBY?tag=eloabder-20&linkCode=osi&th=1&psc=1">View Product</a></div><div class="product"><a href="https://www.amazon.com/dp/B0CBFV28WX?tag=eloabder-20&linkCode=osi&th=1&psc=1"><img src="https://m.media-amazon.com/images/I/51LIYI0wXSL._SL500_.jpg" alt="Product Image"></a><p>16 Packs Vacuum Bags for Oreck Type CC, Compatible with All Oreck XL Upright Vacuum Cleaner - Replaces Part # CCPK8DW</p><p>$21.99 ($1.37 / Count)</p><a href="https://www.amazon.com/dp/B0CBFV28WX?tag=eloabder-20&linkCode=osi&th=1&psc=1">View Product</a></div><div class="product"><a href="https://www.amazon.com/dp/B00F9GQMHA?tag=eloabder-20&linkCode=osi&th=1&psc=1"><img src="https://m.media-amazon.com/images/I/51lhelurelL._SL500_.jpg" alt="Product Image"></a><p>EnviroCare Replacement Premium Vacuum Cleaner Dust Bags made to fit Eureka F&G Uprights 9 bags</p><p>$11.09</p><a href="https://www.amazon.com/dp/B00F9GQMHA?tag=eloabder-20&linkCode=osi&th=1&psc=1">View Product</a></div><div class="product"><a href="https://www.amazon.com/dp/B002CI8G1I?tag=eloabder-20&linkCode=osi&th=1&psc=1"><img src="https://m.media-amazon.com/images/I/51PYQrQpbSL._SL500_.jpg" alt="Product Image"></a><p>EnviroCare Replacement Micro Filtration Vacuum Cleaner Dust Bags made to fit Kenmore Upright Type U/L/O 50688 and 50690, Panasonic Type U-2, Miele Type Z. 9 pack</p><p>$9.99</p><a href="https://www.amazon.com/dp/B002CI8G1I?tag=eloabder-20&linkCode=osi&th=1&psc=1">View Product</a></div>
<div class="product"><a href="https://www.amazon.com/dp/B07GNQJ67P?tag=eloabder-20&linkCode=osi&th=1&psc=1"><img src="https://m.media-amazon.com/images/I/41XHnKbgjAL._SL500_.jpg" alt="Product Image"></a><p>Kenmore 53292 Type Q HEPA Replacement Dust Bags for Canister Vacuum 81214, 81414, 81714, 21814, BC2005, BC3005, 81615, BC7005, 6 Count (Pack of 1)</p><p>$13.24 ($2.21 / Count)</p><a href="https://www.amazon.com/dp/B07GNQJ67P?tag=eloabder-20&linkCode=osi&th=1&psc=1">View Product</a></div><div class="product"><a href="https://www.amazon.com/dp/B01L0C0FVK?tag=eloabder-20&linkCode=osi&th=1&psc=1"><img src="https://m.media-amazon.com/images/I/51ZIjbo9NVL._SL500_.jpg" alt="Product Image"></a><p>Envirocare Replacement Vacuum Bags Compatible with Kenmore Canister Type C/Q. 5055, 50557 and 50558 Panasonic Type C-5 Vacuums,15 pack</p><p>$16.16</p><a href="https://www.amazon.com/dp/B01L0C0FVK?tag=eloabder-20&linkCode=osi&th=1&psc=1">View Product</a></div><div class="product"><a href="https://www.amazon.com/dp/B0BTRTP2PM?tag=eloabder-20&linkCode=osi&th=1&psc=1"><img src="https://m.media-amazon.com/images/I/41K295aRv9L._SL500_.jpg" alt="Product Image"></a><p>Vacuum Cleaner Bags Fit for Kenmore Canister Type C/Q 50555 50557 50558 and Type C-5, 10PCs</p><p>$15.99</p><a href="https://www.amazon.com/dp/B0BTRTP2PM?tag=eloabder-20&linkCode=osi&th=1&psc=1">View Product</a></div><div class="product"><a href="https://www.amazon.com/dp/B0CRQYGLZX?tag=eloabder-20&linkCode=osi&th=1&psc=1"><img src="https://m.media-amazon.com/images/I/413iXp+j3ML._SL500_.jpg" alt="Product Image"></a><p>15 Pack Canister Vacuum Cleaner Bags Compatible with Kenmore Canister Type C/Q 5055, 50555, 50557, 50558 and Type C-5, C-18, 53292, 200 Series, 400 Series, 600 Series, 700 Series, 800 Series Vacuum</p><p>$11.69</p><a href="https://www.amazon.com/dp/B0CRQYGLZX?tag=eloabder-20&linkCode=osi&th=1&psc=1">View Product</a></div><div class="product"><a href="https://www.amazon.com/dp/B00QGD3SBI?tag=eloabder-20&linkCode=osi&th=1&psc=1"><img src="https://m.media-amazon.com/images/I/51xw0asyqTL._SL500_.jpg" alt="Product Image"></a><p>EnviroCare Replacement Vacuum Bags made to fit Kenmore Canister Type C or Q 50555, 50558, 50557 and Panasonic Type C-5 Vacuums, 9 pack</p><p>$9.79</p><a href="https://www.amazon.com/dp/B00QGD3SBI?tag=eloabder-20&linkCode=osi&th=1&psc=1">View Product</a></div><div class="product"><a href="https://www.amazon.com/dp/B0CQP9NP5N?tag=eloabder-20&linkCode=osi&th=1&psc=1"><img src="https://m.media-amazon.com/images/I/41WnNkTz8zL._SL500_.jpg" alt="Product Image"></a><p>8 Pack Replacement Vacuum Bags Compatible with Kenmore Canister Type C/Q. 5055, 50104, 50557 and 50558 Panasonic Type C-5 Vacuums</p><p>$9.99 ($1.25 / Count)</p><a href="https://www.amazon.com/dp/B0CQP9NP5N?tag=eloabder-20&linkCode=osi&th=1&psc=1">View Product</a></div>
<div class="product"><a href="https://www.amazon.com/dp/B09M3Y2BHR?tag=eloabder-20&linkCode=osi&th=1&psc=1"><img src="https://m.media-amazon.com/images/I/31tevngai1L._SL500_.jpg" alt="Product Image"></a><p>Ymimi Vacuum Filter Compatible with Eureka WhirlWind Bagless Canister Vacuum Cleaner,Fits NEN110A,NEN110B,NEN110Dï¼ˆ2-Packï¼‰</p><p>$11.99 ($6.00 / Count)</p><a href="https://www.amazon.com/dp/B09M3Y2BHR?tag=eloabder-20&linkCode=osi&th=1&psc=1">View Product</a></div><div class="product"><a href="https://www.amazon.com/dp/B07J1WWBHN?tag=eloabder-20&linkCode=osi&th=1&psc=1"><img src="https://m.media-amazon.com/images/I/51gmkDrnR2L._SL500_.jpg" alt="Product Image"></a><p>Bissell Powerforce Helix Bagless Washable Premotor Filter #1608225, Black</p><p>$7.78</p><a href="https://www.amazon.com/dp/B07J1WWBHN?tag=eloabder-20&linkCode=osi&th=1&psc=1">View Product</a></div><div class="product"><a href="https://www.amazon.com/dp/B0BK64TMMK?tag=eloabder-20&linkCode=osi&th=1&psc=1"><img src="https://m.media-amazon.com/images/I/41OBMvET7eL._SL500_.jpg" alt="Product Image"></a><p>Vacuum Belt Replacement for Bissell Cleanview Swivel Pet Upright Bagless/Powerlifter Vacuum Cleaner, fits model: 2252, 2254, 22543, 2258,2259, 2260,2316, 2739, 1793, Parts # 3031120, 32074</p><p>$6.99</p><a href="https://www.amazon.com/dp/B0BK64TMMK?tag=eloabder-20&linkCode=osi&th=1&psc=1">View Product</a></div><div class="product"><a href="https://www.amazon.com/dp/B0BKKL3WRB?tag=eloabder-20&linkCode=osi&th=1&psc=1"><img src="https://m.media-amazon.com/images/I/410jMe-FjIL._SL500_.jpg" alt="Product Image"></a><p>Aolleteau F1 HEPA Filter Compatible with Dirt Devil Bagless Upright Cleaner Models Extra Lite, Breeze, Featherlite Bagless, Jaguar Bagless,Platinum Force Vision, Scorpion and Vision Bagless (2 Pack)</p><p>$13.99 ($7.00 / Count)</p><a href="https://www.amazon.com/dp/B0BKKL3WRB?tag=eloabder-20&linkCode=osi&th=1&psc=1">View Product</a></div><div class="product"><a href="https://www.amazon.com/dp/B09SG1P4WN?tag=eloabder-20&linkCode=osi&th=1&psc=1"><img src="https://m.media-amazon.com/images/I/51+Mr+Wq5ML._SL500_.jpg" alt="Product Image"></a><p>NEN110A Vacuum Filter, Inlet Frame and Sponge Filter Compatible with Eureka Whirlwind Bagless Canister Vacuum Cleaner, Fits NEN110A, NEN110B, NEN110D(4-Pack)</p><p>$15.99 ($4.00 / Count)</p><a href="https://www.amazon.com/dp/B09SG1P4WN?tag=eloabder-20&linkCode=osi&th=1&psc=1">View Product</a></div>
<div class="product"><a href="https://www.amazon.com/dp/B07GT9VB9X?tag=eloabder-20&linkCode=osi&th=1&psc=1"><img src="https://m.media-amazon.com/images/I/41IokheYtNL._SL500_.jpg" alt="Product Image"></a><p>6 Pack 1940 Bissell Steam Mop Pads for Bissell PowerFresh Steam Mop 1806 1544 1440 2075A 2685A 1940W 19404 Series, Model 19402 19408 1940a 1940f 1940q 1940t B0006 B0017, Part #5938#203-2633</p><p>$16.99 ($2.83 / Count)</p><a href="https://www.amazon.com/dp/B07GT9VB9X?tag=eloabder-20&linkCode=osi&th=1&psc=1">View Product</a></div><div class="product"><a href="https://www.amazon.com/dp/B07H3MYZLD?tag=eloabder-20&linkCode=osi&th=1&psc=1"><img src="https://m.media-amazon.com/images/I/511p6MPxQ0L._SL500_.jpg" alt="Product Image"></a><p>Flammi Steam Pocket Mop Replacement Pads for Shark S3500 Series S3501 S3601 S3550 S3901 SE450 S3801CO S3601D S2901 S2902 Steam Pocket Mop, 4 Pack</p><p>$16.97 ($4.24 / Count)</p><a href="https://www.amazon.com/dp/B07H3MYZLD?tag=eloabder-20&linkCode=osi&th=1&psc=1">View Product</a></div><div class="product"><a href="https://www.amazon.com/dp/B0C8SH97HN?tag=eloabder-20&linkCode=osi&th=1&psc=1"><img src="https://m.media-amazon.com/images/I/31Mex4y7odL._SL500_.jpg" alt="Product Image"></a><p>HOMEXCEL Steam Mop Replacement Pads Compatible with Bissell Powerfresh Steam Mop 1940 1806 1440 1544 Series, Model 19402 19404 19408 2685A 2075A 1940A 1940Q 1940T 1940W, Steam Mop Pads Refills,4 Pack</p><p>$9.99 ($2.50 / Count)</p><a href="https://www.amazon.com/dp/B0C8SH97HN?tag=eloabder-20&linkCode=osi&th=1&psc=1">View Product</a></div><div class="product"><a href="https://www.amazon.com/dp/B0BFWTXS33?tag=eloabder-20&linkCode=osi&th=1&psc=1"><img src="https://m.media-amazon.com/images/I/51pa2h7o0EL._SL500_.jpg" alt="Product Image"></a><p>12 Pack 1940 Steam Mop Replacement Pads for Bissell Powerfresh Steam Mop 1940 1440 1806 1544 2075 2685A 2814 Series, Model 19402 19404 19408 19409 1940A 1940F 1940Q 1940T 1940W B0006 B0017 2075A 15441</p><p>$24.99</p><a href="https://www.amazon.com/dp/B0BFWTXS33?tag=eloabder-20&linkCode=osi&th=1&psc=1">View Product</a></div><div class="product"><a href="https://www.amazon.com/dp/B0CLP5QGTY?tag=eloabder-20&linkCode=osi&th=1&psc=1"><img src="https://m.media-amazon.com/images/I/414HqpKde9L._SL500_.jpg" alt="Product Image"></a><p>10 Pack 1940 1806 2685A Steam Mop Pads For Bissell Powerfresh Steam Mop Deluxe Pet Lift-Off Plus Slim Scrubbing Steam Mop Replacement Pad 1940A 2814 1544A 2075A Power Fresh Steamer Pad Refill Washable</p><p>$22.99 ($2.30 / Count)</p><a href="https://www.amazon.com/dp/B0CLP5QGTY?tag=eloabder-20&linkCode=osi&th=1&psc=1">View Product</a></div><div class="product"><a href="https://www.amazon.com/dp/B078BBKBPV?tag=eloabder-20&linkCode=osi&th=1&psc=1"><img src="https://m.media-amazon.com/images/I/51WcJqtOUIL._SL500_.jpg" alt="Product Image"></a><p>Tidy Monster Steam Mop Replacement Pads Compatible with Bissell Powerfresh Steam Mop 1940 1806 1544 1440 2075A 2685A Series, Part # 5938 & 203-2633, 1606668 & 1606669 (4 Pack Scrub Plush)</p><p>$9.99</p><a href="https://www.amazon.com/dp/B078BBKBPV?tag=eloabder-20&linkCode=osi&th=1&psc=1">View Product</a></div><div class="product"><a href="https://www.amazon.com/dp/B00A6G37SU?tag=eloabder-20&linkCode=osi&th=1&psc=1"><img src="https://m.media-amazon.com/images/I/51xo0LB-SpL._SL500_.jpg" alt="Product Image"></a><p>BISSELL PowerFresh Steam Mop Pads (Pack of 2) with Fragrance discs (4 ct), 5938</p><p>$21.26 ($10.63 / Count)</p><a href="https://www.amazon.com/dp/B00A6G37SU?tag=eloabder-20&linkCode=osi&th=1&psc=1">View Product</a></div>
<div class="product"><a href="https://www.amazon.com/dp/B0D2QFVY7H?tag=eloabder-20&linkCode=osi&th=1&psc=1"><img src="https://m.media-amazon.com/images/I/417B7H+vvML._SL500_.jpg" alt="Product Image"></a><p>Kenmore KS1010 Deep Clean & Revitalize Pet Carpet Cleaner Formula, 64 oz, White, 64 Fl Oz</p><p>$22.73 ($0.36 / Fl Oz)</p><a href="https://www.amazon.com/dp/B0D2QFVY7H?tag=eloabder-20&linkCode=osi&th=1&psc=1">View Product</a></div><div class="product"><a href="https://www.amazon.com/dp/B0BNK8ZJJ1?tag=eloabder-20&linkCode=osi&th=1&psc=1"><img src="https://m.media-amazon.com/images/I/51z0Pc4xcNL._SL500_.jpg" alt="Product Image"></a><p>Bissell Spotlifter Pet Carpet and Upholstery Cleaner with Brush Head - 4 Pack, 93523</p><p>$23.88 ($0.50 / Fl Oz)</p><a href="https://www.amazon.com/dp/B0BNK8ZJJ1?tag=eloabder-20&linkCode=osi&th=1&psc=1">View Product</a></div><div class="product"><a href="https://www.amazon.com/dp/B0CX245D26?tag=eloabder-20&linkCode=osi&th=1&psc=1"><img src="https://m.media-amazon.com/images/I/411CSXvvO1L._SL500_.jpg" alt="Product Image"></a><p>BISSELLÂ® Spot & Stain with Febreze + Gain Original Scent Formula for Little Green Devices, Portable Carpet Cleaners (3968)</p><p>$12.99 ($0.41 / Fl Oz)</p><a href="https://www.amazon.com/dp/B0CX245D26?tag=eloabder-20&linkCode=osi&th=1&psc=1">View Product</a></div><div class="product"><a href="https://www.amazon.com/dp/B083VZW4R5?tag=eloabder-20&linkCode=osi&th=1&psc=1"><img src="https://m.media-amazon.com/images/I/413BULPLmBL._SL500_.jpg" alt="Product Image"></a><p>BISSELL Multi-Surface Pet Formula with Febreze Freshness for Crosswave (80 oz), 2295L</p><p>$22.99 ($0.29 / Fl Oz)</p><a href="https://www.amazon.com/dp/B083VZW4R5?tag=eloabder-20&linkCode=osi&th=1&psc=1">View Product</a></div><div class="product"><a href="https://www.amazon.com/dp/B0D2RGW219?tag=eloabder-20&linkCode=osi&th=1&psc=1"><img src="https://m.media-amazon.com/images/I/41gD+82tnAL._SL500_.jpg" alt="Product Image"></a><p>Vacmaster Clean & Restore Carpet Cleaner Formula â€“ CCS03</p><p>$19.99 ($0.31 / Fl Oz)</p><a href="https://www.amazon.com/dp/B0D2RGW219?tag=eloabder-20&linkCode=osi&th=1&psc=1">View Product</a></div>






<div class="product"><a href="https://www.amazon.com/dp/B0BY64HQTP?tag=eloabder-20&linkCode=osi&th=1&psc=1"><img src="https://m.media-amazon.com/images/I/41hUxHuASYL._SL500_.jpg" alt="Product Image"></a><p>Air Conditioning Motor WZDK13-38G-1(RD-310-13-8) DC Brushless Fan Motor, 13W Inverter air Conditioner Motor DC Motor for Central air Conditioner</p><p>$39.95</p><a href="https://www.amazon.com/dp/B0BY64HQTP?tag=eloabder-20&linkCode=osi&th=1&psc=1">View Product</a></div><div class="product"><a href="https://www.amazon.com/dp/B0CM5YB884?tag=eloabder-20&linkCode=osi&th=1&psc=1"><img src="https://m.media-amazon.com/images/I/310lQ2tAvLL._SL500_.jpg" alt="Product Image"></a><p>Sparkfix OEM WZDK20-38G (ZKFP-20-8-6) Air Conditioner Replacement Motors DC280V 20W Air Conditioning Fan Motor Inverter Air Conditioner Brushless DC Motor 1300RPM CCW</p><p>$42.79</p><a href="https://www.amazon.com/dp/B0CM5YB884?tag=eloabder-20&linkCode=osi&th=1&psc=1">View Product</a></div>













<div class="product"><a href="https://www.amazon.com/dp/B009PCI2JU?tag=eloabder-20&linkCode=osi&th=1&psc=1"><img src="https://m.media-amazon.com/images/I/310ZJurANUL._SL500_.jpg" alt="Product Image"></a><p>GE RPWFE Refrigerator Water Filter | Certified to Reduce Lead, Sulfur, and 50+ Other Impurities | Replace Every 6 Months for Best Results | Pack of 1</p><p>$49.98</p><a href="https://www.amazon.com/dp/B009PCI2JU?tag=eloabder-20&linkCode=osi&th=1&psc=1">View Product</a></div><div class="product"><a href="https://www.amazon.com/dp/B0882ZJ48W?tag=eloabder-20&linkCode=osi&th=1&psc=1"><img src="https://m.media-amazon.com/images/I/41110o9sUoL._SL500_.jpg" alt="Product Image"></a><p>GE XWFE Refrigerator Water Filter | Certified to Reduce Lead, Sulfur, and 50+ Other Impurities | Replace Every 6 Months for Best Results | Pack of 1, White</p><p>$49.00</p><a href="https://www.amazon.com/dp/B0882ZJ48W?tag=eloabder-20&linkCode=osi&th=1&psc=1">View Product</a></div><div class="product"><a href="https://www.amazon.com/dp/B074HLRXMP?tag=eloabder-20&linkCode=osi&th=1&psc=1"><img src="https://m.media-amazon.com/images/I/21oDpGCQXiL._SL500_.jpg" alt="Product Image"></a><p>LG LT1000P - 6 Month / 200 Gallon Capacity Replacement Refrigerator Water Filter (NSF42, NSF53, and NSF401) ADQ74793501, ADQ75795105, or AGF80300704 , White</p><p>$47.00</p><a href="https://www.amazon.com/dp/B074HLRXMP?tag=eloabder-20&linkCode=osi&th=1&psc=1">View Product</a></div><div class="product"><a href="https://www.amazon.com/dp/B01BKWSHHE?tag=eloabder-20&linkCode=osi&th=1&psc=1"><img src="https://m.media-amazon.com/images/I/31E2+zlkvjL._SL500_.jpg" alt="Product Image"></a><p>Frigidaire EPTWFU01 Water Filtration Filter, 1 Count, White</p><p>$42.99</p><a href="https://www.amazon.com/dp/B01BKWSHHE?tag=eloabder-20&linkCode=osi&th=1&psc=1">View Product</a></div><div class="product"><a href="https://www.amazon.com/dp/B08V6JB9R7?tag=eloabder-20&linkCode=osi&th=1&psc=1"><img src="https://m.media-amazon.com/images/I/31PRPEffCZL._SL500_.jpg" alt="Product Image"></a><p>Frigidaire FPPWFU01 PurePour PWF-1 Water Filter 1 Count (Pack of 1)</p><p>$45.81</p><a href="https://www.amazon.com/dp/B08V6JB9R7?tag=eloabder-20&linkCode=osi&th=1&psc=1">View Product</a></div><div class="product"><a href="https://www.amazon.com/dp/B000AST3AK?tag=eloabder-20&linkCode=osi&th=1&psc=1"><img src="https://m.media-amazon.com/images/I/41DUoSxpwTS._SL500_.jpg" alt="Product Image"></a><p>GE MWF Refrigerator Water Filter | Certified to Reduce Lead, Sulfur, and 50+ Other Impurities | Replace Every 6 Months for Best Results | Pack of 1</p><p>$39.98</p><a href="https://www.amazon.com/dp/B000AST3AK?tag=eloabder-20&linkCode=osi&th=1&psc=1">View Product</a></div><div class="product"><a href="https://www.amazon.com/dp/B0CFZR7K8D?tag=eloabder-20&linkCode=osi&th=1&psc=1"><img src="https://m.media-amazon.com/images/I/31WM5sdhKLL._SL500_.jpg" alt="Product Image"></a><p>HMASAV W10295370A water filter replacement, Compatible with EDR1RXD1,EDR1RXD1B,W10295370,Filter 1,WHR1RXD1,KAD1RXD1,P4RFWB,P8RFWB2L,46-9930,46-9081 2PACK</p><p>$29.99 ($15.00 / Count)</p><a href="https://www.amazon.com/dp/B0CFZR7K8D?tag=eloabder-20&linkCode=osi&th=1&psc=1">View Product</a></div><div class="product"><a href="https://www.amazon.com/dp/B07JM9TTTT?tag=eloabder-20&linkCode=osi&th=1&psc=1"><img src="https://m.media-amazon.com/images/I/41CfAtJ8TPL._SL500_.jpg" alt="Product Image"></a><p>GLACIER FRESH LT1000PC Replacement Water Filter, Compatible with LT1000PC/PCS, LT1000PC, LT-1000PC, MDJ64844601, ADQ747935 ADQ74793504 Filter and LT120F ADQ73334008 Fresh Air (3+3)</p><p>$39.99 ($13.33 / Count)</p><a href="https://www.amazon.com/dp/B07JM9TTTT?tag=eloabder-20&linkCode=osi&th=1&psc=1">View Product</a></div><div class="product"><a href="https://www.amazon.com/dp/B003N1ZSYG?tag=eloabder-20&linkCode=osi&th=1&psc=1"><img src="https://m.media-amazon.com/images/I/31Mbrkrxu1L._SL500_.jpg" alt="Product Image"></a><p>SAMSUNG Genuine Filter for Refrigerator Water and Ice, Carbon Block Filtration for Clean, Clear Drinking Water, 6-Month Life, HAF-CIN/EXP, 1 Pack</p><p>$39.99</p><a href="https://www.amazon.com/dp/B003N1ZSYG?tag=eloabder-20&linkCode=osi&th=1&psc=1">View Product</a></div>









<div class="product"><a href="https://www.amazon.com/dp/B0B2NZ47HN?tag=eloabder-20&linkCode=osi&th=1&psc=1"><img src="https://m.media-amazon.com/images/I/41nC6c2XxJL._SL500_.jpg" alt="Product Image"></a><p>OTE Portable Sparkling Water Maker Soda Maker Machine for home with 20PCS Cylinders 450ml Personal seltzer Carbonators Electroless Double Layer PET Bottle BPA Free Double Pressure Relief Valves -Pink</p><p>$49.99</p><a href="https://www.amazon.com/dp/B0B2NZ47HN?tag=eloabder-20&linkCode=osi&th=1&psc=1">View Product</a></div><div class="product"><a href="https://www.amazon.com/dp/B09DY54L7M?tag=eloabder-20&linkCode=osi&th=1&psc=1"><img src="https://m.media-amazon.com/images/I/31LSpnm3G8L._SL500_.jpg" alt="Product Image"></a><p>MOSOLAN Bottle Cleaning Brush, 17 Inches Extra Long Handle Water Bottle Brush, Flexible Bendable Cleaner for Washing Narrow Neck Bottles, Wine Decanter, Kombucha, Pipes, Beer Brewing Supplies, 2 Pack</p><p>$11.95 ($5.98 / Count)</p><a href="https://www.amazon.com/dp/B09DY54L7M?tag=eloabder-20&linkCode=osi&th=1&psc=1">View Product</a></div><div class="product"><a href="https://www.amazon.com/dp/B0736CBNDN?tag=eloabder-20&linkCode=osi&th=1&psc=1"><img src="https://m.media-amazon.com/images/I/41tWXmwP5KL._SL500_.jpg" alt="Product Image"></a><p>#2 Filter Pads (10 Pack Bulk) Compatible with Mini Jet Machine | #2 1.8-2.5 micron | 2 Micron Filtering pads. Filter Wine Beer, Kombucha, Mead Mash. Polishing filtration| Not a Buon Vino product.</p><p>$18.99</p><a href="https://www.amazon.com/dp/B0736CBNDN?tag=eloabder-20&linkCode=osi&th=1&psc=1">View Product</a></div>









<div class="product"><a href="https://www.amazon.com/dp/B07YGN577Y?tag=eloabder-20&linkCode=osi&th=1&psc=1"><img src="https://m.media-amazon.com/images/I/31kfZiyDMUL._SL500_.jpg" alt="Product Image"></a><p>9870163 Trash Power Nut WP9870163 L8</p><p>$50.36</p><a href="https://www.amazon.com/dp/B07YGN577Y?tag=eloabder-20&linkCode=osi&th=1&psc=1">View Product</a></div>

<div class="product"><a href="https://www.amazon.com/dp/B0CWQLM4C7?tag=eloabder-20&linkCode=osi&th=1&psc=1"><img src="https://m.media-amazon.com/images/I/41gTEIOjtlL._SL500_.jpg" alt="Product Image"></a><p>7" Seven Seconds Lazy Kitchen Food Making Tools - Multifunctional Fruit Vegetable Chopper Quick Garlic Peeling Machine Convenient Food Chopper for Slicing,Juice,Grinding</p><p>$32.99</p><a href="https://www.amazon.com/dp/B0CWQLM4C7?tag=eloabder-20&linkCode=osi&th=1&psc=1">View Product</a></div>







<div class="product"><a href="https://www.amazon.com/dp/B0CNKFM9WR?tag=eloabder-20&linkCode=osi&th=1&psc=1"><img src="https://m.media-amazon.com/images/I/31sGGIDic9L._SL500_.jpg" alt="Product Image"></a><p>hobbyme Pack of 4 Plastic Coffee Scoops with Brush & Espresso Grinder Brush for Ground Coffee Cleaning Tea Power Coffee Grinder Spoon</p><p>$6.49</p><a href="https://www.amazon.com/dp/B0CNKFM9WR?tag=eloabder-20&linkCode=osi&th=1&psc=1">View Product</a></div>





<div class="product"><a href="https://www.amazon.com/dp/B07798328B?tag=eloabder-20&linkCode=osi&th=1&psc=1"><img src="https://m.media-amazon.com/images/I/31Vpin+sgUS._SL500_.jpg" alt="Product Image"></a><p>Prime-Line MP10513 Standard Plastic Ice Cube Trays (5 Pack)</p><p>$12.69</p><a href="https://www.amazon.com/dp/B07798328B?tag=eloabder-20&linkCode=osi&th=1&psc=1">View Product</a></div><div class="product"><a href="https://www.amazon.com/dp/B077965JDB?tag=eloabder-20&linkCode=osi&th=1&psc=1"><img src="https://m.media-amazon.com/images/I/31H1hNlH6RL._SL500_.jpg" alt="Product Image"></a><p>Prime-Line MP10863 Standard Plastic Ice Cube Trays (2 Pack)</p><p>$9.69</p><a href="https://www.amazon.com/dp/B077965JDB?tag=eloabder-20&linkCode=osi&th=1&psc=1">View Product</a></div>

<div class="product"><a href="https://www.amazon.com/dp/B08MPLY84K?tag=eloabder-20&linkCode=osi&th=1&psc=1"><img src="https://m.media-amazon.com/images/I/31kWTfzQJBL._SL500_.jpg" alt="Product Image"></a><p>Syntus Vacuum Sealer Bags, 6 Pack 3 Rolls 11" x 20' and 3 Rolls 8" x 20' Commercial Grade BPA Free Bag Rolls, Food Vac Bags for Storage, Meal Prep or Sous Vide</p><p>$19.99</p><a href="https://www.amazon.com/dp/B08MPLY84K?tag=eloabder-20&linkCode=osi&th=1&psc=1">View Product</a></div><div class="product"><a href="https://www.amazon.com/dp/B0C5BWRMQL?tag=eloabder-20&linkCode=osi&th=1&psc=1"><img src="https://m.media-amazon.com/images/I/41yPpkb6oeL._SL500_.jpg" alt="Product Image"></a><p>Bonsenkitchen Vacuum Sealer Rolls Bags, 6 Pack 3 Rolls 11" x 20' + 3 Rolls 8" x 20' Commercial Grade BPA Free Bag Rolls, Durable Customized Size Food Vac Bags for Storage and Sous Vide Cooking VB3211</p><p>$19.99 ($3.33 / Count)</p><a href="https://www.amazon.com/dp/B0C5BWRMQL?tag=eloabder-20&linkCode=osi&th=1&psc=1">View Product</a></div><div class="product"><a href="https://www.amazon.com/dp/B0C5C1JTC4?tag=eloabder-20&linkCode=osi&th=1&psc=1"><img src="https://m.media-amazon.com/images/I/31JpyYsm7YL._SL500_.jpg" alt="Product Image"></a><p>Bonsenkitchen Vacuum Food Sealer Bags 200 Quart 8" x 12", BPA Free, Commercial Grade Textured Food Vacuum Sealer Bag, Thick Embossed Bags for Food Storage and Sous Vide Cooking VB3208</p><p>$18.39 ($0.09 / Count)</p><a href="https://www.amazon.com/dp/B0C5C1JTC4?tag=eloabder-20&linkCode=osi&th=1&psc=1">View Product</a></div><div class="product"><a href="https://www.amazon.com/dp/B07TMZDGQ1?tag=eloabder-20&linkCode=osi&th=1&psc=1"><img src="https://m.media-amazon.com/images/I/31cRCu-JIsL._SL500_.jpg" alt="Product Image"></a><p>Wevac Vacuum Sealer Bags 11x50 Rolls 2 pack for Food Saver, Seal a Meal, Weston. Commercial Grade, BPA Free, Heavy Duty, Great for vac storage, Meal Prep or Sous Vide</p><p>$20.99 ($0.21 / Count)</p><a href="https://www.amazon.com/dp/B07TMZDGQ1?tag=eloabder-20&linkCode=osi&th=1&psc=1">View Product</a></div><div class="product"><a href="https://www.amazon.com/dp/B07TV4KRCL?tag=eloabder-20&linkCode=osi&th=1&psc=1"><img src="https://m.media-amazon.com/images/I/31uv3qtc9bL._SL500_.jpg" alt="Product Image"></a><p>Wevac Vacuum Sealer Bags 100 Gallon 11x16 Inch for Food Saver, Seal a Meal, Weston. Commercial Grade, BPA Free, Heavy Duty, Great for vac storage, Meal Prep and Sous Vide</p><p>$21.24</p><a href="https://www.amazon.com/dp/B07TV4KRCL?tag=eloabder-20&linkCode=osi&th=1&psc=1">View Product</a></div>


<div class="product"><a href="https://www.amazon.com/dp/B093G5XCVF?tag=eloabder-20&linkCode=osi&th=1&psc=1"><img src="https://m.media-amazon.com/images/I/313Cq6ASf0S._SL500_.jpg" alt="Product Image"></a><p>2 Multipurpose Pastry Brush Basting & Coffee Grinders Cleaning Brush Wooden Handle Natural Boar Bristles Baking Cooking Sauce egg wash Bakery Supply Espresso Bean Barista</p><p>$7.21</p><a href="https://www.amazon.com/dp/B093G5XCVF?tag=eloabder-20&linkCode=osi&th=1&psc=1">View Product</a></div><div class="product"><a href="https://www.amazon.com/dp/B07JGRYG31?tag=eloabder-20&linkCode=osi&th=1&psc=1"><img src="https://m.media-amazon.com/images/I/31nd-jhgzdL._SL500_.jpg" alt="Product Image"></a><p>Coffee Grinder Cleaning Brush + Coffee Brush Wood Handle & Natural Bristles Pastry Brush</p><p>$5.99</p><a href="https://www.amazon.com/dp/B07JGRYG31?tag=eloabder-20&linkCode=osi&th=1&psc=1">View Product</a></div><div class="product"><a href="https://www.amazon.com/dp/B0C53G4T7X?tag=eloabder-20&linkCode=osi&th=1&psc=1"><img src="https://m.media-amazon.com/images/I/21Hrgmpj8YL._SL500_.jpg" alt="Product Image"></a><p>Leadigol Cleaning Tool Coffee Machine Home Pastry Brush Multifunctional Wooden Handle Baking Soft Bristles Coffee Grinder Brush</p><p>$7.99</p><a href="https://www.amazon.com/dp/B0C53G4T7X?tag=eloabder-20&linkCode=osi&th=1&psc=1">View Product</a></div><div class="product"><a href="https://www.amazon.com/dp/B07W5WM2LF?tag=eloabder-20&linkCode=osi&th=1&psc=1"><img src="https://m.media-amazon.com/images/I/41-7fWE9tSL._SL500_.jpg" alt="Product Image"></a><p>Redecker Waffle Machine Brush with Oiled Beechwood Handle, Stiff Heat-resistant Tampico Fiber Bristles, 6-1/2 inches, Made in Germany</p><p>$21.99</p><a href="https://www.amazon.com/dp/B07W5WM2LF?tag=eloabder-20&linkCode=osi&th=1&psc=1">View Product</a></div>






Aucun rÃ©sultat trouvÃ©.


<div class="product"><a href="https://www.amazon.com/dp/B00LQKZQAW?tag=eloabder-20&linkCode=osi&th=1&psc=1"><img src="https://m.media-amazon.com/images/I/31nBii+cbiL._SL500_.jpg" alt="Product Image"></a><p>Electrolux 5308000716 Dish Replacement , White</p><p>$17.16</p><a href="https://www.amazon.com/dp/B00LQKZQAW?tag=eloabder-20&linkCode=osi&th=1&psc=1">View Product</a></div><div class="product"><a href="https://www.amazon.com/dp/B09BBPTSNK?tag=eloabder-20&linkCode=osi&th=1&psc=1"><img src="https://m.media-amazon.com/images/I/41kdVEnPDTL._SL500_.jpg" alt="Product Image"></a><p>Judeeâ€™s Butter Powder 5 lb - 100% Non-GMO and Keto-Friendly - rBST Hormone-Free - Gluten-Free and Nut-Free - Made from 100% Real Butter - Baking Ready Ingredient - Made in USA</p><p>$59.99 ($0.75 / Ounce)</p><a href="https://www.amazon.com/dp/B09BBPTSNK?tag=eloabder-20&linkCode=osi&th=1&psc=1">View Product</a></div>
<div class="product"><a href="https://www.amazon.com/dp/B0C1G9K19X?tag=eloabder-20&linkCode=osi&th=1&psc=1"><img src="https://m.media-amazon.com/images/I/41OVBrQ1wFL._SL500_.jpg" alt="Product Image"></a><p>Coffee Cup Design Coffee Filter Holder, Coffee Paper Rack Stand, Metal Coffee Filter Container Stand, Coffee Bar Accessories Vertical Paper Towel Napkin Holder for Cone Square Fan Shaped Size (Black)</p><p>$8.99</p><a href="https://www.amazon.com/dp/B0C1G9K19X?tag=eloabder-20&linkCode=osi&th=1&psc=1">View Product</a></div><div class="product"><a href="https://www.amazon.com/dp/B07TP1YN7G?tag=eloabder-20&linkCode=osi&th=1&psc=1"><img src="https://m.media-amazon.com/images/I/41BpYdpRyaL._SL500_.jpg" alt="Product Image"></a><p>CAFEMASY Coffee Filter Holder Storage Coffee Filter Paper Dispenser Rack with Dustproof Cover for V60 and Cone Coffee Filters</p><p>$9.99</p><a href="https://www.amazon.com/dp/B07TP1YN7G?tag=eloabder-20&linkCode=osi&th=1&psc=1">View Product</a></div><div class="product"><a href="https://www.amazon.com/dp/B0BFCTW7MY?tag=eloabder-20&linkCode=osi&th=1&psc=1"><img src="https://m.media-amazon.com/images/I/31s709IEZkL._SL500_.jpg" alt="Product Image"></a><p>Coffee Filter Holder, watchget Reusable Coffee Paper Filter Storage Bag for Cone-shaped Filter Papers V60 Waterproof Canvas Suitable for Outdoor Camping Traveling(02)</p><p>$11.99</p><a href="https://www.amazon.com/dp/B0BFCTW7MY?tag=eloabder-20&linkCode=osi&th=1&psc=1">View Product</a></div>





<div class="product"><a href="https://www.amazon.com/dp/B0CTJD9VK7?tag=eloabder-20&linkCode=osi&th=1&psc=1"><img src="https://m.media-amazon.com/images/I/31pqr-gIt8L._SL500_.jpg" alt="Product Image"></a><p>[4 Pack] Water Bottle Brush & Straw Cleaner Set,Stainless Steel Long Handle Baby Bottle Scrub Cleaning Brush for Sports Bottles, Cups, Dishes, Coffee Mugs, Glasswares, Tumblers, Wine Decanters</p><p>$6.50</p><a href="https://www.amazon.com/dp/B0CTJD9VK7?tag=eloabder-20&linkCode=osi&th=1&psc=1">View Product</a></div>















<div class="product"><a href="https://www.amazon.com/dp/B00UTFZAII?tag=eloabder-20&linkCode=osi&th=1&psc=1"><img src="https://m.media-amazon.com/images/I/31z7hZ6KbXL._SL500_.jpg" alt="Product Image"></a><p>Miele 10123210 AirClean 3D Efficiency Dust Bag, Type GN, 4 Bags & 2 Filters, White</p><p>$21.86 ($21.86 / Count)</p><a href="https://www.amazon.com/dp/B00UTFZAII?tag=eloabder-20&linkCode=osi&th=1&psc=1">View Product</a></div><div class="product"><a href="https://www.amazon.com/dp/B07WHG6J5S?tag=eloabder-20&linkCode=osi&th=1&psc=1"><img src="https://m.media-amazon.com/images/I/41hnaEOxB9L._SL500_.jpg" alt="Product Image"></a><p>KEEPOW Vacuum Filters for Eureka, Power Speed Vacuum Filters Replacement for Eureka NEU182A, NEU182B, NEU280, NEU180, NEU181, NEU188, NEU202 Bagless Upright Vacuum Cleaner, Part E0202 (4 Pack)</p><p>$9.99 ($2.50 / Count)</p><a href="https://www.amazon.com/dp/B07WHG6J5S?tag=eloabder-20&linkCode=osi&th=1&psc=1">View Product</a></div><div class="product"><a href="https://www.amazon.com/dp/B00UTFZB82?tag=eloabder-20&linkCode=osi&th=1&psc=1"><img src="https://m.media-amazon.com/images/I/41WdlL5T0dL._SL500_.jpg" alt="Product Image"></a><p>Miele AirClean 3D Efficiency Dust Bag, Type FJM, 4 Bags & 2 Filters, White</p><p>$18.99</p><a href="https://www.amazon.com/dp/B00UTFZB82?tag=eloabder-20&linkCode=osi&th=1&psc=1">View Product</a></div><div class="product"><a href="https://www.amazon.com/dp/B09NKP346M?tag=eloabder-20&linkCode=osi&th=1&psc=1"><img src="https://m.media-amazon.com/images/I/41o25nqkODL._SL500_.jpg" alt="Product Image"></a><p>Anewise 6 Pack Filter Replacement for Bissell Powerforce Compact Lightweight Upright 2112 1520 for Bissel Turbo Bagless 2690 Cleanview 3437 3508 Vacuum Cleaner, Compare to Parts #1604896/160-4896</p><p>$12.99</p><a href="https://www.amazon.com/dp/B09NKP346M?tag=eloabder-20&linkCode=osi&th=1&psc=1">View Product</a></div><div class="product"><a href="https://www.amazon.com/dp/B01MQ5NITB?tag=eloabder-20&linkCode=osi&th=1&psc=1"><img src="https://m.media-amazon.com/images/I/41J6lG4H1bL._SL500_.jpg" alt="Product Image"></a><p>Bissell Style 7 3 Pack Vacuum Cleaner Bags, White, 3 Count</p><p>$8.69 ($2.90 / Count)</p><a href="https://www.amazon.com/dp/B01MQ5NITB?tag=eloabder-20&linkCode=osi&th=1&psc=1">View Product</a></div><div class="product"><a href="https://www.amazon.com/dp/B0CDH1JY5D?tag=eloabder-20&linkCode=osi&th=1&psc=1"><img src="https://m.media-amazon.com/images/I/516DPXu4siL._SL500_.jpg" alt="Product Image"></a><p>4 Pack Replacement Filters Compatiable with Wyze Cordless Vacuum Cleaner, Removable and Washable HEPA Filter Accessories Part Set with 1 Cleaning Brush for Wyze Handheld Cordless Vacuum Cleaner</p><p>$15.99 ($4.00 / Count)</p><a href="https://www.amazon.com/dp/B0CDH1JY5D?tag=eloabder-20&linkCode=osi&th=1&psc=1">View Product</a></div><div class="product"><a href="https://www.amazon.com/dp/B07P3WB37F?tag=eloabder-20&linkCode=osi&th=1&psc=1"><img src="https://m.media-amazon.com/images/I/51WaYrkiVXL._SL500_.jpg" alt="Product Image"></a><p>Miele AirClean 3D Efficiency Dust Bag, Type GN, XL Value Pack, 8 Bags and 4 Filters</p><p>$36.99</p><a href="https://www.amazon.com/dp/B07P3WB37F?tag=eloabder-20&linkCode=osi&th=1&psc=1">View Product</a></div><div class="product"><a href="https://www.amazon.com/dp/B09DSY4Z2T?tag=eloabder-20&linkCode=osi&th=1&psc=1"><img src="https://m.media-amazon.com/images/I/51+ref3EeAL._SL500_.jpg" alt="Product Image"></a><p>Filter Replacement for Tineco A10 A11 Hero A10/A11 Master PURE ONE S11 Series, S12, X Cordless Vacuum Cleaner (3 PACK) â€¦</p><p>$12.99 ($4.33 / Count)</p><a href="https://www.amazon.com/dp/B09DSY4Z2T?tag=eloabder-20&linkCode=osi&th=1&psc=1">View Product</a></div>


<div class="product"><a href="https://www.amazon.com/dp/B0BXRR5QFV?tag=eloabder-20&linkCode=osi&th=1&psc=1"><img src="https://m.media-amazon.com/images/I/41sjdBkCp8L._SL500_.jpg" alt="Product Image"></a><p>AC Infinity CLOUDFORGE T7, Plant Humidifier 15L with VPD Humidity Controls, 10-Level Precision Vaporizer, Extendable Hose, Targeting Pipe, and No-Leak Seal for Grow Tents</p><p>$159.00</p><a href="https://www.amazon.com/dp/B0BXRR5QFV?tag=eloabder-20&linkCode=osi&th=1&psc=1">View Product</a></div><div class="product"><a href="https://www.amazon.com/dp/B01N6MV8SA?tag=eloabder-20&linkCode=osi&th=1&psc=1"><img src="https://m.media-amazon.com/images/I/41hX08+W1xL._SL500_.jpg" alt="Product Image"></a><p>Protec Humidifier Tank Cleaner, 1 Count - Colors May Vary</p><p>$5.98</p><a href="https://www.amazon.com/dp/B01N6MV8SA?tag=eloabder-20&linkCode=osi&th=1&psc=1">View Product</a></div><div class="product"><a href="https://www.amazon.com/dp/B07GXBTH82?tag=eloabder-20&linkCode=osi&th=1&psc=1"><img src="https://m.media-amazon.com/images/I/41ibxK12JPL._SL500_.jpg" alt="Product Image"></a><p>Essick Air 1970-2 Humidifier, 2-Quart Bacteriostatic Treatment, 2 Pack, Clear, 2</p><p>$22.99</p><a href="https://www.amazon.com/dp/B07GXBTH82?tag=eloabder-20&linkCode=osi&th=1&psc=1">View Product</a></div><div class="product"><a href="https://www.amazon.com/dp/B08TTT3K9B?tag=eloabder-20&linkCode=osi&th=1&psc=1"><img src="https://m.media-amazon.com/images/I/41U6j9SexmL._SL500_.jpg" alt="Product Image"></a><p>Leemone Humidifier Cleaner 12 Pack, Demineralization Cleaning Ball, Works in All humidifiers and Fish Tanks, Purifies Water, Prevents Hard Water Build-Up, Eliminates White Dust and Odor</p><p>$14.44</p><a href="https://www.amazon.com/dp/B08TTT3K9B?tag=eloabder-20&linkCode=osi&th=1&psc=1">View Product</a></div>
<div class="product"><a href="https://www.amazon.com/dp/B07YD4XCT3?tag=eloabder-20&linkCode=osi&th=1&psc=1"><img src="https://m.media-amazon.com/images/I/41hR81iKyJL._SL500_.jpg" alt="Product Image"></a><p>Vacplus Moisture Absorber Packets, Fragrance Free(10 Pack), Humidity Packs, Hanging Closet Dehumidifier Bags, Desiccant 9.8OZ</p><p>$21.99</p><a href="https://www.amazon.com/dp/B07YD4XCT3?tag=eloabder-20&linkCode=osi&th=1&psc=1">View Product</a></div><div class="product"><a href="https://www.amazon.com/dp/B09LQF5V5K?tag=eloabder-20&linkCode=osi&th=1&psc=1"><img src="https://m.media-amazon.com/images/I/51Cx5ECAotL._SL500_.jpg" alt="Product Image"></a><p>CLEVAST Moisture Absorbers Packets 10 Pack, Dehumidifier Bags for Closet, Unscented Hanging Humidity Absorber in Wardrobes, Bedrooms, Bathrooms(230g/pack)</p><p>$16.98</p><a href="https://www.amazon.com/dp/B09LQF5V5K?tag=eloabder-20&linkCode=osi&th=1&psc=1">View Product</a></div><div class="product"><a href="https://www.amazon.com/dp/B0B8L9QRW8?tag=eloabder-20&linkCode=osi&th=1&psc=1"><img src="https://m.media-amazon.com/images/I/518LgtpPi8L._SL500_.jpg" alt="Product Image"></a><p>Arm & Hammer Essentials Disposable Moisture Absorber and Odor Eliminator Tub, Fragrance Free, 1 lb, 3-Pack, Attracts and Traps Excess Moisture, Ideal Closet Dehumidifier, White</p><p>$24.94 ($0.52 / Ounce)</p><a href="https://www.amazon.com/dp/B0B8L9QRW8?tag=eloabder-20&linkCode=osi&th=1&psc=1">View Product</a></div><div class="product"><a href="https://www.amazon.com/dp/B09W9TPJGZ?tag=eloabder-20&linkCode=osi&th=1&psc=1"><img src="https://m.media-amazon.com/images/I/51pVTVMwHbL._SL500_.jpg" alt="Product Image"></a><p>THECOSKY Dehumidifier and Air Purifier Combo,HEPA H13 Filter and Negative Air Ion Function,54oz(1.6L) Water Tank with Drain Hose,24hrs Auto-Off Timer,Idea for Bedroom,Bathroom,Closet,RV</p><p>$109.99</p><a href="https://www.amazon.com/dp/B09W9TPJGZ?tag=eloabder-20&linkCode=osi&th=1&psc=1">View Product</a></div><div class="product"><a href="https://www.amazon.com/dp/B0CXDG65LZ?tag=eloabder-20&linkCode=osi&th=1&psc=1"><img src="https://m.media-amazon.com/images/I/41HNflmbKHL._SL500_.jpg" alt="Product Image"></a><p>14 x 17.5 x1.75 MERV 13 Replacement Dehumidifier Filter Compatible with Santa Fe Advance90, Advance100, Advance120, Honeywell DR90 & DR120 dehumidifier models, 2 Pack</p><p>$42.99</p><a href="https://www.amazon.com/dp/B0CXDG65LZ?tag=eloabder-20&linkCode=osi&th=1&psc=1">View Product</a></div>
<div class="product"><a href="https://www.amazon.com/dp/B088B921NQ?tag=eloabder-20&linkCode=osi&th=1&psc=1"><img src="https://m.media-amazon.com/images/I/612e4cT3RYL._SL500_.jpg" alt="Product Image"></a><p>ULTTY H13 HEPA Replacement Filter with Medical Coating, True HEPA Filter For R021/ R020 Purifying Fan, Medium</p><p>$29.99</p><a href="https://www.amazon.com/dp/B088B921NQ?tag=eloabder-20&linkCode=osi&th=1&psc=1">View Product</a></div><div class="product"><a href="https://www.amazon.com/dp/B0D2MZ4Y7Z?tag=eloabder-20&linkCode=osi&th=1&psc=1"><img src="https://m.media-amazon.com/images/I/51KgTHizWyL._SL500_.jpg" alt="Product Image"></a><p>Butto 5-Pack Ceiling Fan Filters for Blades - Strong Adhesive Ceiling Fan Filters for Common Household Contaminants - Unscented Coconut Carbon Fan Air Purifier Pads to Make Air Fresh and Natural</p><p>$9.98</p><a href="https://www.amazon.com/dp/B0D2MZ4Y7Z?tag=eloabder-20&linkCode=osi&th=1&psc=1">View Product</a></div><div class="product"><a href="https://www.amazon.com/dp/B0C42HCM21?tag=eloabder-20&linkCode=osi&th=1&psc=1"><img src="https://m.media-amazon.com/images/I/31jk3lpoygL._SL500_.jpg" alt="Product Image"></a><p>Barnakl Ceiling Fan Filters | Activated Coconut Shell Carbon Filter | Easy-Stick Universal Ceiling Fan Air Filters | Unscented Ceiling Fan Blade Filters for Common Household Contaminants, (3-Count)</p><p>$19.99 ($6.66 / Count)</p><a href="https://www.amazon.com/dp/B0C42HCM21?tag=eloabder-20&linkCode=osi&th=1&psc=1">View Product</a></div>
<div class="product"><a href="https://www.amazon.com/dp/B08LZWP29P?tag=eloabder-20&linkCode=osi&th=1&psc=1"><img src="https://m.media-amazon.com/images/I/41NLuzzFW9L._SL500_.jpg" alt="Product Image"></a><p>Chromex Tankless Water Heater Descaling Solution | Highly Effective Descaler Restores Heating Efficiency, Quart, 32 fl oz (1)</p><p>$26.99</p><a href="https://www.amazon.com/dp/B08LZWP29P?tag=eloabder-20&linkCode=osi&th=1&psc=1">View Product</a></div>

<div class="product"><a href="https://www.amazon.com/dp/B005UO4OWQ?tag=eloabder-20&linkCode=osi&th=1&psc=1"><img src="https://m.media-amazon.com/images/I/41oQPKFofoL._SL500_.jpg" alt="Product Image"></a><p>Bissell 203-7458 Brushroll, Bg10/86T3, Black</p><p>$21.26 ($21.26 / Count)</p><a href="https://www.amazon.com/dp/B005UO4OWQ?tag=eloabder-20&linkCode=osi&th=1&psc=1">View Product</a></div>





















<div class="product"><a href="https://www.amazon.com/dp/B0014J7FUY?tag=eloabder-20&linkCode=osi&th=1&psc=1"><img src="https://m.media-amazon.com/images/I/31QrM+IPxOL._SL500_.jpg" alt="Product Image"></a><p>Urnex Grindz Professional Coffee Grinder Cleaning Tablets - 430 Grams - All Natural Food Safe Gluten Free - Cleans Burr and Casing - Help Extend Life of Your Grinder</p><p>$25.99 ($1.71 / Ounce)</p><a href="https://www.amazon.com/dp/B0014J7FUY?tag=eloabder-20&linkCode=osi&th=1&psc=1">View Product</a></div>



<div class="product"><a href="https://www.amazon.com/dp/B0CHW317SG?tag=eloabder-20&linkCode=osi&th=1&psc=1"><img src="https://m.media-amazon.com/images/I/41Qd5Iu3qBL._SL500_.jpg" alt="Product Image"></a><p>EUHOMY 55 Can Beverage Refrigerator cooler-Mini Fridge Glass Door for Beer Drinks Wines, Freestanding Beverage Fridge with Adjustable Shelves Blue LED for Home/Office/Dorm/Bar (1.3cu.ft)</p><p>$128.99</p><a href="https://www.amazon.com/dp/B0CHW317SG?tag=eloabder-20&linkCode=osi&th=1&psc=1">View Product</a></div>

<div class="product"><a href="https://www.amazon.com/dp/B099CN2MRK?tag=eloabder-20&linkCode=osi&th=1&psc=1"><img src="https://m.media-amazon.com/images/I/31CvUCIUX5L._SL500_.jpg" alt="Product Image"></a><p>Genuine PuroAir 240 Replacement Filter - Replacement HEPA Filter for PuroAir 240 Purifier - Captures up to 99% of Pollen, Smoke, Pollen, Dust and Common Household Pollutants</p><p>$48.00</p><a href="https://www.amazon.com/dp/B099CN2MRK?tag=eloabder-20&linkCode=osi&th=1&psc=1">View Product</a></div><div class="product"><a href="https://www.amazon.com/dp/B0055521W0?tag=eloabder-20&linkCode=osi&th=1&psc=1"><img src="https://m.media-amazon.com/images/I/41Hs7ixdyXL._SL500_.jpg" alt="Product Image"></a><p>GermGuardian Filter B HEPA Pure Genuine Air Purifier Replacement Filter, Removes 99.97% of Pollutants for AC4825, AC4300, AC4900, AC4825DLX, AC4850, CDAP4500, AP2200, Black/Yellow, FLT4825</p><p>$17.90 ($17.90 / Count)</p><a href="https://www.amazon.com/dp/B0055521W0?tag=eloabder-20&linkCode=osi&th=1&psc=1">View Product</a></div><div class="product"><a href="https://www.amazon.com/dp/B0BNMYKZPV?tag=eloabder-20&linkCode=osi&th=1&psc=1"><img src="https://m.media-amazon.com/images/I/41-K3mB6KkL._SL500_.jpg" alt="Product Image"></a><p>2 Pack True HEPA KILO Filter Compatible with Afloia KILO, KILOPLUS, KILOPRO, MIRO,MIRO PRO and MORENTO MR-Kilo, Kalo Air Purifier, 360Â° 3-Stage Filtration</p><p>$34.99 ($17.50 / Count)</p><a href="https://www.amazon.com/dp/B0BNMYKZPV?tag=eloabder-20&linkCode=osi&th=1&psc=1">View Product</a></div><div class="product"><a href="https://www.amazon.com/dp/B0D3M4Y9W7?tag=eloabder-20&linkCode=osi&th=1&psc=1"><img src="https://m.media-amazon.com/images/I/41tzW+mkZuL._SL500_.jpg" alt="Product Image"></a><p>Breshair 14 True HEPA Filter Replacement Compatible with PuroAir 240 Air Purifier, 3-in-1 Filtration System with Activated Carbon Filter, 2-Pack</p><p>$31.56 ($15.78 / Count)</p><a href="https://www.amazon.com/dp/B0D3M4Y9W7?tag=eloabder-20&linkCode=osi&th=1&psc=1">View Product</a></div><div class="product"><a href="https://www.amazon.com/dp/B0CB18MVX6?tag=eloabder-20&linkCode=osi&th=1&psc=1"><img src="https://m.media-amazon.com/images/I/519ZmmLOrzL._SL500_.jpg" alt="Product Image"></a><p>2 Pack 3-in-1 H13 True HEPA Replacement Filter Compatible with Pure Enrichment PureZone Air Purifier Part# PEAIRPLG</p><p>$23.99 ($12.00 / Count)</p><a href="https://www.amazon.com/dp/B0CB18MVX6?tag=eloabder-20&linkCode=osi&th=1&psc=1">View Product</a></div><div class="product"><a href="https://www.amazon.com/dp/B08JTZMRML?tag=eloabder-20&linkCode=osi&th=1&psc=1"><img src="https://m.media-amazon.com/images/I/51yx60sCjHL._SL500_.jpg" alt="Product Image"></a><p>6 Pack HPA300 HEPA Filter Replacement for Honeywell HPA300 Series Air Purifiers HPA300, HPA300VP, HPA304, HPA3300, Replace HRF-R3 (6 Ture HEPA R Replacement Filter + 8 Activated Carbon Pre-Filter)</p><p>$47.99 ($3.43 / Count)</p><a href="https://www.amazon.com/dp/B08JTZMRML?tag=eloabder-20&linkCode=osi&th=1&psc=1">View Product</a></div><div class="product"><a href="https://www.amazon.com/dp/B0CF1GLSYS?tag=eloabder-20&linkCode=osi&th=1&psc=1"><img src="https://m.media-amazon.com/images/I/41709EXRzXL._SL500_.jpg" alt="Product Image"></a><p>CHIVALZ 4 Pack HY4866 True HEPA Replacement Filters Compatible with MORENTO HY4866 Air Purifier, WESTHEY HY4866 Air Purifier and YIOU M1 Air Cleaner Purifier, Original Version</p><p>$39.99 ($10.00 / Count)</p><a href="https://www.amazon.com/dp/B0CF1GLSYS?tag=eloabder-20&linkCode=osi&th=1&psc=1">View Product</a></div>







<div class="product"><a href="https://www.amazon.com/dp/B0CYKMFKR9?tag=eloabder-20&linkCode=osi&th=1&psc=1"><img src="https://m.media-amazon.com/images/I/316zU-ozoxL._SL500_.jpg" alt="Product Image"></a><p>Air Purifier Replacement Filter for Space Heater Bladeless Fan</p><p>$29.99</p><a href="https://www.amazon.com/dp/B0CYKMFKR9?tag=eloabder-20&linkCode=osi&th=1&psc=1">View Product</a></div>
<div class="product"><a href="https://www.amazon.com/dp/B07MRH6VY7?tag=eloabder-20&linkCode=osi&th=1&psc=1"><img src="https://m.media-amazon.com/images/I/51g-nuN4A5L._SL500_.jpg" alt="Product Image"></a><p>Colorfullife Replacement Air Purifier Filter for Dyson Tower Purifier Pure Cool Link TP01, TP02, TP03, BP01, Compare to Part 968126-03ï¼Œ2 Pack</p><p>$26.99</p><a href="https://www.amazon.com/dp/B07MRH6VY7?tag=eloabder-20&linkCode=osi&th=1&psc=1">View Product</a></div><div class="product"><a href="https://www.amazon.com/dp/B07TX5SW7J?tag=eloabder-20&linkCode=osi&th=1&psc=1"><img src="https://m.media-amazon.com/images/I/512Kn+cPglL._SL500_.jpg" alt="Product Image"></a><p>TP01 HEPA Filter Replacement Compatible with Dyson Tower Purifier Pure Cool Link TP01, TP02, TP03, AM11, BP01 Models, Compare to Part # 968126-03 (Pack of 2)</p><p>$27.95 ($13.98 / Count)</p><a href="https://www.amazon.com/dp/B07TX5SW7J?tag=eloabder-20&linkCode=osi&th=1&psc=1">View Product</a></div><div class="product"><a href="https://www.amazon.com/dp/B0CC24GZGB?tag=eloabder-20&linkCode=osi&th=1&psc=1"><img src="https://m.media-amazon.com/images/I/41woNpZ9VgL._SL500_.jpg" alt="Product Image"></a><p>TP01 TP02 Filter Compatible with Dyson Pure Cool Link Purifying Tower Fan TP00 TP03 AM11 and Cool Me BP01 Personal Series, 360Â° Air Purifier Filter Replacement 968126-03, 1-Pack</p><p>$25.99</p><a href="https://www.amazon.com/dp/B0CC24GZGB?tag=eloabder-20&linkCode=osi&th=1&psc=1">View Product</a></div><div class="product"><a href="https://www.amazon.com/dp/B0CX23N2JJ?tag=eloabder-20&linkCode=osi&th=1&psc=1"><img src="https://m.media-amazon.com/images/I/3145hmd5j7L._SL500_.jpg" alt="Product Image"></a><p>Dreo Air Purifiers Replacement Filter, HEPA Filter for Dreo Purifier Tower Fan MC710S, with 2 Stage Filtration, Black, Standard(DR-HPA019)</p><p>$39.99</p><a href="https://www.amazon.com/dp/B0CX23N2JJ?tag=eloabder-20&linkCode=osi&th=1&psc=1">View Product</a></div>










<div class="product"><a href="https://www.amazon.com/dp/B001U0OJ7O?tag=eloabder-20&linkCode=osi&th=1&psc=1"><img src="https://m.media-amazon.com/images/I/41XEg3QV-wL._SL500_.jpg" alt="Product Image"></a><p>Whirlpool W10165294RB 15-Inch Plastic Trash Compactor ct, 60 Bags, Count</p><p>$48.34</p><a href="https://www.amazon.com/dp/B001U0OJ7O?tag=eloabder-20&linkCode=osi&th=1&psc=1">View Product</a></div><div class="product"><a href="https://www.amazon.com/dp/B0CC3V4ZZ4?tag=eloabder-20&linkCode=osi&th=1&psc=1"><img src="https://m.media-amazon.com/images/I/31bbvodHnjL._SL500_.jpg" alt="Product Image"></a><p>Waste Smasher- Hand-Held Manual Trash Compactor Dishwasher Safe Black</p><p>$24.95</p><a href="https://www.amazon.com/dp/B0CC3V4ZZ4?tag=eloabder-20&linkCode=osi&th=1&psc=1">View Product</a></div><div class="product"><a href="https://www.amazon.com/dp/B00IYO5914?tag=eloabder-20&linkCode=osi&th=1&psc=1"><img src="https://m.media-amazon.com/images/I/51SLpTXIYNL._SL500_.jpg" alt="Product Image"></a><p>Kitchen Master Super Strong Compactor Bags Pre Cuffed (12 Pack)</p><p>$34.95</p><a href="https://www.amazon.com/dp/B00IYO5914?tag=eloabder-20&linkCode=osi&th=1&psc=1">View Product</a></div><div class="product"><a href="https://www.amazon.com/dp/B075DJ4ZVQ?tag=eloabder-20&linkCode=osi&th=1&psc=1"><img src="https://m.media-amazon.com/images/I/51Vaek4I89L._SL500_.jpg" alt="Product Image"></a><p>Dano Pre-Cuffed Compactor Bags</p><p>$32.95 ($2.75 / Count)</p><a href="https://www.amazon.com/dp/B075DJ4ZVQ?tag=eloabder-20&linkCode=osi&th=1&psc=1">View Product</a></div><div class="product"><a href="https://www.amazon.com/dp/B0C2DCVCBJ?tag=eloabder-20&linkCode=osi&th=1&psc=1"><img src="https://m.media-amazon.com/images/I/51072CtaKuL._SL500_.jpg" alt="Product Image"></a><p>60-pack W10165294RB Trash Compactor Bags - leak-proof trash compactor bags for kitchen 60-ct 15 inches - Fits 15-inch Rectangular Drawer Compactors</p><p>$45.99 ($0.77 / Count)</p><a href="https://www.amazon.com/dp/B0C2DCVCBJ?tag=eloabder-20&linkCode=osi&th=1&psc=1">View Product</a></div><div class="product"><a href="https://www.amazon.com/dp/B001U0OJ7E?tag=eloabder-20&linkCode=osi&th=1&psc=1"><img src="https://m.media-amazon.com/images/I/41c0z26RyvL._SL500_.jpg" alt="Product Image"></a><p>Whirlpool W10165293RB Genuine OEM 60 Pack-Plastic Compactor Bags-18" Models â€“ 1394369, 4178058, 4318932, 4318933, 4318935, 4318937, 4318939, AH1964576, EA1964576, PS1964576</p><p>$48.64 ($0.81 / Count)</p><a href="https://www.amazon.com/dp/B001U0OJ7E?tag=eloabder-20&linkCode=osi&th=1&psc=1">View Product</a></div><div class="product"><a href="https://www.amazon.com/dp/B00W27J16S?tag=eloabder-20&linkCode=osi&th=1&psc=1"><img src="https://m.media-amazon.com/images/I/41RaOjAGlrL._SL500_.jpg" alt="Product Image"></a><p>Compactor Bags Pre Cuffed (50 Pack)</p><p>$84.95 ($1.70 / count)</p><a href="https://www.amazon.com/dp/B00W27J16S?tag=eloabder-20&linkCode=osi&th=1&psc=1">View Product</a></div><div class="product"><a href="https://www.amazon.com/dp/B00MOCYY2W?tag=eloabder-20&linkCode=osi&th=1&psc=1"><img src="https://m.media-amazon.com/images/I/41SH8mDsAnL._SL500_.jpg" alt="Product Image"></a><p>GE WX60X1 Genuine OEM Universal Trash Compactor Bags for GE Trash Compactors</p><p>$19.00</p><a href="https://www.amazon.com/dp/B00MOCYY2W?tag=eloabder-20&linkCode=osi&th=1&psc=1">View Product</a></div><div class="product"><a href="https://www.amazon.com/dp/B0D7SFSTNG?tag=eloabder-20&linkCode=osi&th=1&psc=1"><img src="https://m.media-amazon.com/images/I/41szt9tZJPL._SL500_.jpg" alt="Product Image"></a><p>4PCS Trash Compactor Charcoal Air Filter Fit for Whirlpool/KitchenAid/Maytag/Jenn-Air/Amana/Inglis/Magic Chef Trash Compactor, Replaces 4151750 554358 WP4151750 AP6009134 PS11742279</p><p>$23.59 ($5.90 / Count)</p><a href="https://www.amazon.com/dp/B0D7SFSTNG?tag=eloabder-20&linkCode=osi&th=1&psc=1">View Product</a></div>
<div class="product"><a href="https://www.amazon.com/dp/B0CGLX5ZB9?tag=eloabder-20&linkCode=osi&th=1&psc=1"><img src="https://m.media-amazon.com/images/I/51qeRZQS98L._SL500_.jpg" alt="Product Image"></a><p>Spare Replacement Parts Compatible with MAMNV BR150 BR151, ZCWA BR150 BR151, MANVINS G20 Robot Vacuum and Mop Combo Accessories Include: 3 Hepa Filters 3 Mop Pads 6 Side Spin Brushes</p><p>$9.98</p><a href="https://www.amazon.com/dp/B0CGLX5ZB9?tag=eloabder-20&linkCode=osi&th=1&psc=1">View Product</a></div><div class="product"><a href="https://www.amazon.com/dp/B0B28DGZBG?tag=eloabder-20&linkCode=osi&th=1&psc=1"><img src="https://m.media-amazon.com/images/I/51ooMN4RqML._SL500_.jpg" alt="Product Image"></a><p>Replacement Parts for Shark AI AV2511AE AV2501S AV2610WA AV2501AE RV2502AE RV2610WA RV2520 AV2510 2-In-1 AI Ultra Robot Vacuum Cleaner Accessories Kits. Main Brush, HEPA Filter, Foam Filter,Side Brush</p><p>$19.99 ($1.05 / Count)</p><a href="https://www.amazon.com/dp/B0B28DGZBG?tag=eloabder-20&linkCode=osi&th=1&psc=1">View Product</a></div><div class="product"><a href="https://www.amazon.com/dp/B0782T7L6P?tag=eloabder-20&linkCode=osi&th=1&psc=1"><img src="https://m.media-amazon.com/images/I/41hTVkuzMJL._SL500_.jpg" alt="Product Image"></a><p>10pcs HEPA Filters Replacement for ILIFE V3s V3s pro V5 V5s V5s Pro V5s Pro 2 V5s Plus Noisz S5 Robotic Vacuum Cleaner ILIFE V3s pro Filters ILIFE Robot Vacuum Filter</p><p>$9.80 ($0.98 / Count)</p><a href="https://www.amazon.com/dp/B0782T7L6P?tag=eloabder-20&linkCode=osi&th=1&psc=1">View Product</a></div><div class="product"><a href="https://www.amazon.com/dp/B0CXLVHTTC?tag=eloabder-20&linkCode=osi&th=1&psc=1"><img src="https://m.media-amazon.com/images/I/51BT3phYzKL._SL500_.jpg" alt="Product Image"></a><p>HUIZHEN Spare Accessories for MAMNV BR150/BR151, for ZCWA BR150/BR151, for MANVINS G20,for GTTVO BR150/BR151,for ONSON BR150/BR151 Robot Vacuum Replacement Parts,6 Side Brush,4 HEPA Filters,4 Mop Pads</p><p>$9.99</p><a href="https://www.amazon.com/dp/B0CXLVHTTC?tag=eloabder-20&linkCode=osi&th=1&psc=1">View Product</a></div><div class="product"><a href="https://www.amazon.com/dp/B08RYDDQL8?tag=eloabder-20&linkCode=osi&th=1&psc=1"><img src="https://m.media-amazon.com/images/I/314Xd7+oBXL._SL500_.jpg" alt="Product Image"></a><p>AirClean 4 Pack 3.7" High Replacement Base Pre-Motor Foam Filters Compatible with Shark IQ Robot Vacuum R101AE RV1001AE UR1005AE Self-Empty Base</p><p>$12.99 ($3.25 / Count)</p><a href="https://www.amazon.com/dp/B08RYDDQL8?tag=eloabder-20&linkCode=osi&th=1&psc=1">View Product</a></div><div class="product"><a href="https://www.amazon.com/dp/B0CJLHJ557?tag=eloabder-20&linkCode=osi&th=1&psc=1"><img src="https://m.media-amazon.com/images/I/41iQm8hUjiL._SL500_.jpg" alt="Product Image"></a><p>Replacement Parts Compatible with WYZE Robot Vacuum Cleaner WVCR200S Accessories, 2 Main Brushes, 6 Hepa Filters, 8 Side Brushes Attachment Spare Pack</p><p>$14.99 ($0.94 / Count)</p><a href="https://www.amazon.com/dp/B0CJLHJ557?tag=eloabder-20&linkCode=osi&th=1&psc=1">View Product</a></div>
<div class="product"><a href="https://www.amazon.com/dp/B0C4595Q8P?tag=eloabder-20&linkCode=osi&th=1&psc=1"><img src="https://m.media-amazon.com/images/I/51k23SAtRxL._SL500_.jpg" alt="Product Image"></a><p>4 Pack FSV001 HEPA Filter Compatiable with Fabuletta FSV101, FSV001, Girnoor G160&G165, Afoddon A300, Lubluelu 202, Oraimo Cordless Vacuum Cleaner, Besswin W26 Cordless Stick Vacuum Cleaners</p><p>$15.99 ($4.00 / Count)</p><a href="https://www.amazon.com/dp/B0C4595Q8P?tag=eloabder-20&linkCode=osi&th=1&psc=1">View Product</a></div>
<div class="product"><a href="https://www.amazon.com/dp/B0BNKJX96X?tag=eloabder-20&linkCode=osi&th=1&psc=1"><img src="https://m.media-amazon.com/images/I/41OPeLFppoL._SL500_.jpg" alt="Product Image"></a><p>6 PACK 2033 Replacement Filter Compatible with Bissell Featherweight Stick Lightweight Bagless Vacuum Cleaner 20331, 20333, 20334, 20336, 20339, 2033M,6 Mesh Filter 6 Foam Filters, Replace # 1611508</p><p>$14.99 ($2.50 / Count)</p><a href="https://www.amazon.com/dp/B0BNKJX96X?tag=eloabder-20&linkCode=osi&th=1&psc=1">View Product</a></div><div class="product"><a href="https://www.amazon.com/dp/B0CMBWLTSM?tag=eloabder-20&linkCode=osi&th=1&psc=1"><img src="https://m.media-amazon.com/images/I/41PHqKaLTDL._SL500_.jpg" alt="Product Image"></a><p>18V ONE + Cordless Pet Stick Vacuum Filter for Ryobi, PCL720, PBLSV716, PBLSV717 Stick Vacuum, Reusable Washable Filters, Compare to Part A32SV720N, 6 Pack</p><p>$15.99 ($2.66 / Count)</p><a href="https://www.amazon.com/dp/B0CMBWLTSM?tag=eloabder-20&linkCode=osi&th=1&psc=1">View Product</a></div><div class="product"><a href="https://www.amazon.com/dp/B0CXDYWWT9?tag=eloabder-20&linkCode=osi&th=1&psc=1"><img src="https://m.media-amazon.com/images/I/41F1csTT8jL._SL500_.jpg" alt="Product Image"></a><p>2 Replacement Filters for Craftsman V20 Cordless Stick Vacuum CMCVS001D1, for Black Decker BSVF1 BSV2020 BSV2020G BSV2020P Cordless Stick Vacuum Cleaner with 1 Cleaning Brush</p><p>$14.99</p><a href="https://www.amazon.com/dp/B0CXDYWWT9?tag=eloabder-20&linkCode=osi&th=1&psc=1">View Product</a></div><div class="product"><a href="https://www.amazon.com/dp/B0CCJ5N5DH?tag=eloabder-20&linkCode=osi&th=1&psc=1"><img src="https://m.media-amazon.com/images/I/41xmhDPqk8L._SL500_.jpg" alt="Product Image"></a><p>Aolleteau 1 Pack Brush Roller Compatible with Black + Decker BSV2020, BSV2020P, BSV2020G Powerseries Extreme Cordless Stick Vacuum and Compatible with Craftsman V20 Cordless Stick Vacuum CMCVS001D1</p><p>$17.99</p><a href="https://www.amazon.com/dp/B0CCJ5N5DH?tag=eloabder-20&linkCode=osi&th=1&psc=1">View Product</a></div><div class="product"><a href="https://www.amazon.com/dp/B0CQY61LFD?tag=eloabder-20&linkCode=osi&th=1&psc=1"><img src="https://m.media-amazon.com/images/I/31swBBC444L._SL500_.jpg" alt="Product Image"></a><p>Tablenco for Shark HZ602 Filter Replacement Ultralight Pet Pro Corded Stick Vacuum and HZ2002 Vertex DuoClean PowerFins fit HZ2000 HZ251 HZ250 HH200 HH202,4 Foam Felt 4 Motor Kit (No cleaning brush)</p><p>$9.98</p><a href="https://www.amazon.com/dp/B0CQY61LFD?tag=eloabder-20&linkCode=osi&th=1&psc=1">View Product</a></div><div class="product"><a href="https://www.amazon.com/dp/B09Q55KW8W?tag=eloabder-20&linkCode=osi&th=1&psc=1"><img src="https://m.media-amazon.com/images/I/51MKsJy6nSL._SL500_.jpg" alt="Product Image"></a><p>Anicell 2033 Featherweight Filter for Bissell Featherweight Stick Lightweight Bagless Vacuum 20331 20333 20334 20336 20339 2033M, 4 Mesh Filters 6 Foam Filters Replacement, Replace part# 1611508</p><p>$11.99</p><a href="https://www.amazon.com/dp/B09Q55KW8W?tag=eloabder-20&linkCode=osi&th=1&psc=1">View Product</a></div><div class="product"><a href="https://www.amazon.com/dp/B0CDVG7LHD?tag=eloabder-20&linkCode=osi&th=1&psc=1"><img src="https://m.media-amazon.com/images/I/41hjN1Te6sL._SL500_.jpg" alt="Product Image"></a><p>Moreffi 3 Pack Filter Replacement For HART Cordless Stick Vacuum HPSV01 and HPSV50, Compare to Part Number HASV01</p><p>$19.99 ($6.66 / Count)</p><a href="https://www.amazon.com/dp/B0CDVG7LHD?tag=eloabder-20&linkCode=osi&th=1&psc=1">View Product</a></div>
<div class="product"><a href="https://www.amazon.com/dp/B07DQ9TZC8?tag=eloabder-20&linkCode=osi&th=1&psc=1"><img src="https://m.media-amazon.com/images/I/41PHyZ20FuL._SL500_.jpg" alt="Product Image"></a><p>Kenmore 53294 Style O HEPA Cloth Vacuum Bags for Kenmore Upright Vacuum Cleaners 6 Pack,White</p><p>$20.99 ($3.50 / Count)</p><a href="https://www.amazon.com/dp/B07DQ9TZC8?tag=eloabder-20&linkCode=osi&th=1&psc=1">View Product</a></div><div class="product"><a href="https://www.amazon.com/dp/B08MXVTTT2?tag=eloabder-20&linkCode=osi&th=1&psc=1"><img src="https://m.media-amazon.com/images/I/41T6wRpIMzL._SL500_.jpg" alt="Product Image"></a><p>Kenmore IB600 HEPA Replacement Intuition Upright Vacuum Cleaner Bags for BU4022, BU4020, BU4018, BU4050, BU3040,White</p><p>$18.75</p><a href="https://www.amazon.com/dp/B08MXVTTT2?tag=eloabder-20&linkCode=osi&th=1&psc=1">View Product</a></div><div class="product"><a href="https://www.amazon.com/dp/B01010JVYO?tag=eloabder-20&linkCode=osi&th=1&psc=1"><img src="https://m.media-amazon.com/images/I/51Anluh47GL._SL500_.jpg" alt="Product Image"></a><p>EnviroCare Replacement Micro Filtration Vacuum Cleaner Dust Bags Designed to fit Hoover Windtunnel Upright Type Y 9 pack</p><p>$9.89 ($1.10 / Count)</p><a href="https://www.amazon.com/dp/B01010JVYO?tag=eloabder-20&linkCode=osi&th=1&psc=1">View Product</a></div><div class="product"><a href="https://www.amazon.com/dp/B0D5CP3WBY?tag=eloabder-20&linkCode=osi&th=1&psc=1"><img src="https://m.media-amazon.com/images/I/31MaGmsVOwL._SL500_.jpg" alt="Product Image"></a><p>Bagless Upright Kenmore Vacuum HEPA Filters, Compatible with Foam Filters, Felt Filters and Upright vacuum cleaner for Models K4010,DU2015,DU2012(includes 1 Hepa Filters,2 Foam and 2 Felt Filters)</p><p>$12.99</p><a href="https://www.amazon.com/dp/B0D5CP3WBY?tag=eloabder-20&linkCode=osi&th=1&psc=1">View Product</a></div><div class="product"><a href="https://www.amazon.com/dp/B0CBFV28WX?tag=eloabder-20&linkCode=osi&th=1&psc=1"><img src="https://m.media-amazon.com/images/I/51LIYI0wXSL._SL500_.jpg" alt="Product Image"></a><p>16 Packs Vacuum Bags for Oreck Type CC, Compatible with All Oreck XL Upright Vacuum Cleaner - Replaces Part # CCPK8DW</p><p>$21.99 ($1.37 / Count)</p><a href="https://www.amazon.com/dp/B0CBFV28WX?tag=eloabder-20&linkCode=osi&th=1&psc=1">View Product</a></div><div class="product"><a href="https://www.amazon.com/dp/B00F9GQMHA?tag=eloabder-20&linkCode=osi&th=1&psc=1"><img src="https://m.media-amazon.com/images/I/51lhelurelL._SL500_.jpg" alt="Product Image"></a><p>EnviroCare Replacement Premium Vacuum Cleaner Dust Bags made to fit Eureka F&G Uprights 9 bags</p><p>$11.09</p><a href="https://www.amazon.com/dp/B00F9GQMHA?tag=eloabder-20&linkCode=osi&th=1&psc=1">View Product</a></div><div class="product"><a href="https://www.amazon.com/dp/B002CI8G1I?tag=eloabder-20&linkCode=osi&th=1&psc=1"><img src="https://m.media-amazon.com/images/I/51PYQrQpbSL._SL500_.jpg" alt="Product Image"></a><p>EnviroCare Replacement Micro Filtration Vacuum Cleaner Dust Bags made to fit Kenmore Upright Type U/L/O 50688 and 50690, Panasonic Type U-2, Miele Type Z. 9 pack</p><p>$9.99</p><a href="https://www.amazon.com/dp/B002CI8G1I?tag=eloabder-20&linkCode=osi&th=1&psc=1">View Product</a></div>
<div class="product"><a href="https://www.amazon.com/dp/B07GNQJ67P?tag=eloabder-20&linkCode=osi&th=1&psc=1"><img src="https://m.media-amazon.com/images/I/41XHnKbgjAL._SL500_.jpg" alt="Product Image"></a><p>Kenmore 53292 Type Q HEPA Replacement Dust Bags for Canister Vacuum 81214, 81414, 81714, 21814, BC2005, BC3005, 81615, BC7005, 6 Count (Pack of 1)</p><p>$13.24 ($2.21 / Count)</p><a href="https://www.amazon.com/dp/B07GNQJ67P?tag=eloabder-20&linkCode=osi&th=1&psc=1">View Product</a></div><div class="product"><a href="https://www.amazon.com/dp/B01L0C0FVK?tag=eloabder-20&linkCode=osi&th=1&psc=1"><img src="https://m.media-amazon.com/images/I/51ZIjbo9NVL._SL500_.jpg" alt="Product Image"></a><p>Envirocare Replacement Vacuum Bags Compatible with Kenmore Canister Type C/Q. 5055, 50557 and 50558 Panasonic Type C-5 Vacuums,15 pack</p><p>$16.16</p><a href="https://www.amazon.com/dp/B01L0C0FVK?tag=eloabder-20&linkCode=osi&th=1&psc=1">View Product</a></div><div class="product"><a href="https://www.amazon.com/dp/B0BTRTP2PM?tag=eloabder-20&linkCode=osi&th=1&psc=1"><img src="https://m.media-amazon.com/images/I/41K295aRv9L._SL500_.jpg" alt="Product Image"></a><p>Vacuum Cleaner Bags Fit for Kenmore Canister Type C/Q 50555 50557 50558 and Type C-5, 10PCs</p><p>$15.99</p><a href="https://www.amazon.com/dp/B0BTRTP2PM?tag=eloabder-20&linkCode=osi&th=1&psc=1">View Product</a></div><div class="product"><a href="https://www.amazon.com/dp/B0CRQYGLZX?tag=eloabder-20&linkCode=osi&th=1&psc=1"><img src="https://m.media-amazon.com/images/I/413iXp+j3ML._SL500_.jpg" alt="Product Image"></a><p>15 Pack Canister Vacuum Cleaner Bags Compatible with Kenmore Canister Type C/Q 5055, 50555, 50557, 50558 and Type C-5, C-18, 53292, 200 Series, 400 Series, 600 Series, 700 Series, 800 Series Vacuum</p><p>$11.69</p><a href="https://www.amazon.com/dp/B0CRQYGLZX?tag=eloabder-20&linkCode=osi&th=1&psc=1">View Product</a></div><div class="product"><a href="https://www.amazon.com/dp/B00QGD3SBI?tag=eloabder-20&linkCode=osi&th=1&psc=1"><img src="https://m.media-amazon.com/images/I/51xw0asyqTL._SL500_.jpg" alt="Product Image"></a><p>EnviroCare Replacement Vacuum Bags made to fit Kenmore Canister Type C or Q 50555, 50558, 50557 and Panasonic Type C-5 Vacuums, 9 pack</p><p>$9.79</p><a href="https://www.amazon.com/dp/B00QGD3SBI?tag=eloabder-20&linkCode=osi&th=1&psc=1">View Product</a></div><div class="product"><a href="https://www.amazon.com/dp/B0CQP9NP5N?tag=eloabder-20&linkCode=osi&th=1&psc=1"><img src="https://m.media-amazon.com/images/I/41WnNkTz8zL._SL500_.jpg" alt="Product Image"></a><p>8 Pack Replacement Vacuum Bags Compatible with Kenmore Canister Type C/Q. 5055, 50104, 50557 and 50558 Panasonic Type C-5 Vacuums</p><p>$9.99 ($1.25 / Count)</p><a href="https://www.amazon.com/dp/B0CQP9NP5N?tag=eloabder-20&linkCode=osi&th=1&psc=1">View Product</a></div>
<div class="product"><a href="https://www.amazon.com/dp/B09M3Y2BHR?tag=eloabder-20&linkCode=osi&th=1&psc=1"><img src="https://m.media-amazon.com/images/I/31tevngai1L._SL500_.jpg" alt="Product Image"></a><p>Ymimi Vacuum Filter Compatible with Eureka WhirlWind Bagless Canister Vacuum Cleaner,Fits NEN110A,NEN110B,NEN110Dï¼ˆ2-Packï¼‰</p><p>$11.99 ($6.00 / Count)</p><a href="https://www.amazon.com/dp/B09M3Y2BHR?tag=eloabder-20&linkCode=osi&th=1&psc=1">View Product</a></div><div class="product"><a href="https://www.amazon.com/dp/B07J1WWBHN?tag=eloabder-20&linkCode=osi&th=1&psc=1"><img src="https://m.media-amazon.com/images/I/51gmkDrnR2L._SL500_.jpg" alt="Product Image"></a><p>Bissell Powerforce Helix Bagless Washable Premotor Filter #1608225, Black</p><p>$7.78</p><a href="https://www.amazon.com/dp/B07J1WWBHN?tag=eloabder-20&linkCode=osi&th=1&psc=1">View Product</a></div><div class="product"><a href="https://www.amazon.com/dp/B0BK64TMMK?tag=eloabder-20&linkCode=osi&th=1&psc=1"><img src="https://m.media-amazon.com/images/I/41OBMvET7eL._SL500_.jpg" alt="Product Image"></a><p>Vacuum Belt Replacement for Bissell Cleanview Swivel Pet Upright Bagless/Powerlifter Vacuum Cleaner, fits model: 2252, 2254, 22543, 2258,2259, 2260,2316, 2739, 1793, Parts # 3031120, 32074</p><p>$6.99</p><a href="https://www.amazon.com/dp/B0BK64TMMK?tag=eloabder-20&linkCode=osi&th=1&psc=1">View Product</a></div><div class="product"><a href="https://www.amazon.com/dp/B0BKKL3WRB?tag=eloabder-20&linkCode=osi&th=1&psc=1"><img src="https://m.media-amazon.com/images/I/410jMe-FjIL._SL500_.jpg" alt="Product Image"></a><p>Aolleteau F1 HEPA Filter Compatible with Dirt Devil Bagless Upright Cleaner Models Extra Lite, Breeze, Featherlite Bagless, Jaguar Bagless,Platinum Force Vision, Scorpion and Vision Bagless (2 Pack)</p><p>$13.99 ($7.00 / Count)</p><a href="https://www.amazon.com/dp/B0BKKL3WRB?tag=eloabder-20&linkCode=osi&th=1&psc=1">View Product</a></div><div class="product"><a href="https://www.amazon.com/dp/B09SG1P4WN?tag=eloabder-20&linkCode=osi&th=1&psc=1"><img src="https://m.media-amazon.com/images/I/51+Mr+Wq5ML._SL500_.jpg" alt="Product Image"></a><p>NEN110A Vacuum Filter, Inlet Frame and Sponge Filter Compatible with Eureka Whirlwind Bagless Canister Vacuum Cleaner, Fits NEN110A, NEN110B, NEN110D(4-Pack)</p><p>$15.99 ($4.00 / Count)</p><a href="https://www.amazon.com/dp/B09SG1P4WN?tag=eloabder-20&linkCode=osi&th=1&psc=1">View Product</a></div>
<div class="product"><a href="https://www.amazon.com/dp/B07GT9VB9X?tag=eloabder-20&linkCode=osi&th=1&psc=1"><img src="https://m.media-amazon.com/images/I/41IokheYtNL._SL500_.jpg" alt="Product Image"></a><p>6 Pack 1940 Bissell Steam Mop Pads for Bissell PowerFresh Steam Mop 1806 1544 1440 2075A 2685A 1940W 19404 Series, Model 19402 19408 1940a 1940f 1940q 1940t B0006 B0017, Part #5938#203-2633</p><p>$16.99 ($2.83 / Count)</p><a href="https://www.amazon.com/dp/B07GT9VB9X?tag=eloabder-20&linkCode=osi&th=1&psc=1">View Product</a></div><div class="product"><a href="https://www.amazon.com/dp/B07H3MYZLD?tag=eloabder-20&linkCode=osi&th=1&psc=1"><img src="https://m.media-amazon.com/images/I/511p6MPxQ0L._SL500_.jpg" alt="Product Image"></a><p>Flammi Steam Pocket Mop Replacement Pads for Shark S3500 Series S3501 S3601 S3550 S3901 SE450 S3801CO S3601D S2901 S2902 Steam Pocket Mop, 4 Pack</p><p>$16.97 ($4.24 / Count)</p><a href="https://www.amazon.com/dp/B07H3MYZLD?tag=eloabder-20&linkCode=osi&th=1&psc=1">View Product</a></div><div class="product"><a href="https://www.amazon.com/dp/B0C8SH97HN?tag=eloabder-20&linkCode=osi&th=1&psc=1"><img src="https://m.media-amazon.com/images/I/31Mex4y7odL._SL500_.jpg" alt="Product Image"></a><p>HOMEXCEL Steam Mop Replacement Pads Compatible with Bissell Powerfresh Steam Mop 1940 1806 1440 1544 Series, Model 19402 19404 19408 2685A 2075A 1940A 1940Q 1940T 1940W, Steam Mop Pads Refills,4 Pack</p><p>$9.99 ($2.50 / Count)</p><a href="https://www.amazon.com/dp/B0C8SH97HN?tag=eloabder-20&linkCode=osi&th=1&psc=1">View Product</a></div><div class="product"><a href="https://www.amazon.com/dp/B0BFWTXS33?tag=eloabder-20&linkCode=osi&th=1&psc=1"><img src="https://m.media-amazon.com/images/I/51pa2h7o0EL._SL500_.jpg" alt="Product Image"></a><p>12 Pack 1940 Steam Mop Replacement Pads for Bissell Powerfresh Steam Mop 1940 1440 1806 1544 2075 2685A 2814 Series, Model 19402 19404 19408 19409 1940A 1940F 1940Q 1940T 1940W B0006 B0017 2075A 15441</p><p>$24.99</p><a href="https://www.amazon.com/dp/B0BFWTXS33?tag=eloabder-20&linkCode=osi&th=1&psc=1">View Product</a></div><div class="product"><a href="https://www.amazon.com/dp/B0CLP5QGTY?tag=eloabder-20&linkCode=osi&th=1&psc=1"><img src="https://m.media-amazon.com/images/I/414HqpKde9L._SL500_.jpg" alt="Product Image"></a><p>10 Pack 1940 1806 2685A Steam Mop Pads For Bissell Powerfresh Steam Mop Deluxe Pet Lift-Off Plus Slim Scrubbing Steam Mop Replacement Pad 1940A 2814 1544A 2075A Power Fresh Steamer Pad Refill Washable</p><p>$22.99 ($2.30 / Count)</p><a href="https://www.amazon.com/dp/B0CLP5QGTY?tag=eloabder-20&linkCode=osi&th=1&psc=1">View Product</a></div><div class="product"><a href="https://www.amazon.com/dp/B078BBKBPV?tag=eloabder-20&linkCode=osi&th=1&psc=1"><img src="https://m.media-amazon.com/images/I/51WcJqtOUIL._SL500_.jpg" alt="Product Image"></a><p>Tidy Monster Steam Mop Replacement Pads Compatible with Bissell Powerfresh Steam Mop 1940 1806 1544 1440 2075A 2685A Series, Part # 5938 & 203-2633, 1606668 & 1606669 (4 Pack Scrub Plush)</p><p>$9.99</p><a href="https://www.amazon.com/dp/B078BBKBPV?tag=eloabder-20&linkCode=osi&th=1&psc=1">View Product</a></div><div class="product"><a href="https://www.amazon.com/dp/B00A6G37SU?tag=eloabder-20&linkCode=osi&th=1&psc=1"><img src="https://m.media-amazon.com/images/I/51xo0LB-SpL._SL500_.jpg" alt="Product Image"></a><p>BISSELL PowerFresh Steam Mop Pads (Pack of 2) with Fragrance discs (4 ct), 5938</p><p>$21.26 ($10.63 / Count)</p><a href="https://www.amazon.com/dp/B00A6G37SU?tag=eloabder-20&linkCode=osi&th=1&psc=1">View Product</a></div>
<div class="product"><a href="https://www.amazon.com/dp/B0D2QFVY7H?tag=eloabder-20&linkCode=osi&th=1&psc=1"><img src="https://m.media-amazon.com/images/I/417B7H+vvML._SL500_.jpg" alt="Product Image"></a><p>Kenmore KS1010 Deep Clean & Revitalize Pet Carpet Cleaner Formula, 64 oz, White, 64 Fl Oz</p><p>$22.73 ($0.36 / Fl Oz)</p><a href="https://www.amazon.com/dp/B0D2QFVY7H?tag=eloabder-20&linkCode=osi&th=1&psc=1">View Product</a></div><div class="product"><a href="https://www.amazon.com/dp/B0BNK8ZJJ1?tag=eloabder-20&linkCode=osi&th=1&psc=1"><img src="https://m.media-amazon.com/images/I/51z0Pc4xcNL._SL500_.jpg" alt="Product Image"></a><p>Bissell Spotlifter Pet Carpet and Upholstery Cleaner with Brush Head - 4 Pack, 93523</p><p>$23.88 ($0.50 / Fl Oz)</p><a href="https://www.amazon.com/dp/B0BNK8ZJJ1?tag=eloabder-20&linkCode=osi&th=1&psc=1">View Product</a></div><div class="product"><a href="https://www.amazon.com/dp/B0CX245D26?tag=eloabder-20&linkCode=osi&th=1&psc=1"><img src="https://m.media-amazon.com/images/I/411CSXvvO1L._SL500_.jpg" alt="Product Image"></a><p>BISSELLÂ® Spot & Stain with Febreze + Gain Original Scent Formula for Little Green Devices, Portable Carpet Cleaners (3968)</p><p>$12.99 ($0.41 / Fl Oz)</p><a href="https://www.amazon.com/dp/B0CX245D26?tag=eloabder-20&linkCode=osi&th=1&psc=1">View Product</a></div><div class="product"><a href="https://www.amazon.com/dp/B083VZW4R5?tag=eloabder-20&linkCode=osi&th=1&psc=1"><img src="https://m.media-amazon.com/images/I/413BULPLmBL._SL500_.jpg" alt="Product Image"></a><p>BISSELL Multi-Surface Pet Formula with Febreze Freshness for Crosswave (80 oz), 2295L</p><p>$22.99 ($0.29 / Fl Oz)</p><a href="https://www.amazon.com/dp/B083VZW4R5?tag=eloabder-20&linkCode=osi&th=1&psc=1">View Product</a></div><div class="product"><a href="https://www.amazon.com/dp/B0D2RGW219?tag=eloabder-20&linkCode=osi&th=1&psc=1"><img src="https://m.media-amazon.com/images/I/41gD+82tnAL._SL500_.jpg" alt="Product Image"></a><p>Vacmaster Clean & Restore Carpet Cleaner Formula â€“ CCS03</p><p>$19.99 ($0.31 / Fl Oz)</p><a href="https://www.amazon.com/dp/B0D2RGW219?tag=eloabder-20&linkCode=osi&th=1&psc=1">View Product</a></div>






<div class="product"><a href="https://www.amazon.com/dp/B0BY64HQTP?tag=eloabder-20&linkCode=osi&th=1&psc=1"><img src="https://m.media-amazon.com/images/I/41hUxHuASYL._SL500_.jpg" alt="Product Image"></a><p>Air Conditioning Motor WZDK13-38G-1(RD-310-13-8) DC Brushless Fan Motor, 13W Inverter air Conditioner Motor DC Motor for Central air Conditioner</p><p>$39.95</p><a href="https://www.amazon.com/dp/B0BY64HQTP?tag=eloabder-20&linkCode=osi&th=1&psc=1">View Product</a></div><div class="product"><a href="https://www.amazon.com/dp/B0CM5YB884?tag=eloabder-20&linkCode=osi&th=1&psc=1"><img src="https://m.media-amazon.com/images/I/310lQ2tAvLL._SL500_.jpg" alt="Product Image"></a><p>Sparkfix OEM WZDK20-38G (ZKFP-20-8-6) Air Conditioner Replacement Motors DC280V 20W Air Conditioning Fan Motor Inverter Air Conditioner Brushless DC Motor 1300RPM CCW</p><p>$42.79</p><a href="https://www.amazon.com/dp/B0CM5YB884?tag=eloabder-20&linkCode=osi&th=1&psc=1">View Product</a></div>













<div class="product"><a href="https://www.amazon.com/dp/B009PCI2JU?tag=eloabder-20&linkCode=osi&th=1&psc=1"><img src="https://m.media-amazon.com/images/I/310ZJurANUL._SL500_.jpg" alt="Product Image"></a><p>GE RPWFE Refrigerator Water Filter | Certified to Reduce Lead, Sulfur, and 50+ Other Impurities | Replace Every 6 Months for Best Results | Pack of 1</p><p>$49.98</p><a href="https://www.amazon.com/dp/B009PCI2JU?tag=eloabder-20&linkCode=osi&th=1&psc=1">View Product</a></div><div class="product"><a href="https://www.amazon.com/dp/B0882ZJ48W?tag=eloabder-20&linkCode=osi&th=1&psc=1"><img src="https://m.media-amazon.com/images/I/41110o9sUoL._SL500_.jpg" alt="Product Image"></a><p>GE XWFE Refrigerator Water Filter | Certified to Reduce Lead, Sulfur, and 50+ Other Impurities | Replace Every 6 Months for Best Results | Pack of 1, White</p><p>$49.00</p><a href="https://www.amazon.com/dp/B0882ZJ48W?tag=eloabder-20&linkCode=osi&th=1&psc=1">View Product</a></div><div class="product"><a href="https://www.amazon.com/dp/B074HLRXMP?tag=eloabder-20&linkCode=osi&th=1&psc=1"><img src="https://m.media-amazon.com/images/I/21oDpGCQXiL._SL500_.jpg" alt="Product Image"></a><p>LG LT1000P - 6 Month / 200 Gallon Capacity Replacement Refrigerator Water Filter (NSF42, NSF53, and NSF401) ADQ74793501, ADQ75795105, or AGF80300704 , White</p><p>$47.00</p><a href="https://www.amazon.com/dp/B074HLRXMP?tag=eloabder-20&linkCode=osi&th=1&psc=1">View Product</a></div><div class="product"><a href="https://www.amazon.com/dp/B01BKWSHHE?tag=eloabder-20&linkCode=osi&th=1&psc=1"><img src="https://m.media-amazon.com/images/I/31E2+zlkvjL._SL500_.jpg" alt="Product Image"></a><p>Frigidaire EPTWFU01 Water Filtration Filter, 1 Count, White</p><p>$42.99</p><a href="https://www.amazon.com/dp/B01BKWSHHE?tag=eloabder-20&linkCode=osi&th=1&psc=1">View Product</a></div><div class="product"><a href="https://www.amazon.com/dp/B08V6JB9R7?tag=eloabder-20&linkCode=osi&th=1&psc=1"><img src="https://m.media-amazon.com/images/I/31PRPEffCZL._SL500_.jpg" alt="Product Image"></a><p>Frigidaire FPPWFU01 PurePour PWF-1 Water Filter 1 Count (Pack of 1)</p><p>$45.81</p><a href="https://www.amazon.com/dp/B08V6JB9R7?tag=eloabder-20&linkCode=osi&th=1&psc=1">View Product</a></div><div class="product"><a href="https://www.amazon.com/dp/B000AST3AK?tag=eloabder-20&linkCode=osi&th=1&psc=1"><img src="https://m.media-amazon.com/images/I/41DUoSxpwTS._SL500_.jpg" alt="Product Image"></a><p>GE MWF Refrigerator Water Filter | Certified to Reduce Lead, Sulfur, and 50+ Other Impurities | Replace Every 6 Months for Best Results | Pack of 1</p><p>$39.98</p><a href="https://www.amazon.com/dp/B000AST3AK?tag=eloabder-20&linkCode=osi&th=1&psc=1">View Product</a></div><div class="product"><a href="https://www.amazon.com/dp/B0CFZR7K8D?tag=eloabder-20&linkCode=osi&th=1&psc=1"><img src="https://m.media-amazon.com/images/I/31WM5sdhKLL._SL500_.jpg" alt="Product Image"></a><p>HMASAV W10295370A water filter replacement, Compatible with EDR1RXD1,EDR1RXD1B,W10295370,Filter 1,WHR1RXD1,KAD1RXD1,P4RFWB,P8RFWB2L,46-9930,46-9081 2PACK</p><p>$29.99 ($15.00 / Count)</p><a href="https://www.amazon.com/dp/B0CFZR7K8D?tag=eloabder-20&linkCode=osi&th=1&psc=1">View Product</a></div><div class="product"><a href="https://www.amazon.com/dp/B07JM9TTTT?tag=eloabder-20&linkCode=osi&th=1&psc=1"><img src="https://m.media-amazon.com/images/I/41CfAtJ8TPL._SL500_.jpg" alt="Product Image"></a><p>GLACIER FRESH LT1000PC Replacement Water Filter, Compatible with LT1000PC/PCS, LT1000PC, LT-1000PC, MDJ64844601, ADQ747935 ADQ74793504 Filter and LT120F ADQ73334008 Fresh Air (3+3)</p><p>$39.99 ($13.33 / Count)</p><a href="https://www.amazon.com/dp/B07JM9TTTT?tag=eloabder-20&linkCode=osi&th=1&psc=1">View Product</a></div><div class="product"><a href="https://www.amazon.com/dp/B003N1ZSYG?tag=eloabder-20&linkCode=osi&th=1&psc=1"><img src="https://m.media-amazon.com/images/I/31Mbrkrxu1L._SL500_.jpg" alt="Product Image"></a><p>SAMSUNG Genuine Filter for Refrigerator Water and Ice, Carbon Block Filtration for Clean, Clear Drinking Water, 6-Month Life, HAF-CIN/EXP, 1 Pack</p><p>$39.99</p><a href="https://www.amazon.com/dp/B003N1ZSYG?tag=eloabder-20&linkCode=osi&th=1&psc=1">View Product</a></div>









<div class="product"><a href="https://www.amazon.com/dp/B0B2NZ47HN?tag=eloabder-20&linkCode=osi&th=1&psc=1"><img src="https://m.media-amazon.com/images/I/41nC6c2XxJL._SL500_.jpg" alt="Product Image"></a><p>OTE Portable Sparkling Water Maker Soda Maker Machine for home with 20PCS Cylinders 450ml Personal seltzer Carbonators Electroless Double Layer PET Bottle BPA Free Double Pressure Relief Valves -Pink</p><p>$49.99</p><a href="https://www.amazon.com/dp/B0B2NZ47HN?tag=eloabder-20&linkCode=osi&th=1&psc=1">View Product</a></div><div class="product"><a href="https://www.amazon.com/dp/B09DY54L7M?tag=eloabder-20&linkCode=osi&th=1&psc=1"><img src="https://m.media-amazon.com/images/I/31LSpnm3G8L._SL500_.jpg" alt="Product Image"></a><p>MOSOLAN Bottle Cleaning Brush, 17 Inches Extra Long Handle Water Bottle Brush, Flexible Bendable Cleaner for Washing Narrow Neck Bottles, Wine Decanter, Kombucha, Pipes, Beer Brewing Supplies, 2 Pack</p><p>$11.95 ($5.98 / Count)</p><a href="https://www.amazon.com/dp/B09DY54L7M?tag=eloabder-20&linkCode=osi&th=1&psc=1">View Product</a></div><div class="product"><a href="https://www.amazon.com/dp/B0736CBNDN?tag=eloabder-20&linkCode=osi&th=1&psc=1"><img src="https://m.media-amazon.com/images/I/41tWXmwP5KL._SL500_.jpg" alt="Product Image"></a><p>#2 Filter Pads (10 Pack Bulk) Compatible with Mini Jet Machine | #2 1.8-2.5 micron | 2 Micron Filtering pads. Filter Wine Beer, Kombucha, Mead Mash. Polishing filtration| Not a Buon Vino product.</p><p>$18.99</p><a href="https://www.amazon.com/dp/B0736CBNDN?tag=eloabder-20&linkCode=osi&th=1&psc=1">View Product</a></div>









<div class="product"><a href="https://www.amazon.com/dp/B07YGN577Y?tag=eloabder-20&linkCode=osi&th=1&psc=1"><img src="https://m.media-amazon.com/images/I/31kfZiyDMUL._SL500_.jpg" alt="Product Image"></a><p>9870163 Trash Power Nut WP9870163 L8</p><p>$50.36</p><a href="https://www.amazon.com/dp/B07YGN577Y?tag=eloabder-20&linkCode=osi&th=1&psc=1">View Product</a></div>

<div class="product"><a href="https://www.amazon.com/dp/B0CWQLM4C7?tag=eloabder-20&linkCode=osi&th=1&psc=1"><img src="https://m.media-amazon.com/images/I/41gTEIOjtlL._SL500_.jpg" alt="Product Image"></a><p>7" Seven Seconds Lazy Kitchen Food Making Tools - Multifunctional Fruit Vegetable Chopper Quick Garlic Peeling Machine Convenient Food Chopper for Slicing,Juice,Grinding</p><p>$32.99</p><a href="https://www.amazon.com/dp/B0CWQLM4C7?tag=eloabder-20&linkCode=osi&th=1&psc=1">View Product</a></div>







<div class="product"><a href="https://www.amazon.com/dp/B0CNKFM9WR?tag=eloabder-20&linkCode=osi&th=1&psc=1"><img src="https://m.media-amazon.com/images/I/31sGGIDic9L._SL500_.jpg" alt="Product Image"></a><p>hobbyme Pack of 4 Plastic Coffee Scoops with Brush & Espresso Grinder Brush for Ground Coffee Cleaning Tea Power Coffee Grinder Spoon</p><p>$6.49</p><a href="https://www.amazon.com/dp/B0CNKFM9WR?tag=eloabder-20&linkCode=osi&th=1&psc=1">View Product</a></div>





<div class="product"><a href="https://www.amazon.com/dp/B07798328B?tag=eloabder-20&linkCode=osi&th=1&psc=1"><img src="https://m.media-amazon.com/images/I/31Vpin+sgUS._SL500_.jpg" alt="Product Image"></a><p>Prime-Line MP10513 Standard Plastic Ice Cube Trays (5 Pack)</p><p>$12.69</p><a href="https://www.amazon.com/dp/B07798328B?tag=eloabder-20&linkCode=osi&th=1&psc=1">View Product</a></div><div class="product"><a href="https://www.amazon.com/dp/B077965JDB?tag=eloabder-20&linkCode=osi&th=1&psc=1"><img src="https://m.media-amazon.com/images/I/31H1hNlH6RL._SL500_.jpg" alt="Product Image"></a><p>Prime-Line MP10863 Standard Plastic Ice Cube Trays (2 Pack)</p><p>$9.69</p><a href="https://www.amazon.com/dp/B077965JDB?tag=eloabder-20&linkCode=osi&th=1&psc=1">View Product</a></div>

<div class="product"><a href="https://www.amazon.com/dp/B08MPLY84K?tag=eloabder-20&linkCode=osi&th=1&psc=1"><img src="https://m.media-amazon.com/images/I/31kWTfzQJBL._SL500_.jpg" alt="Product Image"></a><p>Syntus Vacuum Sealer Bags, 6 Pack 3 Rolls 11" x 20' and 3 Rolls 8" x 20' Commercial Grade BPA Free Bag Rolls, Food Vac Bags for Storage, Meal Prep or Sous Vide</p><p>$19.99</p><a href="https://www.amazon.com/dp/B08MPLY84K?tag=eloabder-20&linkCode=osi&th=1&psc=1">View Product</a></div><div class="product"><a href="https://www.amazon.com/dp/B0C5BWRMQL?tag=eloabder-20&linkCode=osi&th=1&psc=1"><img src="https://m.media-amazon.com/images/I/41yPpkb6oeL._SL500_.jpg" alt="Product Image"></a><p>Bonsenkitchen Vacuum Sealer Rolls Bags, 6 Pack 3 Rolls 11" x 20' + 3 Rolls 8" x 20' Commercial Grade BPA Free Bag Rolls, Durable Customized Size Food Vac Bags for Storage and Sous Vide Cooking VB3211</p><p>$19.99 ($3.33 / Count)</p><a href="https://www.amazon.com/dp/B0C5BWRMQL?tag=eloabder-20&linkCode=osi&th=1&psc=1">View Product</a></div><div class="product"><a href="https://www.amazon.com/dp/B0C5C1JTC4?tag=eloabder-20&linkCode=osi&th=1&psc=1"><img src="https://m.media-amazon.com/images/I/31JpyYsm7YL._SL500_.jpg" alt="Product Image"></a><p>Bonsenkitchen Vacuum Food Sealer Bags 200 Quart 8" x 12", BPA Free, Commercial Grade Textured Food Vacuum Sealer Bag, Thick Embossed Bags for Food Storage and Sous Vide Cooking VB3208</p><p>$18.39 ($0.09 / Count)</p><a href="https://www.amazon.com/dp/B0C5C1JTC4?tag=eloabder-20&linkCode=osi&th=1&psc=1">View Product</a></div><div class="product"><a href="https://www.amazon.com/dp/B07TMZDGQ1?tag=eloabder-20&linkCode=osi&th=1&psc=1"><img src="https://m.media-amazon.com/images/I/31cRCu-JIsL._SL500_.jpg" alt="Product Image"></a><p>Wevac Vacuum Sealer Bags 11x50 Rolls 2 pack for Food Saver, Seal a Meal, Weston. Commercial Grade, BPA Free, Heavy Duty, Great for vac storage, Meal Prep or Sous Vide</p><p>$20.99 ($0.21 / Count)</p><a href="https://www.amazon.com/dp/B07TMZDGQ1?tag=eloabder-20&linkCode=osi&th=1&psc=1">View Product</a></div><div class="product"><a href="https://www.amazon.com/dp/B07TV4KRCL?tag=eloabder-20&linkCode=osi&th=1&psc=1"><img src="https://m.media-amazon.com/images/I/31uv3qtc9bL._SL500_.jpg" alt="Product Image"></a><p>Wevac Vacuum Sealer Bags 100 Gallon 11x16 Inch for Food Saver, Seal a Meal, Weston. Commercial Grade, BPA Free, Heavy Duty, Great for vac storage, Meal Prep and Sous Vide</p><p>$21.24</p><a href="https://www.amazon.com/dp/B07TV4KRCL?tag=eloabder-20&linkCode=osi&th=1&psc=1">View Product</a></div>


<div class="product"><a href="https://www.amazon.com/dp/B093G5XCVF?tag=eloabder-20&linkCode=osi&th=1&psc=1"><img src="https://m.media-amazon.com/images/I/313Cq6ASf0S._SL500_.jpg" alt="Product Image"></a><p>2 Multipurpose Pastry Brush Basting & Coffee Grinders Cleaning Brush Wooden Handle Natural Boar Bristles Baking Cooking Sauce egg wash Bakery Supply Espresso Bean Barista</p><p>$7.21</p><a href="https://www.amazon.com/dp/B093G5XCVF?tag=eloabder-20&linkCode=osi&th=1&psc=1">View Product</a></div><div class="product"><a href="https://www.amazon.com/dp/B07JGRYG31?tag=eloabder-20&linkCode=osi&th=1&psc=1"><img src="https://m.media-amazon.com/images/I/31nd-jhgzdL._SL500_.jpg" alt="Product Image"></a><p>Coffee Grinder Cleaning Brush + Coffee Brush Wood Handle & Natural Bristles Pastry Brush</p><p>$5.99</p><a href="https://www.amazon.com/dp/B07JGRYG31?tag=eloabder-20&linkCode=osi&th=1&psc=1">View Product</a></div><div class="product"><a href="https://www.amazon.com/dp/B0C53G4T7X?tag=eloabder-20&linkCode=osi&th=1&psc=1"><img src="https://m.media-amazon.com/images/I/21Hrgmpj8YL._SL500_.jpg" alt="Product Image"></a><p>Leadigol Cleaning Tool Coffee Machine Home Pastry Brush Multifunctional Wooden Handle Baking Soft Bristles Coffee Grinder Brush</p><p>$7.99</p><a href="https://www.amazon.com/dp/B0C53G4T7X?tag=eloabder-20&linkCode=osi&th=1&psc=1">View Product</a></div><div class="product"><a href="https://www.amazon.com/dp/B07W5WM2LF?tag=eloabder-20&linkCode=osi&th=1&psc=1"><img src="https://m.media-amazon.com/images/I/41-7fWE9tSL._SL500_.jpg" alt="Product Image"></a><p>Redecker Waffle Machine Brush with Oiled Beechwood Handle, Stiff Heat-resistant Tampico Fiber Bristles, 6-1/2 inches, Made in Germany</p><p>$21.99</p><a href="https://www.amazon.com/dp/B07W5WM2LF?tag=eloabder-20&linkCode=osi&th=1&psc=1">View Product</a></div>






Aucun rÃ©sultat trouvÃ©.


<div class="product"><a href="https://www.amazon.com/dp/B00LQKZQAW?tag=eloabder-20&linkCode=osi&th=1&psc=1"><img src="https://m.media-amazon.com/images/I/31nBii+cbiL._SL500_.jpg" alt="Product Image"></a><p>Electrolux 5308000716 Dish Replacement , White</p><p>$17.16</p><a href="https://www.amazon.com/dp/B00LQKZQAW?tag=eloabder-20&linkCode=osi&th=1&psc=1">View Product</a></div><div class="product"><a href="https://www.amazon.com/dp/B09BBPTSNK?tag=eloabder-20&linkCode=osi&th=1&psc=1"><img src="https://m.media-amazon.com/images/I/41kdVEnPDTL._SL500_.jpg" alt="Product Image"></a><p>Judeeâ€™s Butter Powder 5 lb - 100% Non-GMO and Keto-Friendly - rBST Hormone-Free - Gluten-Free and Nut-Free - Made from 100% Real Butter - Baking Ready Ingredient - Made in USA</p><p>$59.99 ($0.75 / Ounce)</p><a href="https://www.amazon.com/dp/B09BBPTSNK?tag=eloabder-20&linkCode=osi&th=1&psc=1">View Product</a></div>
<div class="product"><a href="https://www.amazon.com/dp/B0C1G9K19X?tag=eloabder-20&linkCode=osi&th=1&psc=1"><img src="https://m.media-amazon.com/images/I/41OVBrQ1wFL._SL500_.jpg" alt="Product Image"></a><p>Coffee Cup Design Coffee Filter Holder, Coffee Paper Rack Stand, Metal Coffee Filter Container Stand, Coffee Bar Accessories Vertical Paper Towel Napkin Holder for Cone Square Fan Shaped Size (Black)</p><p>$8.99</p><a href="https://www.amazon.com/dp/B0C1G9K19X?tag=eloabder-20&linkCode=osi&th=1&psc=1">View Product</a></div><div class="product"><a href="https://www.amazon.com/dp/B07TP1YN7G?tag=eloabder-20&linkCode=osi&th=1&psc=1"><img src="https://m.media-amazon.com/images/I/41BpYdpRyaL._SL500_.jpg" alt="Product Image"></a><p>CAFEMASY Coffee Filter Holder Storage Coffee Filter Paper Dispenser Rack with Dustproof Cover for V60 and Cone Coffee Filters</p><p>$9.99</p><a href="https://www.amazon.com/dp/B07TP1YN7G?tag=eloabder-20&linkCode=osi&th=1&psc=1">View Product</a></div><div class="product"><a href="https://www.amazon.com/dp/B0BFCTW7MY?tag=eloabder-20&linkCode=osi&th=1&psc=1"><img src="https://m.media-amazon.com/images/I/31s709IEZkL._SL500_.jpg" alt="Product Image"></a><p>Coffee Filter Holder, watchget Reusable Coffee Paper Filter Storage Bag for Cone-shaped Filter Papers V60 Waterproof Canvas Suitable for Outdoor Camping Traveling(02)</p><p>$11.99</p><a href="https://www.amazon.com/dp/B0BFCTW7MY?tag=eloabder-20&linkCode=osi&th=1&psc=1">View Product</a></div>





<div class="product"><a href="https://www.amazon.com/dp/B0CTJD9VK7?tag=eloabder-20&linkCode=osi&th=1&psc=1"><img src="https://m.media-amazon.com/images/I/31pqr-gIt8L._SL500_.jpg" alt="Product Image"></a><p>[4 Pack] Water Bottle Brush & Straw Cleaner Set,Stainless Steel Long Handle Baby Bottle Scrub Cleaning Brush for Sports Bottles, Cups, Dishes, Coffee Mugs, Glasswares, Tumblers, Wine Decanters</p><p>$6.50</p><a href="https://www.amazon.com/dp/B0CTJD9VK7?tag=eloabder-20&linkCode=osi&th=1&psc=1">View Product</a></div>
















<div class="product"><a href="https://www.amazon.com/dp/B00UTFZAII?tag=eloabder-20&linkCode=osi&th=1&psc=1"><img src="https://m.media-amazon.com/images/I/31z7hZ6KbXL._SL500_.jpg" alt="Product Image"></a><p>Miele 10123210 AirClean 3D Efficiency Dust Bag, Type GN, 4 Bags & 2 Filters, White</p><p>$21.86 ($21.86 / Count)</p><a href="https://www.amazon.com/dp/B00UTFZAII?tag=eloabder-20&linkCode=osi&th=1&psc=1">View Product</a></div><div class="product"><a href="https://www.amazon.com/dp/B07WHG6J5S?tag=eloabder-20&linkCode=osi&th=1&psc=1"><img src="https://m.media-amazon.com/images/I/41hnaEOxB9L._SL500_.jpg" alt="Product Image"></a><p>KEEPOW Vacuum Filters for Eureka, Power Speed Vacuum Filters Replacement for Eureka NEU182A, NEU182B, NEU280, NEU180, NEU181, NEU188, NEU202 Bagless Upright Vacuum Cleaner, Part E0202 (4 Pack)</p><p>$9.99 ($2.50 / Count)</p><a href="https://www.amazon.com/dp/B07WHG6J5S?tag=eloabder-20&linkCode=osi&th=1&psc=1">View Product</a></div><div class="product"><a href="https://www.amazon.com/dp/B00UTFZB82?tag=eloabder-20&linkCode=osi&th=1&psc=1"><img src="https://m.media-amazon.com/images/I/41WdlL5T0dL._SL500_.jpg" alt="Product Image"></a><p>Miele AirClean 3D Efficiency Dust Bag, Type FJM, 4 Bags & 2 Filters, White</p><p>$18.99</p><a href="https://www.amazon.com/dp/B00UTFZB82?tag=eloabder-20&linkCode=osi&th=1&psc=1">View Product</a></div><div class="product"><a href="https://www.amazon.com/dp/B09NKP346M?tag=eloabder-20&linkCode=osi&th=1&psc=1"><img src="https://m.media-amazon.com/images/I/41o25nqkODL._SL500_.jpg" alt="Product Image"></a><p>Anewise 6 Pack Filter Replacement for Bissell Powerforce Compact Lightweight Upright 2112 1520 for Bissel Turbo Bagless 2690 Cleanview 3437 3508 Vacuum Cleaner, Compare to Parts #1604896/160-4896</p><p>$12.99</p><a href="https://www.amazon.com/dp/B09NKP346M?tag=eloabder-20&linkCode=osi&th=1&psc=1">View Product</a></div><div class="product"><a href="https://www.amazon.com/dp/B01MQ5NITB?tag=eloabder-20&linkCode=osi&th=1&psc=1"><img src="https://m.media-amazon.com/images/I/41J6lG4H1bL._SL500_.jpg" alt="Product Image"></a><p>Bissell Style 7 3 Pack Vacuum Cleaner Bags, White, 3 Count</p><p>$8.69 ($2.90 / Count)</p><a href="https://www.amazon.com/dp/B01MQ5NITB?tag=eloabder-20&linkCode=osi&th=1&psc=1">View Product</a></div><div class="product"><a href="https://www.amazon.com/dp/B0CDH1JY5D?tag=eloabder-20&linkCode=osi&th=1&psc=1"><img src="https://m.media-amazon.com/images/I/516DPXu4siL._SL500_.jpg" alt="Product Image"></a><p>4 Pack Replacement Filters Compatiable with Wyze Cordless Vacuum Cleaner, Removable and Washable HEPA Filter Accessories Part Set with 1 Cleaning Brush for Wyze Handheld Cordless Vacuum Cleaner</p><p>$15.99 ($4.00 / Count)</p><a href="https://www.amazon.com/dp/B0CDH1JY5D?tag=eloabder-20&linkCode=osi&th=1&psc=1">View Product</a></div><div class="product"><a href="https://www.amazon.com/dp/B07P3WB37F?tag=eloabder-20&linkCode=osi&th=1&psc=1"><img src="https://m.media-amazon.com/images/I/51WaYrkiVXL._SL500_.jpg" alt="Product Image"></a><p>Miele AirClean 3D Efficiency Dust Bag, Type GN, XL Value Pack, 8 Bags and 4 Filters</p><p>$36.99</p><a href="https://www.amazon.com/dp/B07P3WB37F?tag=eloabder-20&linkCode=osi&th=1&psc=1">View Product</a></div><div class="product"><a href="https://www.amazon.com/dp/B09DSY4Z2T?tag=eloabder-20&linkCode=osi&th=1&psc=1"><img src="https://m.media-amazon.com/images/I/51+ref3EeAL._SL500_.jpg" alt="Product Image"></a><p>Filter Replacement for Tineco A10 A11 Hero A10/A11 Master PURE ONE S11 Series, S12, X Cordless Vacuum Cleaner (3 PACK) â€¦</p><p>$12.99 ($4.33 / Count)</p><a href="https://www.amazon.com/dp/B09DSY4Z2T?tag=eloabder-20&linkCode=osi&th=1&psc=1">View Product</a></div>


<div class="product"><a href="https://www.amazon.com/dp/B0BXRR5QFV?tag=eloabder-20&linkCode=osi&th=1&psc=1"><img src="https://m.media-amazon.com/images/I/41sjdBkCp8L._SL500_.jpg" alt="Product Image"></a><p>AC Infinity CLOUDFORGE T7, Plant Humidifier 15L with VPD Humidity Controls, 10-Level Precision Vaporizer, Extendable Hose, Targeting Pipe, and No-Leak Seal for Grow Tents</p><p>$159.00</p><a href="https://www.amazon.com/dp/B0BXRR5QFV?tag=eloabder-20&linkCode=osi&th=1&psc=1">View Product</a></div><div class="product"><a href="https://www.amazon.com/dp/B01N6MV8SA?tag=eloabder-20&linkCode=osi&th=1&psc=1"><img src="https://m.media-amazon.com/images/I/41hX08+W1xL._SL500_.jpg" alt="Product Image"></a><p>Protec Humidifier Tank Cleaner, 1 Count - Colors May Vary</p><p>$5.98</p><a href="https://www.amazon.com/dp/B01N6MV8SA?tag=eloabder-20&linkCode=osi&th=1&psc=1">View Product</a></div><div class="product"><a href="https://www.amazon.com/dp/B07GXBTH82?tag=eloabder-20&linkCode=osi&th=1&psc=1"><img src="https://m.media-amazon.com/images/I/41ibxK12JPL._SL500_.jpg" alt="Product Image"></a><p>Essick Air 1970-2 Humidifier, 2-Quart Bacteriostatic Treatment, 2 Pack, Clear, 2</p><p>$22.99</p><a href="https://www.amazon.com/dp/B07GXBTH82?tag=eloabder-20&linkCode=osi&th=1&psc=1">View Product</a></div><div class="product"><a href="https://www.amazon.com/dp/B08TTT3K9B?tag=eloabder-20&linkCode=osi&th=1&psc=1"><img src="https://m.media-amazon.com/images/I/41U6j9SexmL._SL500_.jpg" alt="Product Image"></a><p>Leemone Humidifier Cleaner 12 Pack, Demineralization Cleaning Ball, Works in All humidifiers and Fish Tanks, Purifies Water, Prevents Hard Water Build-Up, Eliminates White Dust and Odor</p><p>$14.44</p><a href="https://www.amazon.com/dp/B08TTT3K9B?tag=eloabder-20&linkCode=osi&th=1&psc=1">View Product</a></div>
<div class="product"><a href="https://www.amazon.com/dp/B07YD4XCT3?tag=eloabder-20&linkCode=osi&th=1&psc=1"><img src="https://m.media-amazon.com/images/I/41hR81iKyJL._SL500_.jpg" alt="Product Image"></a><p>Vacplus Moisture Absorber Packets, Fragrance Free(10 Pack), Humidity Packs, Hanging Closet Dehumidifier Bags, Desiccant 9.8OZ</p><p>$21.99</p><a href="https://www.amazon.com/dp/B07YD4XCT3?tag=eloabder-20&linkCode=osi&th=1&psc=1">View Product</a></div><div class="product"><a href="https://www.amazon.com/dp/B09LQF5V5K?tag=eloabder-20&linkCode=osi&th=1&psc=1"><img src="https://m.media-amazon.com/images/I/51Cx5ECAotL._SL500_.jpg" alt="Product Image"></a><p>CLEVAST Moisture Absorbers Packets 10 Pack, Dehumidifier Bags for Closet, Unscented Hanging Humidity Absorber in Wardrobes, Bedrooms, Bathrooms(230g/pack)</p><p>$16.98</p><a href="https://www.amazon.com/dp/B09LQF5V5K?tag=eloabder-20&linkCode=osi&th=1&psc=1">View Product</a></div><div class="product"><a href="https://www.amazon.com/dp/B0B8L9QRW8?tag=eloabder-20&linkCode=osi&th=1&psc=1"><img src="https://m.media-amazon.com/images/I/518LgtpPi8L._SL500_.jpg" alt="Product Image"></a><p>Arm & Hammer Essentials Disposable Moisture Absorber and Odor Eliminator Tub, Fragrance Free, 1 lb, 3-Pack, Attracts and Traps Excess Moisture, Ideal Closet Dehumidifier, White</p><p>$24.94 ($0.52 / Ounce)</p><a href="https://www.amazon.com/dp/B0B8L9QRW8?tag=eloabder-20&linkCode=osi&th=1&psc=1">View Product</a></div><div class="product"><a href="https://www.amazon.com/dp/B09W9TPJGZ?tag=eloabder-20&linkCode=osi&th=1&psc=1"><img src="https://m.media-amazon.com/images/I/51pVTVMwHbL._SL500_.jpg" alt="Product Image"></a><p>THECOSKY Dehumidifier and Air Purifier Combo,HEPA H13 Filter and Negative Air Ion Function,54oz(1.6L) Water Tank with Drain Hose,24hrs Auto-Off Timer,Idea for Bedroom,Bathroom,Closet,RV</p><p>$109.99</p><a href="https://www.amazon.com/dp/B09W9TPJGZ?tag=eloabder-20&linkCode=osi&th=1&psc=1">View Product</a></div><div class="product"><a href="https://www.amazon.com/dp/B0CXDG65LZ?tag=eloabder-20&linkCode=osi&th=1&psc=1"><img src="https://m.media-amazon.com/images/I/41HNflmbKHL._SL500_.jpg" alt="Product Image"></a><p>14 x 17.5 x1.75 MERV 13 Replacement Dehumidifier Filter Compatible with Santa Fe Advance90, Advance100, Advance120, Honeywell DR90 & DR120 dehumidifier models, 2 Pack</p><p>$42.99</p><a href="https://www.amazon.com/dp/B0CXDG65LZ?tag=eloabder-20&linkCode=osi&th=1&psc=1">View Product</a></div>
<div class="product"><a href="https://www.amazon.com/dp/B088B921NQ?tag=eloabder-20&linkCode=osi&th=1&psc=1"><img src="https://m.media-amazon.com/images/I/612e4cT3RYL._SL500_.jpg" alt="Product Image"></a><p>ULTTY H13 HEPA Replacement Filter with Medical Coating, True HEPA Filter For R021/ R020 Purifying Fan, Medium</p><p>$29.99</p><a href="https://www.amazon.com/dp/B088B921NQ?tag=eloabder-20&linkCode=osi&th=1&psc=1">View Product</a></div><div class="product"><a href="https://www.amazon.com/dp/B0D2MZ4Y7Z?tag=eloabder-20&linkCode=osi&th=1&psc=1"><img src="https://m.media-amazon.com/images/I/51KgTHizWyL._SL500_.jpg" alt="Product Image"></a><p>Butto 5-Pack Ceiling Fan Filters for Blades - Strong Adhesive Ceiling Fan Filters for Common Household Contaminants - Unscented Coconut Carbon Fan Air Purifier Pads to Make Air Fresh and Natural</p><p>$9.98</p><a href="https://www.amazon.com/dp/B0D2MZ4Y7Z?tag=eloabder-20&linkCode=osi&th=1&psc=1">View Product</a></div><div class="product"><a href="https://www.amazon.com/dp/B0C42HCM21?tag=eloabder-20&linkCode=osi&th=1&psc=1"><img src="https://m.media-amazon.com/images/I/31jk3lpoygL._SL500_.jpg" alt="Product Image"></a><p>Barnakl Ceiling Fan Filters | Activated Coconut Shell Carbon Filter | Easy-Stick Universal Ceiling Fan Air Filters | Unscented Ceiling Fan Blade Filters for Common Household Contaminants, (3-Count)</p><p>$19.99 ($6.66 / Count)</p><a href="https://www.amazon.com/dp/B0C42HCM21?tag=eloabder-20&linkCode=osi&th=1&psc=1">View Product</a></div>
<div class="product"><a href="https://www.amazon.com/dp/B08LZWP29P?tag=eloabder-20&linkCode=osi&th=1&psc=1"><img src="https://m.media-amazon.com/images/I/41NLuzzFW9L._SL500_.jpg" alt="Product Image"></a><p>Chromex Tankless Water Heater Descaling Solution | Highly Effective Descaler Restores Heating Efficiency, Quart, 32 fl oz (1)</p><p>$26.99</p><a href="https://www.amazon.com/dp/B08LZWP29P?tag=eloabder-20&linkCode=osi&th=1&psc=1">View Product</a></div>

<div class="product"><a href="https://www.amazon.com/dp/B005UO4OWQ?tag=eloabder-20&linkCode=osi&th=1&psc=1"><img src="https://m.media-amazon.com/images/I/41oQPKFofoL._SL500_.jpg" alt="Product Image"></a><p>Bissell 203-7458 Brushroll, Bg10/86T3, Black</p><p>$21.26 ($21.26 / Count)</p><a href="https://www.amazon.com/dp/B005UO4OWQ?tag=eloabder-20&linkCode=osi&th=1&psc=1">View Product</a></div>





















<div class="product"><a href="https://www.amazon.com/dp/B0014J7FUY?tag=eloabder-20&linkCode=osi&th=1&psc=1"><img src="https://m.media-amazon.com/images/I/31QrM+IPxOL._SL500_.jpg" alt="Product Image"></a><p>Urnex Grindz Professional Coffee Grinder Cleaning Tablets - 430 Grams - All Natural Food Safe Gluten Free - Cleans Burr and Casing - Help Extend Life of Your Grinder</p><p>$25.99 ($1.71 / Ounce)</p><a href="https://www.amazon.com/dp/B0014J7FUY?tag=eloabder-20&linkCode=osi&th=1&psc=1">View Product</a></div>



<div class="product"><a href="https://www.amazon.com/dp/B0CHW317SG?tag=eloabder-20&linkCode=osi&th=1&psc=1"><img src="https://m.media-amazon.com/images/I/41Qd5Iu3qBL._SL500_.jpg" alt="Product Image"></a><p>EUHOMY 55 Can Beverage Refrigerator cooler-Mini Fridge Glass Door for Beer Drinks Wines, Freestanding Beverage Fridge with Adjustable Shelves Blue LED for Home/Office/Dorm/Bar (1.3cu.ft)</p><p>$128.99</p><a href="https://www.amazon.com/dp/B0CHW317SG?tag=eloabder-20&linkCode=osi&th=1&psc=1">View Product</a></div>

<div class="product"><a href="https://www.amazon.com/dp/B099CN2MRK?tag=eloabder-20&linkCode=osi&th=1&psc=1"><img src="https://m.media-amazon.com/images/I/31CvUCIUX5L._SL500_.jpg" alt="Product Image"></a><p>Genuine PuroAir 240 Replacement Filter - Replacement HEPA Filter for PuroAir 240 Purifier - Captures up to 99% of Pollen, Smoke, Pollen, Dust and Common Household Pollutants</p><p>$48.00</p><a href="https://www.amazon.com/dp/B099CN2MRK?tag=eloabder-20&linkCode=osi&th=1&psc=1">View Product</a></div><div class="product"><a href="https://www.amazon.com/dp/B0055521W0?tag=eloabder-20&linkCode=osi&th=1&psc=1"><img src="https://m.media-amazon.com/images/I/41Hs7ixdyXL._SL500_.jpg" alt="Product Image"></a><p>GermGuardian Filter B HEPA Pure Genuine Air Purifier Replacement Filter, Removes 99.97% of Pollutants for AC4825, AC4300, AC4900, AC4825DLX, AC4850, CDAP4500, AP2200, Black/Yellow, FLT4825</p><p>$17.90 ($17.90 / Count)</p><a href="https://www.amazon.com/dp/B0055521W0?tag=eloabder-20&linkCode=osi&th=1&psc=1">View Product</a></div><div class="product"><a href="https://www.amazon.com/dp/B0BNMYKZPV?tag=eloabder-20&linkCode=osi&th=1&psc=1"><img src="https://m.media-amazon.com/images/I/41-K3mB6KkL._SL500_.jpg" alt="Product Image"></a><p>2 Pack True HEPA KILO Filter Compatible with Afloia KILO, KILOPLUS, KILOPRO, MIRO,MIRO PRO and MORENTO MR-Kilo, Kalo Air Purifier, 360Â° 3-Stage Filtration</p><p>$34.99 ($17.50 / Count)</p><a href="https://www.amazon.com/dp/B0BNMYKZPV?tag=eloabder-20&linkCode=osi&th=1&psc=1">View Product</a></div><div class="product"><a href="https://www.amazon.com/dp/B0D3M4Y9W7?tag=eloabder-20&linkCode=osi&th=1&psc=1"><img src="https://m.media-amazon.com/images/I/41tzW+mkZuL._SL500_.jpg" alt="Product Image"></a><p>Breshair 14 True HEPA Filter Replacement Compatible with PuroAir 240 Air Purifier, 3-in-1 Filtration System with Activated Carbon Filter, 2-Pack</p><p>$31.56 ($15.78 / Count)</p><a href="https://www.amazon.com/dp/B0D3M4Y9W7?tag=eloabder-20&linkCode=osi&th=1&psc=1">View Product</a></div><div class="product"><a href="https://www.amazon.com/dp/B0CB18MVX6?tag=eloabder-20&linkCode=osi&th=1&psc=1"><img src="https://m.media-amazon.com/images/I/519ZmmLOrzL._SL500_.jpg" alt="Product Image"></a><p>2 Pack 3-in-1 H13 True HEPA Replacement Filter Compatible with Pure Enrichment PureZone Air Purifier Part# PEAIRPLG</p><p>$23.99 ($12.00 / Count)</p><a href="https://www.amazon.com/dp/B0CB18MVX6?tag=eloabder-20&linkCode=osi&th=1&psc=1">View Product</a></div><div class="product"><a href="https://www.amazon.com/dp/B08JTZMRML?tag=eloabder-20&linkCode=osi&th=1&psc=1"><img src="https://m.media-amazon.com/images/I/51yx60sCjHL._SL500_.jpg" alt="Product Image"></a><p>6 Pack HPA300 HEPA Filter Replacement for Honeywell HPA300 Series Air Purifiers HPA300, HPA300VP, HPA304, HPA3300, Replace HRF-R3 (6 Ture HEPA R Replacement Filter + 8 Activated Carbon Pre-Filter)</p><p>$47.99 ($3.43 / Count)</p><a href="https://www.amazon.com/dp/B08JTZMRML?tag=eloabder-20&linkCode=osi&th=1&psc=1">View Product</a></div><div class="product"><a href="https://www.amazon.com/dp/B0CF1GLSYS?tag=eloabder-20&linkCode=osi&th=1&psc=1"><img src="https://m.media-amazon.com/images/I/41709EXRzXL._SL500_.jpg" alt="Product Image"></a><p>CHIVALZ 4 Pack HY4866 True HEPA Replacement Filters Compatible with MORENTO HY4866 Air Purifier, WESTHEY HY4866 Air Purifier and YIOU M1 Air Cleaner Purifier, Original Version</p><p>$39.99 ($10.00 / Count)</p><a href="https://www.amazon.com/dp/B0CF1GLSYS?tag=eloabder-20&linkCode=osi&th=1&psc=1">View Product</a></div>







<div class="product"><a href="https://www.amazon.com/dp/B0CYKMFKR9?tag=eloabder-20&linkCode=osi&th=1&psc=1"><img src="https://m.media-amazon.com/images/I/316zU-ozoxL._SL500_.jpg" alt="Product Image"></a><p>Air Purifier Replacement Filter for Space Heater Bladeless Fan</p><p>$29.99</p><a href="https://www.amazon.com/dp/B0CYKMFKR9?tag=eloabder-20&linkCode=osi&th=1&psc=1">View Product</a></div>
<div class="product"><a href="https://www.amazon.com/dp/B07MRH6VY7?tag=eloabder-20&linkCode=osi&th=1&psc=1"><img src="https://m.media-amazon.com/images/I/51g-nuN4A5L._SL500_.jpg" alt="Product Image"></a><p>Colorfullife Replacement Air Purifier Filter for Dyson Tower Purifier Pure Cool Link TP01, TP02, TP03, BP01, Compare to Part 968126-03ï¼Œ2 Pack</p><p>$26.99</p><a href="https://www.amazon.com/dp/B07MRH6VY7?tag=eloabder-20&linkCode=osi&th=1&psc=1">View Product</a></div><div class="product"><a href="https://www.amazon.com/dp/B07TX5SW7J?tag=eloabder-20&linkCode=osi&th=1&psc=1"><img src="https://m.media-amazon.com/images/I/512Kn+cPglL._SL500_.jpg" alt="Product Image"></a><p>TP01 HEPA Filter Replacement Compatible with Dyson Tower Purifier Pure Cool Link TP01, TP02, TP03, AM11, BP01 Models, Compare to Part # 968126-03 (Pack of 2)</p><p>$27.95 ($13.98 / Count)</p><a href="https://www.amazon.com/dp/B07TX5SW7J?tag=eloabder-20&linkCode=osi&th=1&psc=1">View Product</a></div><div class="product"><a href="https://www.amazon.com/dp/B0CC24GZGB?tag=eloabder-20&linkCode=osi&th=1&psc=1"><img src="https://m.media-amazon.com/images/I/41woNpZ9VgL._SL500_.jpg" alt="Product Image"></a><p>TP01 TP02 Filter Compatible with Dyson Pure Cool Link Purifying Tower Fan TP00 TP03 AM11 and Cool Me BP01 Personal Series, 360Â° Air Purifier Filter Replacement 968126-03, 1-Pack</p><p>$25.99</p><a href="https://www.amazon.com/dp/B0CC24GZGB?tag=eloabder-20&linkCode=osi&th=1&psc=1">View Product</a></div><div class="product"><a href="https://www.amazon.com/dp/B0CX23N2JJ?tag=eloabder-20&linkCode=osi&th=1&psc=1"><img src="https://m.media-amazon.com/images/I/3145hmd5j7L._SL500_.jpg" alt="Product Image"></a><p>Dreo Air Purifiers Replacement Filter, HEPA Filter for Dreo Purifier Tower Fan MC710S, with 2 Stage Filtration, Black, Standard(DR-HPA019)</p><p>$39.99</p><a href="https://www.amazon.com/dp/B0CX23N2JJ?tag=eloabder-20&linkCode=osi&th=1&psc=1">View Product</a></div>










<div class="product"><a href="https://www.amazon.com/dp/B001U0OJ7O?tag=eloabder-20&linkCode=osi&th=1&psc=1"><img src="https://m.media-amazon.com/images/I/41XEg3QV-wL._SL500_.jpg" alt="Product Image"></a><p>Whirlpool W10165294RB 15-Inch Plastic Trash Compactor ct, 60 Bags, Count</p><p>$48.34</p><a href="https://www.amazon.com/dp/B001U0OJ7O?tag=eloabder-20&linkCode=osi&th=1&psc=1">View Product</a></div><div class="product"><a href="https://www.amazon.com/dp/B0CC3V4ZZ4?tag=eloabder-20&linkCode=osi&th=1&psc=1"><img src="https://m.media-amazon.com/images/I/31bbvodHnjL._SL500_.jpg" alt="Product Image"></a><p>Waste Smasher- Hand-Held Manual Trash Compactor Dishwasher Safe Black</p><p>$24.95</p><a href="https://www.amazon.com/dp/B0CC3V4ZZ4?tag=eloabder-20&linkCode=osi&th=1&psc=1">View Product</a></div><div class="product"><a href="https://www.amazon.com/dp/B00IYO5914?tag=eloabder-20&linkCode=osi&th=1&psc=1"><img src="https://m.media-amazon.com/images/I/51SLpTXIYNL._SL500_.jpg" alt="Product Image"></a><p>Kitchen Master Super Strong Compactor Bags Pre Cuffed (12 Pack)</p><p>$34.95</p><a href="https://www.amazon.com/dp/B00IYO5914?tag=eloabder-20&linkCode=osi&th=1&psc=1">View Product</a></div><div class="product"><a href="https://www.amazon.com/dp/B075DJ4ZVQ?tag=eloabder-20&linkCode=osi&th=1&psc=1"><img src="https://m.media-amazon.com/images/I/51Vaek4I89L._SL500_.jpg" alt="Product Image"></a><p>Dano Pre-Cuffed Compactor Bags</p><p>$32.95 ($2.75 / Count)</p><a href="https://www.amazon.com/dp/B075DJ4ZVQ?tag=eloabder-20&linkCode=osi&th=1&psc=1">View Product</a></div><div class="product"><a href="https://www.amazon.com/dp/B0C2DCVCBJ?tag=eloabder-20&linkCode=osi&th=1&psc=1"><img src="https://m.media-amazon.com/images/I/51072CtaKuL._SL500_.jpg" alt="Product Image"></a><p>60-pack W10165294RB Trash Compactor Bags - leak-proof trash compactor bags for kitchen 60-ct 15 inches - Fits 15-inch Rectangular Drawer Compactors</p><p>$45.99 ($0.77 / Count)</p><a href="https://www.amazon.com/dp/B0C2DCVCBJ?tag=eloabder-20&linkCode=osi&th=1&psc=1">View Product</a></div><div class="product"><a href="https://www.amazon.com/dp/B001U0OJ7E?tag=eloabder-20&linkCode=osi&th=1&psc=1"><img src="https://m.media-amazon.com/images/I/41c0z26RyvL._SL500_.jpg" alt="Product Image"></a><p>Whirlpool W10165293RB Genuine OEM 60 Pack-Plastic Compactor Bags-18" Models â€“ 1394369, 4178058, 4318932, 4318933, 4318935, 4318937, 4318939, AH1964576, EA1964576, PS1964576</p><p>$48.64 ($0.81 / Count)</p><a href="https://www.amazon.com/dp/B001U0OJ7E?tag=eloabder-20&linkCode=osi&th=1&psc=1">View Product</a></div><div class="product"><a href="https://www.amazon.com/dp/B00W27J16S?tag=eloabder-20&linkCode=osi&th=1&psc=1"><img src="https://m.media-amazon.com/images/I/41RaOjAGlrL._SL500_.jpg" alt="Product Image"></a><p>Compactor Bags Pre Cuffed (50 Pack)</p><p>$84.95 ($1.70 / count)</p><a href="https://www.amazon.com/dp/B00W27J16S?tag=eloabder-20&linkCode=osi&th=1&psc=1">View Product</a></div><div class="product"><a href="https://www.amazon.com/dp/B00MOCYY2W?tag=eloabder-20&linkCode=osi&th=1&psc=1"><img src="https://m.media-amazon.com/images/I/41SH8mDsAnL._SL500_.jpg" alt="Product Image"></a><p>GE WX60X1 Genuine OEM Universal Trash Compactor Bags for GE Trash Compactors</p><p>$19.00</p><a href="https://www.amazon.com/dp/B00MOCYY2W?tag=eloabder-20&linkCode=osi&th=1&psc=1">View Product</a></div><div class="product"><a href="https://www.amazon.com/dp/B0D7SFSTNG?tag=eloabder-20&linkCode=osi&th=1&psc=1"><img src="https://m.media-amazon.com/images/I/41szt9tZJPL._SL500_.jpg" alt="Product Image"></a><p>4PCS Trash Compactor Charcoal Air Filter Fit for Whirlpool/KitchenAid/Maytag/Jenn-Air/Amana/Inglis/Magic Chef Trash Compactor, Replaces 4151750 554358 WP4151750 AP6009134 PS11742279</p><p>$23.59 ($5.90 / Count)</p><a href="https://www.amazon.com/dp/B0D7SFSTNG?tag=eloabder-20&linkCode=osi&th=1&psc=1">View Product</a></div>
<div class="product"><a href="https://www.amazon.com/dp/B0CGLX5ZB9?tag=eloabder-20&linkCode=osi&th=1&psc=1"><img src="https://m.media-amazon.com/images/I/51qeRZQS98L._SL500_.jpg" alt="Product Image"></a><p>Spare Replacement Parts Compatible with MAMNV BR150 BR151, ZCWA BR150 BR151, MANVINS G20 Robot Vacuum and Mop Combo Accessories Include: 3 Hepa Filters 3 Mop Pads 6 Side Spin Brushes</p><p>$9.98</p><a href="https://www.amazon.com/dp/B0CGLX5ZB9?tag=eloabder-20&linkCode=osi&th=1&psc=1">View Product</a></div><div class="product"><a href="https://www.amazon.com/dp/B0B28DGZBG?tag=eloabder-20&linkCode=osi&th=1&psc=1"><img src="https://m.media-amazon.com/images/I/51ooMN4RqML._SL500_.jpg" alt="Product Image"></a><p>Replacement Parts for Shark AI AV2511AE AV2501S AV2610WA AV2501AE RV2502AE RV2610WA RV2520 AV2510 2-In-1 AI Ultra Robot Vacuum Cleaner Accessories Kits. Main Brush, HEPA Filter, Foam Filter,Side Brush</p><p>$19.99 ($1.05 / Count)</p><a href="https://www.amazon.com/dp/B0B28DGZBG?tag=eloabder-20&linkCode=osi&th=1&psc=1">View Product</a></div><div class="product"><a href="https://www.amazon.com/dp/B0782T7L6P?tag=eloabder-20&linkCode=osi&th=1&psc=1"><img src="https://m.media-amazon.com/images/I/41hTVkuzMJL._SL500_.jpg" alt="Product Image"></a><p>10pcs HEPA Filters Replacement for ILIFE V3s V3s pro V5 V5s V5s Pro V5s Pro 2 V5s Plus Noisz S5 Robotic Vacuum Cleaner ILIFE V3s pro Filters ILIFE Robot Vacuum Filter</p><p>$9.80 ($0.98 / Count)</p><a href="https://www.amazon.com/dp/B0782T7L6P?tag=eloabder-20&linkCode=osi&th=1&psc=1">View Product</a></div><div class="product"><a href="https://www.amazon.com/dp/B0CXLVHTTC?tag=eloabder-20&linkCode=osi&th=1&psc=1"><img src="https://m.media-amazon.com/images/I/51BT3phYzKL._SL500_.jpg" alt="Product Image"></a><p>HUIZHEN Spare Accessories for MAMNV BR150/BR151, for ZCWA BR150/BR151, for MANVINS G20,for GTTVO BR150/BR151,for ONSON BR150/BR151 Robot Vacuum Replacement Parts,6 Side Brush,4 HEPA Filters,4 Mop Pads</p><p>$9.99</p><a href="https://www.amazon.com/dp/B0CXLVHTTC?tag=eloabder-20&linkCode=osi&th=1&psc=1">View Product</a></div><div class="product"><a href="https://www.amazon.com/dp/B08RYDDQL8?tag=eloabder-20&linkCode=osi&th=1&psc=1"><img src="https://m.media-amazon.com/images/I/314Xd7+oBXL._SL500_.jpg" alt="Product Image"></a><p>AirClean 4 Pack 3.7" High Replacement Base Pre-Motor Foam Filters Compatible with Shark IQ Robot Vacuum R101AE RV1001AE UR1005AE Self-Empty Base</p><p>$12.99 ($3.25 / Count)</p><a href="https://www.amazon.com/dp/B08RYDDQL8?tag=eloabder-20&linkCode=osi&th=1&psc=1">View Product</a></div><div class="product"><a href="https://www.amazon.com/dp/B0CJLHJ557?tag=eloabder-20&linkCode=osi&th=1&psc=1"><img src="https://m.media-amazon.com/images/I/41iQm8hUjiL._SL500_.jpg" alt="Product Image"></a><p>Replacement Parts Compatible with WYZE Robot Vacuum Cleaner WVCR200S Accessories, 2 Main Brushes, 6 Hepa Filters, 8 Side Brushes Attachment Spare Pack</p><p>$14.99 ($0.94 / Count)</p><a href="https://www.amazon.com/dp/B0CJLHJ557?tag=eloabder-20&linkCode=osi&th=1&psc=1">View Product</a></div>
<div class="product"><a href="https://www.amazon.com/dp/B0C4595Q8P?tag=eloabder-20&linkCode=osi&th=1&psc=1"><img src="https://m.media-amazon.com/images/I/51k23SAtRxL._SL500_.jpg" alt="Product Image"></a><p>4 Pack FSV001 HEPA Filter Compatiable with Fabuletta FSV101, FSV001, Girnoor G160&G165, Afoddon A300, Lubluelu 202, Oraimo Cordless Vacuum Cleaner, Besswin W26 Cordless Stick Vacuum Cleaners</p><p>$15.99 ($4.00 / Count)</p><a href="https://www.amazon.com/dp/B0C4595Q8P?tag=eloabder-20&linkCode=osi&th=1&psc=1">View Product</a></div>
<div class="product"><a href="https://www.amazon.com/dp/B0BNKJX96X?tag=eloabder-20&linkCode=osi&th=1&psc=1"><img src="https://m.media-amazon.com/images/I/41OPeLFppoL._SL500_.jpg" alt="Product Image"></a><p>6 PACK 2033 Replacement Filter Compatible with Bissell Featherweight Stick Lightweight Bagless Vacuum Cleaner 20331, 20333, 20334, 20336, 20339, 2033M,6 Mesh Filter 6 Foam Filters, Replace # 1611508</p><p>$14.99 ($2.50 / Count)</p><a href="https://www.amazon.com/dp/B0BNKJX96X?tag=eloabder-20&linkCode=osi&th=1&psc=1">View Product</a></div><div class="product"><a href="https://www.amazon.com/dp/B0CMBWLTSM?tag=eloabder-20&linkCode=osi&th=1&psc=1"><img src="https://m.media-amazon.com/images/I/41PHqKaLTDL._SL500_.jpg" alt="Product Image"></a><p>18V ONE + Cordless Pet Stick Vacuum Filter for Ryobi, PCL720, PBLSV716, PBLSV717 Stick Vacuum, Reusable Washable Filters, Compare to Part A32SV720N, 6 Pack</p><p>$15.99 ($2.66 / Count)</p><a href="https://www.amazon.com/dp/B0CMBWLTSM?tag=eloabder-20&linkCode=osi&th=1&psc=1">View Product</a></div><div class="product"><a href="https://www.amazon.com/dp/B0CXDYWWT9?tag=eloabder-20&linkCode=osi&th=1&psc=1"><img src="https://m.media-amazon.com/images/I/41F1csTT8jL._SL500_.jpg" alt="Product Image"></a><p>2 Replacement Filters for Craftsman V20 Cordless Stick Vacuum CMCVS001D1, for Black Decker BSVF1 BSV2020 BSV2020G BSV2020P Cordless Stick Vacuum Cleaner with 1 Cleaning Brush</p><p>$14.99</p><a href="https://www.amazon.com/dp/B0CXDYWWT9?tag=eloabder-20&linkCode=osi&th=1&psc=1">View Product</a></div><div class="product"><a href="https://www.amazon.com/dp/B0CCJ5N5DH?tag=eloabder-20&linkCode=osi&th=1&psc=1"><img src="https://m.media-amazon.com/images/I/41xmhDPqk8L._SL500_.jpg" alt="Product Image"></a><p>Aolleteau 1 Pack Brush Roller Compatible with Black + Decker BSV2020, BSV2020P, BSV2020G Powerseries Extreme Cordless Stick Vacuum and Compatible with Craftsman V20 Cordless Stick Vacuum CMCVS001D1</p><p>$17.99</p><a href="https://www.amazon.com/dp/B0CCJ5N5DH?tag=eloabder-20&linkCode=osi&th=1&psc=1">View Product</a></div><div class="product"><a href="https://www.amazon.com/dp/B0CQY61LFD?tag=eloabder-20&linkCode=osi&th=1&psc=1"><img src="https://m.media-amazon.com/images/I/31swBBC444L._SL500_.jpg" alt="Product Image"></a><p>Tablenco for Shark HZ602 Filter Replacement Ultralight Pet Pro Corded Stick Vacuum and HZ2002 Vertex DuoClean PowerFins fit HZ2000 HZ251 HZ250 HH200 HH202,4 Foam Felt 4 Motor Kit (No cleaning brush)</p><p>$9.98</p><a href="https://www.amazon.com/dp/B0CQY61LFD?tag=eloabder-20&linkCode=osi&th=1&psc=1">View Product</a></div><div class="product"><a href="https://www.amazon.com/dp/B09Q55KW8W?tag=eloabder-20&linkCode=osi&th=1&psc=1"><img src="https://m.media-amazon.com/images/I/51MKsJy6nSL._SL500_.jpg" alt="Product Image"></a><p>Anicell 2033 Featherweight Filter for Bissell Featherweight Stick Lightweight Bagless Vacuum 20331 20333 20334 20336 20339 2033M, 4 Mesh Filters 6 Foam Filters Replacement, Replace part# 1611508</p><p>$11.99</p><a href="https://www.amazon.com/dp/B09Q55KW8W?tag=eloabder-20&linkCode=osi&th=1&psc=1">View Product</a></div><div class="product"><a href="https://www.amazon.com/dp/B0CDVG7LHD?tag=eloabder-20&linkCode=osi&th=1&psc=1"><img src="https://m.media-amazon.com/images/I/41hjN1Te6sL._SL500_.jpg" alt="Product Image"></a><p>Moreffi 3 Pack Filter Replacement For HART Cordless Stick Vacuum HPSV01 and HPSV50, Compare to Part Number HASV01</p><p>$19.99 ($6.66 / Count)</p><a href="https://www.amazon.com/dp/B0CDVG7LHD?tag=eloabder-20&linkCode=osi&th=1&psc=1">View Product</a></div>
<div class="product"><a href="https://www.amazon.com/dp/B07DQ9TZC8?tag=eloabder-20&linkCode=osi&th=1&psc=1"><img src="https://m.media-amazon.com/images/I/41PHyZ20FuL._SL500_.jpg" alt="Product Image"></a><p>Kenmore 53294 Style O HEPA Cloth Vacuum Bags for Kenmore Upright Vacuum Cleaners 6 Pack,White</p><p>$20.99 ($3.50 / Count)</p><a href="https://www.amazon.com/dp/B07DQ9TZC8?tag=eloabder-20&linkCode=osi&th=1&psc=1">View Product</a></div><div class="product"><a href="https://www.amazon.com/dp/B08MXVTTT2?tag=eloabder-20&linkCode=osi&th=1&psc=1"><img src="https://m.media-amazon.com/images/I/41T6wRpIMzL._SL500_.jpg" alt="Product Image"></a><p>Kenmore IB600 HEPA Replacement Intuition Upright Vacuum Cleaner Bags for BU4022, BU4020, BU4018, BU4050, BU3040,White</p><p>$18.75</p><a href="https://www.amazon.com/dp/B08MXVTTT2?tag=eloabder-20&linkCode=osi&th=1&psc=1">View Product</a></div><div class="product"><a href="https://www.amazon.com/dp/B01010JVYO?tag=eloabder-20&linkCode=osi&th=1&psc=1"><img src="https://m.media-amazon.com/images/I/51Anluh47GL._SL500_.jpg" alt="Product Image"></a><p>EnviroCare Replacement Micro Filtration Vacuum Cleaner Dust Bags Designed to fit Hoover Windtunnel Upright Type Y 9 pack</p><p>$9.89 ($1.10 / Count)</p><a href="https://www.amazon.com/dp/B01010JVYO?tag=eloabder-20&linkCode=osi&th=1&psc=1">View Product</a></div><div class="product"><a href="https://www.amazon.com/dp/B0D5CP3WBY?tag=eloabder-20&linkCode=osi&th=1&psc=1"><img src="https://m.media-amazon.com/images/I/31MaGmsVOwL._SL500_.jpg" alt="Product Image"></a><p>Bagless Upright Kenmore Vacuum HEPA Filters, Compatible with Foam Filters, Felt Filters and Upright vacuum cleaner for Models K4010,DU2015,DU2012(includes 1 Hepa Filters,2 Foam and 2 Felt Filters)</p><p>$12.99</p><a href="https://www.amazon.com/dp/B0D5CP3WBY?tag=eloabder-20&linkCode=osi&th=1&psc=1">View Product</a></div><div class="product"><a href="https://www.amazon.com/dp/B0CBFV28WX?tag=eloabder-20&linkCode=osi&th=1&psc=1"><img src="https://m.media-amazon.com/images/I/51LIYI0wXSL._SL500_.jpg" alt="Product Image"></a><p>16 Packs Vacuum Bags for Oreck Type CC, Compatible with All Oreck XL Upright Vacuum Cleaner - Replaces Part # CCPK8DW</p><p>$21.99 ($1.37 / Count)</p><a href="https://www.amazon.com/dp/B0CBFV28WX?tag=eloabder-20&linkCode=osi&th=1&psc=1">View Product</a></div><div class="product"><a href="https://www.amazon.com/dp/B00F9GQMHA?tag=eloabder-20&linkCode=osi&th=1&psc=1"><img src="https://m.media-amazon.com/images/I/51lhelurelL._SL500_.jpg" alt="Product Image"></a><p>EnviroCare Replacement Premium Vacuum Cleaner Dust Bags made to fit Eureka F&G Uprights 9 bags</p><p>$11.09</p><a href="https://www.amazon.com/dp/B00F9GQMHA?tag=eloabder-20&linkCode=osi&th=1&psc=1">View Product</a></div><div class="product"><a href="https://www.amazon.com/dp/B002CI8G1I?tag=eloabder-20&linkCode=osi&th=1&psc=1"><img src="https://m.media-amazon.com/images/I/51PYQrQpbSL._SL500_.jpg" alt="Product Image"></a><p>EnviroCare Replacement Micro Filtration Vacuum Cleaner Dust Bags made to fit Kenmore Upright Type U/L/O 50688 and 50690, Panasonic Type U-2, Miele Type Z. 9 pack</p><p>$9.99</p><a href="https://www.amazon.com/dp/B002CI8G1I?tag=eloabder-20&linkCode=osi&th=1&psc=1">View Product</a></div>
<div class="product"><a href="https://www.amazon.com/dp/B07GNQJ67P?tag=eloabder-20&linkCode=osi&th=1&psc=1"><img src="https://m.media-amazon.com/images/I/41XHnKbgjAL._SL500_.jpg" alt="Product Image"></a><p>Kenmore 53292 Type Q HEPA Replacement Dust Bags for Canister Vacuum 81214, 81414, 81714, 21814, BC2005, BC3005, 81615, BC7005, 6 Count (Pack of 1)</p><p>$13.24 ($2.21 / Count)</p><a href="https://www.amazon.com/dp/B07GNQJ67P?tag=eloabder-20&linkCode=osi&th=1&psc=1">View Product</a></div><div class="product"><a href="https://www.amazon.com/dp/B01L0C0FVK?tag=eloabder-20&linkCode=osi&th=1&psc=1"><img src="https://m.media-amazon.com/images/I/51ZIjbo9NVL._SL500_.jpg" alt="Product Image"></a><p>Envirocare Replacement Vacuum Bags Compatible with Kenmore Canister Type C/Q. 5055, 50557 and 50558 Panasonic Type C-5 Vacuums,15 pack</p><p>$16.16</p><a href="https://www.amazon.com/dp/B01L0C0FVK?tag=eloabder-20&linkCode=osi&th=1&psc=1">View Product</a></div><div class="product"><a href="https://www.amazon.com/dp/B0BTRTP2PM?tag=eloabder-20&linkCode=osi&th=1&psc=1"><img src="https://m.media-amazon.com/images/I/41K295aRv9L._SL500_.jpg" alt="Product Image"></a><p>Vacuum Cleaner Bags Fit for Kenmore Canister Type C/Q 50555 50557 50558 and Type C-5, 10PCs</p><p>$15.99</p><a href="https://www.amazon.com/dp/B0BTRTP2PM?tag=eloabder-20&linkCode=osi&th=1&psc=1">View Product</a></div><div class="product"><a href="https://www.amazon.com/dp/B0CRQYGLZX?tag=eloabder-20&linkCode=osi&th=1&psc=1"><img src="https://m.media-amazon.com/images/I/413iXp+j3ML._SL500_.jpg" alt="Product Image"></a><p>15 Pack Canister Vacuum Cleaner Bags Compatible with Kenmore Canister Type C/Q 5055, 50555, 50557, 50558 and Type C-5, C-18, 53292, 200 Series, 400 Series, 600 Series, 700 Series, 800 Series Vacuum</p><p>$11.69</p><a href="https://www.amazon.com/dp/B0CRQYGLZX?tag=eloabder-20&linkCode=osi&th=1&psc=1">View Product</a></div><div class="product"><a href="https://www.amazon.com/dp/B00QGD3SBI?tag=eloabder-20&linkCode=osi&th=1&psc=1"><img src="https://m.media-amazon.com/images/I/51xw0asyqTL._SL500_.jpg" alt="Product Image"></a><p>EnviroCare Replacement Vacuum Bags made to fit Kenmore Canister Type C or Q 50555, 50558, 50557 and Panasonic Type C-5 Vacuums, 9 pack</p><p>$9.79</p><a href="https://www.amazon.com/dp/B00QGD3SBI?tag=eloabder-20&linkCode=osi&th=1&psc=1">View Product</a></div><div class="product"><a href="https://www.amazon.com/dp/B0CQP9NP5N?tag=eloabder-20&linkCode=osi&th=1&psc=1"><img src="https://m.media-amazon.com/images/I/41WnNkTz8zL._SL500_.jpg" alt="Product Image"></a><p>8 Pack Replacement Vacuum Bags Compatible with Kenmore Canister Type C/Q. 5055, 50104, 50557 and 50558 Panasonic Type C-5 Vacuums</p><p>$9.99 ($1.25 / Count)</p><a href="https://www.amazon.com/dp/B0CQP9NP5N?tag=eloabder-20&linkCode=osi&th=1&psc=1">View Product</a></div>
<div class="product"><a href="https://www.amazon.com/dp/B09M3Y2BHR?tag=eloabder-20&linkCode=osi&th=1&psc=1"><img src="https://m.media-amazon.com/images/I/31tevngai1L._SL500_.jpg" alt="Product Image"></a><p>Ymimi Vacuum Filter Compatible with Eureka WhirlWind Bagless Canister Vacuum Cleaner,Fits NEN110A,NEN110B,NEN110Dï¼ˆ2-Packï¼‰</p><p>$11.99 ($6.00 / Count)</p><a href="https://www.amazon.com/dp/B09M3Y2BHR?tag=eloabder-20&linkCode=osi&th=1&psc=1">View Product</a></div><div class="product"><a href="https://www.amazon.com/dp/B07J1WWBHN?tag=eloabder-20&linkCode=osi&th=1&psc=1"><img src="https://m.media-amazon.com/images/I/51gmkDrnR2L._SL500_.jpg" alt="Product Image"></a><p>Bissell Powerforce Helix Bagless Washable Premotor Filter #1608225, Black</p><p>$7.78</p><a href="https://www.amazon.com/dp/B07J1WWBHN?tag=eloabder-20&linkCode=osi&th=1&psc=1">View Product</a></div><div class="product"><a href="https://www.amazon.com/dp/B0BK64TMMK?tag=eloabder-20&linkCode=osi&th=1&psc=1"><img src="https://m.media-amazon.com/images/I/41OBMvET7eL._SL500_.jpg" alt="Product Image"></a><p>Vacuum Belt Replacement for Bissell Cleanview Swivel Pet Upright Bagless/Powerlifter Vacuum Cleaner, fits model: 2252, 2254, 22543, 2258,2259, 2260,2316, 2739, 1793, Parts # 3031120, 32074</p><p>$6.99</p><a href="https://www.amazon.com/dp/B0BK64TMMK?tag=eloabder-20&linkCode=osi&th=1&psc=1">View Product</a></div><div class="product"><a href="https://www.amazon.com/dp/B0BKKL3WRB?tag=eloabder-20&linkCode=osi&th=1&psc=1"><img src="https://m.media-amazon.com/images/I/410jMe-FjIL._SL500_.jpg" alt="Product Image"></a><p>Aolleteau F1 HEPA Filter Compatible with Dirt Devil Bagless Upright Cleaner Models Extra Lite, Breeze, Featherlite Bagless, Jaguar Bagless,Platinum Force Vision, Scorpion and Vision Bagless (2 Pack)</p><p>$13.99 ($7.00 / Count)</p><a href="https://www.amazon.com/dp/B0BKKL3WRB?tag=eloabder-20&linkCode=osi&th=1&psc=1">View Product</a></div><div class="product"><a href="https://www.amazon.com/dp/B09SG1P4WN?tag=eloabder-20&linkCode=osi&th=1&psc=1"><img src="https://m.media-amazon.com/images/I/51+Mr+Wq5ML._SL500_.jpg" alt="Product Image"></a><p>NEN110A Vacuum Filter, Inlet Frame and Sponge Filter Compatible with Eureka Whirlwind Bagless Canister Vacuum Cleaner, Fits NEN110A, NEN110B, NEN110D(4-Pack)</p><p>$15.99 ($4.00 / Count)</p><a href="https://www.amazon.com/dp/B09SG1P4WN?tag=eloabder-20&linkCode=osi&th=1&psc=1">View Product</a></div>
<div class="product"><a href="https://www.amazon.com/dp/B07GT9VB9X?tag=eloabder-20&linkCode=osi&th=1&psc=1"><img src="https://m.media-amazon.com/images/I/41IokheYtNL._SL500_.jpg" alt="Product Image"></a><p>6 Pack 1940 Bissell Steam Mop Pads for Bissell PowerFresh Steam Mop 1806 1544 1440 2075A 2685A 1940W 19404 Series, Model 19402 19408 1940a 1940f 1940q 1940t B0006 B0017, Part #5938#203-2633</p><p>$16.99 ($2.83 / Count)</p><a href="https://www.amazon.com/dp/B07GT9VB9X?tag=eloabder-20&linkCode=osi&th=1&psc=1">View Product</a></div><div class="product"><a href="https://www.amazon.com/dp/B07H3MYZLD?tag=eloabder-20&linkCode=osi&th=1&psc=1"><img src="https://m.media-amazon.com/images/I/511p6MPxQ0L._SL500_.jpg" alt="Product Image"></a><p>Flammi Steam Pocket Mop Replacement Pads for Shark S3500 Series S3501 S3601 S3550 S3901 SE450 S3801CO S3601D S2901 S2902 Steam Pocket Mop, 4 Pack</p><p>$16.97 ($4.24 / Count)</p><a href="https://www.amazon.com/dp/B07H3MYZLD?tag=eloabder-20&linkCode=osi&th=1&psc=1">View Product</a></div><div class="product"><a href="https://www.amazon.com/dp/B0C8SH97HN?tag=eloabder-20&linkCode=osi&th=1&psc=1"><img src="https://m.media-amazon.com/images/I/31Mex4y7odL._SL500_.jpg" alt="Product Image"></a><p>HOMEXCEL Steam Mop Replacement Pads Compatible with Bissell Powerfresh Steam Mop 1940 1806 1440 1544 Series, Model 19402 19404 19408 2685A 2075A 1940A 1940Q 1940T 1940W, Steam Mop Pads Refills,4 Pack</p><p>$9.99 ($2.50 / Count)</p><a href="https://www.amazon.com/dp/B0C8SH97HN?tag=eloabder-20&linkCode=osi&th=1&psc=1">View Product</a></div><div class="product"><a href="https://www.amazon.com/dp/B0BFWTXS33?tag=eloabder-20&linkCode=osi&th=1&psc=1"><img src="https://m.media-amazon.com/images/I/51pa2h7o0EL._SL500_.jpg" alt="Product Image"></a><p>12 Pack 1940 Steam Mop Replacement Pads for Bissell Powerfresh Steam Mop 1940 1440 1806 1544 2075 2685A 2814 Series, Model 19402 19404 19408 19409 1940A 1940F 1940Q 1940T 1940W B0006 B0017 2075A 15441</p><p>$24.99</p><a href="https://www.amazon.com/dp/B0BFWTXS33?tag=eloabder-20&linkCode=osi&th=1&psc=1">View Product</a></div><div class="product"><a href="https://www.amazon.com/dp/B0CLP5QGTY?tag=eloabder-20&linkCode=osi&th=1&psc=1"><img src="https://m.media-amazon.com/images/I/414HqpKde9L._SL500_.jpg" alt="Product Image"></a><p>10 Pack 1940 1806 2685A Steam Mop Pads For Bissell Powerfresh Steam Mop Deluxe Pet Lift-Off Plus Slim Scrubbing Steam Mop Replacement Pad 1940A 2814 1544A 2075A Power Fresh Steamer Pad Refill Washable</p><p>$22.99 ($2.30 / Count)</p><a href="https://www.amazon.com/dp/B0CLP5QGTY?tag=eloabder-20&linkCode=osi&th=1&psc=1">View Product</a></div><div class="product"><a href="https://www.amazon.com/dp/B078BBKBPV?tag=eloabder-20&linkCode=osi&th=1&psc=1"><img src="https://m.media-amazon.com/images/I/51WcJqtOUIL._SL500_.jpg" alt="Product Image"></a><p>Tidy Monster Steam Mop Replacement Pads Compatible with Bissell Powerfresh Steam Mop 1940 1806 1544 1440 2075A 2685A Series, Part # 5938 & 203-2633, 1606668 & 1606669 (4 Pack Scrub Plush)</p><p>$9.99</p><a href="https://www.amazon.com/dp/B078BBKBPV?tag=eloabder-20&linkCode=osi&th=1&psc=1">View Product</a></div><div class="product"><a href="https://www.amazon.com/dp/B00A6G37SU?tag=eloabder-20&linkCode=osi&th=1&psc=1"><img src="https://m.media-amazon.com/images/I/51xo0LB-SpL._SL500_.jpg" alt="Product Image"></a><p>BISSELL PowerFresh Steam Mop Pads (Pack of 2) with Fragrance discs (4 ct), 5938</p><p>$21.26 ($10.63 / Count)</p><a href="https://www.amazon.com/dp/B00A6G37SU?tag=eloabder-20&linkCode=osi&th=1&psc=1">View Product</a></div>
<div class="product"><a href="https://www.amazon.com/dp/B0D2QFVY7H?tag=eloabder-20&linkCode=osi&th=1&psc=1"><img src="https://m.media-amazon.com/images/I/417B7H+vvML._SL500_.jpg" alt="Product Image"></a><p>Kenmore KS1010 Deep Clean & Revitalize Pet Carpet Cleaner Formula, 64 oz, White, 64 Fl Oz</p><p>$22.73 ($0.36 / Fl Oz)</p><a href="https://www.amazon.com/dp/B0D2QFVY7H?tag=eloabder-20&linkCode=osi&th=1&psc=1">View Product</a></div><div class="product"><a href="https://www.amazon.com/dp/B0BNK8ZJJ1?tag=eloabder-20&linkCode=osi&th=1&psc=1"><img src="https://m.media-amazon.com/images/I/51z0Pc4xcNL._SL500_.jpg" alt="Product Image"></a><p>Bissell Spotlifter Pet Carpet and Upholstery Cleaner with Brush Head - 4 Pack, 93523</p><p>$23.88 ($0.50 / Fl Oz)</p><a href="https://www.amazon.com/dp/B0BNK8ZJJ1?tag=eloabder-20&linkCode=osi&th=1&psc=1">View Product</a></div><div class="product"><a href="https://www.amazon.com/dp/B0CX245D26?tag=eloabder-20&linkCode=osi&th=1&psc=1"><img src="https://m.media-amazon.com/images/I/411CSXvvO1L._SL500_.jpg" alt="Product Image"></a><p>BISSELLÂ® Spot & Stain with Febreze + Gain Original Scent Formula for Little Green Devices, Portable Carpet Cleaners (3968)</p><p>$12.99 ($0.41 / Fl Oz)</p><a href="https://www.amazon.com/dp/B0CX245D26?tag=eloabder-20&linkCode=osi&th=1&psc=1">View Product</a></div><div class="product"><a href="https://www.amazon.com/dp/B083VZW4R5?tag=eloabder-20&linkCode=osi&th=1&psc=1"><img src="https://m.media-amazon.com/images/I/413BULPLmBL._SL500_.jpg" alt="Product Image"></a><p>BISSELL Multi-Surface Pet Formula with Febreze Freshness for Crosswave (80 oz), 2295L</p><p>$22.99 ($0.29 / Fl Oz)</p><a href="https://www.amazon.com/dp/B083VZW4R5?tag=eloabder-20&linkCode=osi&th=1&psc=1">View Product</a></div><div class="product"><a href="https://www.amazon.com/dp/B0D2RGW219?tag=eloabder-20&linkCode=osi&th=1&psc=1"><img src="https://m.media-amazon.com/images/I/41gD+82tnAL._SL500_.jpg" alt="Product Image"></a><p>Vacmaster Clean & Restore Carpet Cleaner Formula â€“ CCS03</p><p>$19.99 ($0.31 / Fl Oz)</p><a href="https://www.amazon.com/dp/B0D2RGW219?tag=eloabder-20&linkCode=osi&th=1&psc=1">View Product</a></div>






<div class="product"><a href="https://www.amazon.com/dp/B0BY64HQTP?tag=eloabder-20&linkCode=osi&th=1&psc=1"><img src="https://m.media-amazon.com/images/I/41hUxHuASYL._SL500_.jpg" alt="Product Image"></a><p>Air Conditioning Motor WZDK13-38G-1(RD-310-13-8) DC Brushless Fan Motor, 13W Inverter air Conditioner Motor DC Motor for Central air Conditioner</p><p>$39.95</p><a href="https://www.amazon.com/dp/B0BY64HQTP?tag=eloabder-20&linkCode=osi&th=1&psc=1">View Product</a></div><div class="product"><a href="https://www.amazon.com/dp/B0CM5YB884?tag=eloabder-20&linkCode=osi&th=1&psc=1"><img src="https://m.media-amazon.com/images/I/310lQ2tAvLL._SL500_.jpg" alt="Product Image"></a><p>Sparkfix OEM WZDK20-38G (ZKFP-20-8-6) Air Conditioner Replacement Motors DC280V 20W Air Conditioning Fan Motor Inverter Air Conditioner Brushless DC Motor 1300RPM CCW</p><p>$42.79</p><a href="https://www.amazon.com/dp/B0CM5YB884?tag=eloabder-20&linkCode=osi&th=1&psc=1">View Product</a></div>













<div class="product"><a href="https://www.amazon.com/dp/B009PCI2JU?tag=eloabder-20&linkCode=osi&th=1&psc=1"><img src="https://m.media-amazon.com/images/I/310ZJurANUL._SL500_.jpg" alt="Product Image"></a><p>GE RPWFE Refrigerator Water Filter | Certified to Reduce Lead, Sulfur, and 50+ Other Impurities | Replace Every 6 Months for Best Results | Pack of 1</p><p>$49.98</p><a href="https://www.amazon.com/dp/B009PCI2JU?tag=eloabder-20&linkCode=osi&th=1&psc=1">View Product</a></div><div class="product"><a href="https://www.amazon.com/dp/B0882ZJ48W?tag=eloabder-20&linkCode=osi&th=1&psc=1"><img src="https://m.media-amazon.com/images/I/41110o9sUoL._SL500_.jpg" alt="Product Image"></a><p>GE XWFE Refrigerator Water Filter | Certified to Reduce Lead, Sulfur, and 50+ Other Impurities | Replace Every 6 Months for Best Results | Pack of 1, White</p><p>$49.00</p><a href="https://www.amazon.com/dp/B0882ZJ48W?tag=eloabder-20&linkCode=osi&th=1&psc=1">View Product</a></div><div class="product"><a href="https://www.amazon.com/dp/B074HLRXMP?tag=eloabder-20&linkCode=osi&th=1&psc=1"><img src="https://m.media-amazon.com/images/I/21oDpGCQXiL._SL500_.jpg" alt="Product Image"></a><p>LG LT1000P - 6 Month / 200 Gallon Capacity Replacement Refrigerator Water Filter (NSF42, NSF53, and NSF401) ADQ74793501, ADQ75795105, or AGF80300704 , White</p><p>$47.00</p><a href="https://www.amazon.com/dp/B074HLRXMP?tag=eloabder-20&linkCode=osi&th=1&psc=1">View Product</a></div><div class="product"><a href="https://www.amazon.com/dp/B01BKWSHHE?tag=eloabder-20&linkCode=osi&th=1&psc=1"><img src="https://m.media-amazon.com/images/I/31E2+zlkvjL._SL500_.jpg" alt="Product Image"></a><p>Frigidaire EPTWFU01 Water Filtration Filter, 1 Count, White</p><p>$42.99</p><a href="https://www.amazon.com/dp/B01BKWSHHE?tag=eloabder-20&linkCode=osi&th=1&psc=1">View Product</a></div><div class="product"><a href="https://www.amazon.com/dp/B08V6JB9R7?tag=eloabder-20&linkCode=osi&th=1&psc=1"><img src="https://m.media-amazon.com/images/I/31PRPEffCZL._SL500_.jpg" alt="Product Image"></a><p>Frigidaire FPPWFU01 PurePour PWF-1 Water Filter 1 Count (Pack of 1)</p><p>$45.81</p><a href="https://www.amazon.com/dp/B08V6JB9R7?tag=eloabder-20&linkCode=osi&th=1&psc=1">View Product</a></div><div class="product"><a href="https://www.amazon.com/dp/B000AST3AK?tag=eloabder-20&linkCode=osi&th=1&psc=1"><img src="https://m.media-amazon.com/images/I/41DUoSxpwTS._SL500_.jpg" alt="Product Image"></a><p>GE MWF Refrigerator Water Filter | Certified to Reduce Lead, Sulfur, and 50+ Other Impurities | Replace Every 6 Months for Best Results | Pack of 1</p><p>$39.98</p><a href="https://www.amazon.com/dp/B000AST3AK?tag=eloabder-20&linkCode=osi&th=1&psc=1">View Product</a></div><div class="product"><a href="https://www.amazon.com/dp/B0CFZR7K8D?tag=eloabder-20&linkCode=osi&th=1&psc=1"><img src="https://m.media-amazon.com/images/I/31WM5sdhKLL._SL500_.jpg" alt="Product Image"></a><p>HMASAV W10295370A water filter replacement, Compatible with EDR1RXD1,EDR1RXD1B,W10295370,Filter 1,WHR1RXD1,KAD1RXD1,P4RFWB,P8RFWB2L,46-9930,46-9081 2PACK</p><p>$29.99 ($15.00 / Count)</p><a href="https://www.amazon.com/dp/B0CFZR7K8D?tag=eloabder-20&linkCode=osi&th=1&psc=1">View Product</a></div><div class="product"><a href="https://www.amazon.com/dp/B07JM9TTTT?tag=eloabder-20&linkCode=osi&th=1&psc=1"><img src="https://m.media-amazon.com/images/I/41CfAtJ8TPL._SL500_.jpg" alt="Product Image"></a><p>GLACIER FRESH LT1000PC Replacement Water Filter, Compatible with LT1000PC/PCS, LT1000PC, LT-1000PC, MDJ64844601, ADQ747935 ADQ74793504 Filter and LT120F ADQ73334008 Fresh Air (3+3)</p><p>$39.99 ($13.33 / Count)</p><a href="https://www.amazon.com/dp/B07JM9TTTT?tag=eloabder-20&linkCode=osi&th=1&psc=1">View Product</a></div><div class="product"><a href="https://www.amazon.com/dp/B003N1ZSYG?tag=eloabder-20&linkCode=osi&th=1&psc=1"><img src="https://m.media-amazon.com/images/I/31Mbrkrxu1L._SL500_.jpg" alt="Product Image"></a><p>SAMSUNG Genuine Filter for Refrigerator Water and Ice, Carbon Block Filtration for Clean, Clear Drinking Water, 6-Month Life, HAF-CIN/EXP, 1 Pack</p><p>$39.99</p><a href="https://www.amazon.com/dp/B003N1ZSYG?tag=eloabder-20&linkCode=osi&th=1&psc=1">View Product</a></div>









<div class="product"><a href="https://www.amazon.com/dp/B0B2NZ47HN?tag=eloabder-20&linkCode=osi&th=1&psc=1"><img src="https://m.media-amazon.com/images/I/41nC6c2XxJL._SL500_.jpg" alt="Product Image"></a><p>OTE Portable Sparkling Water Maker Soda Maker Machine for home with 20PCS Cylinders 450ml Personal seltzer Carbonators Electroless Double Layer PET Bottle BPA Free Double Pressure Relief Valves -Pink</p><p>$49.99</p><a href="https://www.amazon.com/dp/B0B2NZ47HN?tag=eloabder-20&linkCode=osi&th=1&psc=1">View Product</a></div><div class="product"><a href="https://www.amazon.com/dp/B09DY54L7M?tag=eloabder-20&linkCode=osi&th=1&psc=1"><img src="https://m.media-amazon.com/images/I/31LSpnm3G8L._SL500_.jpg" alt="Product Image"></a><p>MOSOLAN Bottle Cleaning Brush, 17 Inches Extra Long Handle Water Bottle Brush, Flexible Bendable Cleaner for Washing Narrow Neck Bottles, Wine Decanter, Kombucha, Pipes, Beer Brewing Supplies, 2 Pack</p><p>$11.95 ($5.98 / Count)</p><a href="https://www.amazon.com/dp/B09DY54L7M?tag=eloabder-20&linkCode=osi&th=1&psc=1">View Product</a></div><div class="product"><a href="https://www.amazon.com/dp/B0736CBNDN?tag=eloabder-20&linkCode=osi&th=1&psc=1"><img src="https://m.media-amazon.com/images/I/41tWXmwP5KL._SL500_.jpg" alt="Product Image"></a><p>#2 Filter Pads (10 Pack Bulk) Compatible with Mini Jet Machine | #2 1.8-2.5 micron | 2 Micron Filtering pads. Filter Wine Beer, Kombucha, Mead Mash. Polishing filtration| Not a Buon Vino product.</p><p>$18.99</p><a href="https://www.amazon.com/dp/B0736CBNDN?tag=eloabder-20&linkCode=osi&th=1&psc=1">View Product</a></div>









<div class="product"><a href="https://www.amazon.com/dp/B07YGN577Y?tag=eloabder-20&linkCode=osi&th=1&psc=1"><img src="https://m.media-amazon.com/images/I/31kfZiyDMUL._SL500_.jpg" alt="Product Image"></a><p>9870163 Trash Power Nut WP9870163 L8</p><p>$50.36</p><a href="https://www.amazon.com/dp/B07YGN577Y?tag=eloabder-20&linkCode=osi&th=1&psc=1">View Product</a></div>

<div class="product"><a href="https://www.amazon.com/dp/B0CWQLM4C7?tag=eloabder-20&linkCode=osi&th=1&psc=1"><img src="https://m.media-amazon.com/images/I/41gTEIOjtlL._SL500_.jpg" alt="Product Image"></a><p>7" Seven Seconds Lazy Kitchen Food Making Tools - Multifunctional Fruit Vegetable Chopper Quick Garlic Peeling Machine Convenient Food Chopper for Slicing,Juice,Grinding</p><p>$32.99</p><a href="https://www.amazon.com/dp/B0CWQLM4C7?tag=eloabder-20&linkCode=osi&th=1&psc=1">View Product</a></div>







<div class="product"><a href="https://www.amazon.com/dp/B0CNKFM9WR?tag=eloabder-20&linkCode=osi&th=1&psc=1"><img src="https://m.media-amazon.com/images/I/31sGGIDic9L._SL500_.jpg" alt="Product Image"></a><p>hobbyme Pack of 4 Plastic Coffee Scoops with Brush & Espresso Grinder Brush for Ground Coffee Cleaning Tea Power Coffee Grinder Spoon</p><p>$6.49</p><a href="https://www.amazon.com/dp/B0CNKFM9WR?tag=eloabder-20&linkCode=osi&th=1&psc=1">View Product</a></div>





<div class="product"><a href="https://www.amazon.com/dp/B07798328B?tag=eloabder-20&linkCode=osi&th=1&psc=1"><img src="https://m.media-amazon.com/images/I/31Vpin+sgUS._SL500_.jpg" alt="Product Image"></a><p>Prime-Line MP10513 Standard Plastic Ice Cube Trays (5 Pack)</p><p>$12.69</p><a href="https://www.amazon.com/dp/B07798328B?tag=eloabder-20&linkCode=osi&th=1&psc=1">View Product</a></div><div class="product"><a href="https://www.amazon.com/dp/B077965JDB?tag=eloabder-20&linkCode=osi&th=1&psc=1"><img src="https://m.media-amazon.com/images/I/31H1hNlH6RL._SL500_.jpg" alt="Product Image"></a><p>Prime-Line MP10863 Standard Plastic Ice Cube Trays (2 Pack)</p><p>$9.69</p><a href="https://www.amazon.com/dp/B077965JDB?tag=eloabder-20&linkCode=osi&th=1&psc=1">View Product</a></div>

<div class="product"><a href="https://www.amazon.com/dp/B08MPLY84K?tag=eloabder-20&linkCode=osi&th=1&psc=1"><img src="https://m.media-amazon.com/images/I/31kWTfzQJBL._SL500_.jpg" alt="Product Image"></a><p>Syntus Vacuum Sealer Bags, 6 Pack 3 Rolls 11" x 20' and 3 Rolls 8" x 20' Commercial Grade BPA Free Bag Rolls, Food Vac Bags for Storage, Meal Prep or Sous Vide</p><p>$19.99</p><a href="https://www.amazon.com/dp/B08MPLY84K?tag=eloabder-20&linkCode=osi&th=1&psc=1">View Product</a></div><div class="product"><a href="https://www.amazon.com/dp/B0C5BWRMQL?tag=eloabder-20&linkCode=osi&th=1&psc=1"><img src="https://m.media-amazon.com/images/I/41yPpkb6oeL._SL500_.jpg" alt="Product Image"></a><p>Bonsenkitchen Vacuum Sealer Rolls Bags, 6 Pack 3 Rolls 11" x 20' + 3 Rolls 8" x 20' Commercial Grade BPA Free Bag Rolls, Durable Customized Size Food Vac Bags for Storage and Sous Vide Cooking VB3211</p><p>$19.99 ($3.33 / Count)</p><a href="https://www.amazon.com/dp/B0C5BWRMQL?tag=eloabder-20&linkCode=osi&th=1&psc=1">View Product</a></div><div class="product"><a href="https://www.amazon.com/dp/B0C5C1JTC4?tag=eloabder-20&linkCode=osi&th=1&psc=1"><img src="https://m.media-amazon.com/images/I/31JpyYsm7YL._SL500_.jpg" alt="Product Image"></a><p>Bonsenkitchen Vacuum Food Sealer Bags 200 Quart 8" x 12", BPA Free, Commercial Grade Textured Food Vacuum Sealer Bag, Thick Embossed Bags for Food Storage and Sous Vide Cooking VB3208</p><p>$18.39 ($0.09 / Count)</p><a href="https://www.amazon.com/dp/B0C5C1JTC4?tag=eloabder-20&linkCode=osi&th=1&psc=1">View Product</a></div><div class="product"><a href="https://www.amazon.com/dp/B07TMZDGQ1?tag=eloabder-20&linkCode=osi&th=1&psc=1"><img src="https://m.media-amazon.com/images/I/31cRCu-JIsL._SL500_.jpg" alt="Product Image"></a><p>Wevac Vacuum Sealer Bags 11x50 Rolls 2 pack for Food Saver, Seal a Meal, Weston. Commercial Grade, BPA Free, Heavy Duty, Great for vac storage, Meal Prep or Sous Vide</p><p>$20.99 ($0.21 / Count)</p><a href="https://www.amazon.com/dp/B07TMZDGQ1?tag=eloabder-20&linkCode=osi&th=1&psc=1">View Product</a></div><div class="product"><a href="https://www.amazon.com/dp/B07TV4KRCL?tag=eloabder-20&linkCode=osi&th=1&psc=1"><img src="https://m.media-amazon.com/images/I/31uv3qtc9bL._SL500_.jpg" alt="Product Image"></a><p>Wevac Vacuum Sealer Bags 100 Gallon 11x16 Inch for Food Saver, Seal a Meal, Weston. Commercial Grade, BPA Free, Heavy Duty, Great for vac storage, Meal Prep and Sous Vide</p><p>$21.24</p><a href="https://www.amazon.com/dp/B07TV4KRCL?tag=eloabder-20&linkCode=osi&th=1&psc=1">View Product</a></div>


<div class="product"><a href="https://www.amazon.com/dp/B093G5XCVF?tag=eloabder-20&linkCode=osi&th=1&psc=1"><img src="https://m.media-amazon.com/images/I/313Cq6ASf0S._SL500_.jpg" alt="Product Image"></a><p>2 Multipurpose Pastry Brush Basting & Coffee Grinders Cleaning Brush Wooden Handle Natural Boar Bristles Baking Cooking Sauce egg wash Bakery Supply Espresso Bean Barista</p><p>$7.21</p><a href="https://www.amazon.com/dp/B093G5XCVF?tag=eloabder-20&linkCode=osi&th=1&psc=1">View Product</a></div><div class="product"><a href="https://www.amazon.com/dp/B07JGRYG31?tag=eloabder-20&linkCode=osi&th=1&psc=1"><img src="https://m.media-amazon.com/images/I/31nd-jhgzdL._SL500_.jpg" alt="Product Image"></a><p>Coffee Grinder Cleaning Brush + Coffee Brush Wood Handle & Natural Bristles Pastry Brush</p><p>$5.99</p><a href="https://www.amazon.com/dp/B07JGRYG31?tag=eloabder-20&linkCode=osi&th=1&psc=1">View Product</a></div><div class="product"><a href="https://www.amazon.com/dp/B0C53G4T7X?tag=eloabder-20&linkCode=osi&th=1&psc=1"><img src="https://m.media-amazon.com/images/I/21Hrgmpj8YL._SL500_.jpg" alt="Product Image"></a><p>Leadigol Cleaning Tool Coffee Machine Home Pastry Brush Multifunctional Wooden Handle Baking Soft Bristles Coffee Grinder Brush</p><p>$7.99</p><a href="https://www.amazon.com/dp/B0C53G4T7X?tag=eloabder-20&linkCode=osi&th=1&psc=1">View Product</a></div><div class="product"><a href="https://www.amazon.com/dp/B07W5WM2LF?tag=eloabder-20&linkCode=osi&th=1&psc=1"><img src="https://m.media-amazon.com/images/I/41-7fWE9tSL._SL500_.jpg" alt="Product Image"></a><p>Redecker Waffle Machine Brush with Oiled Beechwood Handle, Stiff Heat-resistant Tampico Fiber Bristles, 6-1/2 inches, Made in Germany</p><p>$21.99</p><a href="https://www.amazon.com/dp/B07W5WM2LF?tag=eloabder-20&linkCode=osi&th=1&psc=1">View Product</a></div>






Aucun rÃ©sultat trouvÃ©.


<div class="product"><a href="https://www.amazon.com/dp/B00LQKZQAW?tag=eloabder-20&linkCode=osi&th=1&psc=1"><img src="https://m.media-amazon.com/images/I/31nBii+cbiL._SL500_.jpg" alt="Product Image"></a><p>Electrolux 5308000716 Dish Replacement , White</p><p>$17.16</p><a href="https://www.amazon.com/dp/B00LQKZQAW?tag=eloabder-20&linkCode=osi&th=1&psc=1">View Product</a></div><div class="product"><a href="https://www.amazon.com/dp/B09BBPTSNK?tag=eloabder-20&linkCode=osi&th=1&psc=1"><img src="https://m.media-amazon.com/images/I/41kdVEnPDTL._SL500_.jpg" alt="Product Image"></a><p>Judeeâ€™s Butter Powder 5 lb - 100% Non-GMO and Keto-Friendly - rBST Hormone-Free - Gluten-Free and Nut-Free - Made from 100% Real Butter - Baking Ready Ingredient - Made in USA</p><p>$59.99 ($0.75 / Ounce)</p><a href="https://www.amazon.com/dp/B09BBPTSNK?tag=eloabder-20&linkCode=osi&th=1&psc=1">View Product</a></div>
<div class="product"><a href="https://www.amazon.com/dp/B0C1G9K19X?tag=eloabder-20&linkCode=osi&th=1&psc=1"><img src="https://m.media-amazon.com/images/I/41OVBrQ1wFL._SL500_.jpg" alt="Product Image"></a><p>Coffee Cup Design Coffee Filter Holder, Coffee Paper Rack Stand, Metal Coffee Filter Container Stand, Coffee Bar Accessories Vertical Paper Towel Napkin Holder for Cone Square Fan Shaped Size (Black)</p><p>$8.99</p><a href="https://www.amazon.com/dp/B0C1G9K19X?tag=eloabder-20&linkCode=osi&th=1&psc=1">View Product</a></div><div class="product"><a href="https://www.amazon.com/dp/B07TP1YN7G?tag=eloabder-20&linkCode=osi&th=1&psc=1"><img src="https://m.media-amazon.com/images/I/41BpYdpRyaL._SL500_.jpg" alt="Product Image"></a><p>CAFEMASY Coffee Filter Holder Storage Coffee Filter Paper Dispenser Rack with Dustproof Cover for V60 and Cone Coffee Filters</p><p>$9.99</p><a href="https://www.amazon.com/dp/B07TP1YN7G?tag=eloabder-20&linkCode=osi&th=1&psc=1">View Product</a></div><div class="product"><a href="https://www.amazon.com/dp/B0BFCTW7MY?tag=eloabder-20&linkCode=osi&th=1&psc=1"><img src="https://m.media-amazon.com/images/I/31s709IEZkL._SL500_.jpg" alt="Product Image"></a><p>Coffee Filter Holder, watchget Reusable Coffee Paper Filter Storage Bag for Cone-shaped Filter Papers V60 Waterproof Canvas Suitable for Outdoor Camping Traveling(02)</p><p>$11.99</p><a href="https://www.amazon.com/dp/B0BFCTW7MY?tag=eloabder-20&linkCode=osi&th=1&psc=1">View Product</a></div>





<div class="product"><a href="https://www.amazon.com/dp/B0CTJD9VK7?tag=eloabder-20&linkCode=osi&th=1&psc=1"><img src="https://m.media-amazon.com/images/I/31pqr-gIt8L._SL500_.jpg" alt="Product Image"></a><p>[4 Pack] Water Bottle Brush & Straw Cleaner Set,Stainless Steel Long Handle Baby Bottle Scrub Cleaning Brush for Sports Bottles, Cups, Dishes, Coffee Mugs, Glasswares, Tumblers, Wine Decanters</p><p>$6.50</p><a href="https://www.amazon.com/dp/B0CTJD9VK7?tag=eloabder-20&linkCode=osi&th=1&psc=1">View Product</a></div>




<div class="product"><a href="https://www.amazon.com/dp/B0BQSPKDN4?tag=eloabder-20&linkCode=osi&th=1&psc=1"><img src="https://m.media-amazon.com/images/I/416EnQJjKDL._SL500_.jpg" alt="Product Image"></a><p>Teflon Sheets for Baking (3-Pack) Bundled with ninja foodi air fryer liners (1-Pack) - Baking Sheets for Oven and Air Fryer Oven Mat 12" x 12" - Reusable & Heat Resistant</p><p>$9.99</p><a href="https://www.amazon.com/dp/B0BQSPKDN4?tag=eloabder-20&linkCode=osi&th=1&psc=1">View Product</a></div>












<div class="product"><a href="https://www.amazon.com/dp/B00UTFZAII?tag=eloabder-20&linkCode=osi&th=1&psc=1"><img src="https://m.media-amazon.com/images/I/31z7hZ6KbXL._SL500_.jpg" alt="Product Image"></a><p>Miele 10123210 AirClean 3D Efficiency Dust Bag, Type GN, 4 Bags & 2 Filters, White</p><p>$21.86 ($21.86 / Count)</p><a href="https://www.amazon.com/dp/B00UTFZAII?tag=eloabder-20&linkCode=osi&th=1&psc=1">View Product</a></div><div class="product"><a href="https://www.amazon.com/dp/B07WHG6J5S?tag=eloabder-20&linkCode=osi&th=1&psc=1"><img src="https://m.media-amazon.com/images/I/41hnaEOxB9L._SL500_.jpg" alt="Product Image"></a><p>KEEPOW Vacuum Filters for Eureka, Power Speed Vacuum Filters Replacement for Eureka NEU182A, NEU182B, NEU280, NEU180, NEU181, NEU188, NEU202 Bagless Upright Vacuum Cleaner, Part E0202 (4 Pack)</p><p>$9.99 ($2.50 / Count)</p><a href="https://www.amazon.com/dp/B07WHG6J5S?tag=eloabder-20&linkCode=osi&th=1&psc=1">View Product</a></div><div class="product"><a href="https://www.amazon.com/dp/B00UTFZB82?tag=eloabder-20&linkCode=osi&th=1&psc=1"><img src="https://m.media-amazon.com/images/I/41WdlL5T0dL._SL500_.jpg" alt="Product Image"></a><p>Miele AirClean 3D Efficiency Dust Bag, Type FJM, 4 Bags & 2 Filters, White</p><p>$18.99</p><a href="https://www.amazon.com/dp/B00UTFZB82?tag=eloabder-20&linkCode=osi&th=1&psc=1">View Product</a></div><div class="product"><a href="https://www.amazon.com/dp/B09NKP346M?tag=eloabder-20&linkCode=osi&th=1&psc=1"><img src="https://m.media-amazon.com/images/I/41o25nqkODL._SL500_.jpg" alt="Product Image"></a><p>Anewise 6 Pack Filter Replacement for Bissell Powerforce Compact Lightweight Upright 2112 1520 for Bissel Turbo Bagless 2690 Cleanview 3437 3508 Vacuum Cleaner, Compare to Parts #1604896/160-4896</p><p>$12.99</p><a href="https://www.amazon.com/dp/B09NKP346M?tag=eloabder-20&linkCode=osi&th=1&psc=1">View Product</a></div><div class="product"><a href="https://www.amazon.com/dp/B01MQ5NITB?tag=eloabder-20&linkCode=osi&th=1&psc=1"><img src="https://m.media-amazon.com/images/I/41J6lG4H1bL._SL500_.jpg" alt="Product Image"></a><p>Bissell Style 7 3 Pack Vacuum Cleaner Bags, White, 3 Count</p><p>$8.69 ($2.90 / Count)</p><a href="https://www.amazon.com/dp/B01MQ5NITB?tag=eloabder-20&linkCode=osi&th=1&psc=1">View Product</a></div><div class="product"><a href="https://www.amazon.com/dp/B0CDH1JY5D?tag=eloabder-20&linkCode=osi&th=1&psc=1"><img src="https://m.media-amazon.com/images/I/516DPXu4siL._SL500_.jpg" alt="Product Image"></a><p>4 Pack Replacement Filters Compatiable with Wyze Cordless Vacuum Cleaner, Removable and Washable HEPA Filter Accessories Part Set with 1 Cleaning Brush for Wyze Handheld Cordless Vacuum Cleaner</p><p>$15.99 ($4.00 / Count)</p><a href="https://www.amazon.com/dp/B0CDH1JY5D?tag=eloabder-20&linkCode=osi&th=1&psc=1">View Product</a></div><div class="product"><a href="https://www.amazon.com/dp/B07P3WB37F?tag=eloabder-20&linkCode=osi&th=1&psc=1"><img src="https://m.media-amazon.com/images/I/51WaYrkiVXL._SL500_.jpg" alt="Product Image"></a><p>Miele AirClean 3D Efficiency Dust Bag, Type GN, XL Value Pack, 8 Bags and 4 Filters</p><p>$36.99</p><a href="https://www.amazon.com/dp/B07P3WB37F?tag=eloabder-20&linkCode=osi&th=1&psc=1">View Product</a></div><div class="product"><a href="https://www.amazon.com/dp/B09DSY4Z2T?tag=eloabder-20&linkCode=osi&th=1&psc=1"><img src="https://m.media-amazon.com/images/I/51+ref3EeAL._SL500_.jpg" alt="Product Image"></a><p>Filter Replacement for Tineco A10 A11 Hero A10/A11 Master PURE ONE S11 Series, S12, X Cordless Vacuum Cleaner (3 PACK) â€¦</p><p>$12.99 ($4.33 / Count)</p><a href="https://www.amazon.com/dp/B09DSY4Z2T?tag=eloabder-20&linkCode=osi&th=1&psc=1">View Product</a></div>


<div class="product"><a href="https://www.amazon.com/dp/B0BXRR5QFV?tag=eloabder-20&linkCode=osi&th=1&psc=1"><img src="https://m.media-amazon.com/images/I/41sjdBkCp8L._SL500_.jpg" alt="Product Image"></a><p>AC Infinity CLOUDFORGE T7, Plant Humidifier 15L with VPD Humidity Controls, 10-Level Precision Vaporizer, Extendable Hose, Targeting Pipe, and No-Leak Seal for Grow Tents</p><p>$159.00</p><a href="https://www.amazon.com/dp/B0BXRR5QFV?tag=eloabder-20&linkCode=osi&th=1&psc=1">View Product</a></div><div class="product"><a href="https://www.amazon.com/dp/B01N6MV8SA?tag=eloabder-20&linkCode=osi&th=1&psc=1"><img src="https://m.media-amazon.com/images/I/41hX08+W1xL._SL500_.jpg" alt="Product Image"></a><p>Protec Humidifier Tank Cleaner, 1 Count - Colors May Vary</p><p>$5.98</p><a href="https://www.amazon.com/dp/B01N6MV8SA?tag=eloabder-20&linkCode=osi&th=1&psc=1">View Product</a></div><div class="product"><a href="https://www.amazon.com/dp/B07GXBTH82?tag=eloabder-20&linkCode=osi&th=1&psc=1"><img src="https://m.media-amazon.com/images/I/41ibxK12JPL._SL500_.jpg" alt="Product Image"></a><p>Essick Air 1970-2 Humidifier, 2-Quart Bacteriostatic Treatment, 2 Pack, Clear, 2</p><p>$22.99</p><a href="https://www.amazon.com/dp/B07GXBTH82?tag=eloabder-20&linkCode=osi&th=1&psc=1">View Product</a></div><div class="product"><a href="https://www.amazon.com/dp/B08TTT3K9B?tag=eloabder-20&linkCode=osi&th=1&psc=1"><img src="https://m.media-amazon.com/images/I/41U6j9SexmL._SL500_.jpg" alt="Product Image"></a><p>Leemone Humidifier Cleaner 12 Pack, Demineralization Cleaning Ball, Works in All humidifiers and Fish Tanks, Purifies Water, Prevents Hard Water Build-Up, Eliminates White Dust and Odor</p><p>$14.44</p><a href="https://www.amazon.com/dp/B08TTT3K9B?tag=eloabder-20&linkCode=osi&th=1&psc=1">View Product</a></div>
<div class="product"><a href="https://www.amazon.com/dp/B07YD4XCT3?tag=eloabder-20&linkCode=osi&th=1&psc=1"><img src="https://m.media-amazon.com/images/I/41hR81iKyJL._SL500_.jpg" alt="Product Image"></a><p>Vacplus Moisture Absorber Packets, Fragrance Free(10 Pack), Humidity Packs, Hanging Closet Dehumidifier Bags, Desiccant 9.8OZ</p><p>$21.99</p><a href="https://www.amazon.com/dp/B07YD4XCT3?tag=eloabder-20&linkCode=osi&th=1&psc=1">View Product</a></div><div class="product"><a href="https://www.amazon.com/dp/B09LQF5V5K?tag=eloabder-20&linkCode=osi&th=1&psc=1"><img src="https://m.media-amazon.com/images/I/51Cx5ECAotL._SL500_.jpg" alt="Product Image"></a><p>CLEVAST Moisture Absorbers Packets 10 Pack, Dehumidifier Bags for Closet, Unscented Hanging Humidity Absorber in Wardrobes, Bedrooms, Bathrooms(230g/pack)</p><p>$16.98</p><a href="https://www.amazon.com/dp/B09LQF5V5K?tag=eloabder-20&linkCode=osi&th=1&psc=1">View Product</a></div><div class="product"><a href="https://www.amazon.com/dp/B0B8L9QRW8?tag=eloabder-20&linkCode=osi&th=1&psc=1"><img src="https://m.media-amazon.com/images/I/518LgtpPi8L._SL500_.jpg" alt="Product Image"></a><p>Arm & Hammer Essentials Disposable Moisture Absorber and Odor Eliminator Tub, Fragrance Free, 1 lb, 3-Pack, Attracts and Traps Excess Moisture, Ideal Closet Dehumidifier, White</p><p>$24.94 ($0.52 / Ounce)</p><a href="https://www.amazon.com/dp/B0B8L9QRW8?tag=eloabder-20&linkCode=osi&th=1&psc=1">View Product</a></div><div class="product"><a href="https://www.amazon.com/dp/B09W9TPJGZ?tag=eloabder-20&linkCode=osi&th=1&psc=1"><img src="https://m.media-amazon.com/images/I/51pVTVMwHbL._SL500_.jpg" alt="Product Image"></a><p>THECOSKY Dehumidifier and Air Purifier Combo,HEPA H13 Filter and Negative Air Ion Function,54oz(1.6L) Water Tank with Drain Hose,24hrs Auto-Off Timer,Idea for Bedroom,Bathroom,Closet,RV</p><p>$109.99</p><a href="https://www.amazon.com/dp/B09W9TPJGZ?tag=eloabder-20&linkCode=osi&th=1&psc=1">View Product</a></div><div class="product"><a href="https://www.amazon.com/dp/B0CXDG65LZ?tag=eloabder-20&linkCode=osi&th=1&psc=1"><img src="https://m.media-amazon.com/images/I/41HNflmbKHL._SL500_.jpg" alt="Product Image"></a><p>14 x 17.5 x1.75 MERV 13 Replacement Dehumidifier Filter Compatible with Santa Fe Advance90, Advance100, Advance120, Honeywell DR90 & DR120 dehumidifier models, 2 Pack</p><p>$42.99</p><a href="https://www.amazon.com/dp/B0CXDG65LZ?tag=eloabder-20&linkCode=osi&th=1&psc=1">View Product</a></div>
<div class="product"><a href="https://www.amazon.com/dp/B088B921NQ?tag=eloabder-20&linkCode=osi&th=1&psc=1"><img src="https://m.media-amazon.com/images/I/612e4cT3RYL._SL500_.jpg" alt="Product Image"></a><p>ULTTY H13 HEPA Replacement Filter with Medical Coating, True HEPA Filter For R021/ R020 Purifying Fan, Medium</p><p>$29.99</p><a href="https://www.amazon.com/dp/B088B921NQ?tag=eloabder-20&linkCode=osi&th=1&psc=1">View Product</a></div><div class="product"><a href="https://www.amazon.com/dp/B0D2MZ4Y7Z?tag=eloabder-20&linkCode=osi&th=1&psc=1"><img src="https://m.media-amazon.com/images/I/51KgTHizWyL._SL500_.jpg" alt="Product Image"></a><p>Butto 5-Pack Ceiling Fan Filters for Blades - Strong Adhesive Ceiling Fan Filters for Common Household Contaminants - Unscented Coconut Carbon Fan Air Purifier Pads to Make Air Fresh and Natural</p><p>$9.98</p><a href="https://www.amazon.com/dp/B0D2MZ4Y7Z?tag=eloabder-20&linkCode=osi&th=1&psc=1">View Product</a></div><div class="product"><a href="https://www.amazon.com/dp/B0C42HCM21?tag=eloabder-20&linkCode=osi&th=1&psc=1"><img src="https://m.media-amazon.com/images/I/31jk3lpoygL._SL500_.jpg" alt="Product Image"></a><p>Barnakl Ceiling Fan Filters | Activated Coconut Shell Carbon Filter | Easy-Stick Universal Ceiling Fan Air Filters | Unscented Ceiling Fan Blade Filters for Common Household Contaminants, (3-Count)</p><p>$19.99 ($6.66 / Count)</p><a href="https://www.amazon.com/dp/B0C42HCM21?tag=eloabder-20&linkCode=osi&th=1&psc=1">View Product</a></div>
<div class="product"><a href="https://www.amazon.com/dp/B08LZWP29P?tag=eloabder-20&linkCode=osi&th=1&psc=1"><img src="https://m.media-amazon.com/images/I/41NLuzzFW9L._SL500_.jpg" alt="Product Image"></a><p>Chromex Tankless Water Heater Descaling Solution | Highly Effective Descaler Restores Heating Efficiency, Quart, 32 fl oz (1)</p><p>$26.99</p><a href="https://www.amazon.com/dp/B08LZWP29P?tag=eloabder-20&linkCode=osi&th=1&psc=1">View Product</a></div>

<div class="product"><a href="https://www.amazon.com/dp/B005UO4OWQ?tag=eloabder-20&linkCode=osi&th=1&psc=1"><img src="https://m.media-amazon.com/images/I/41oQPKFofoL._SL500_.jpg" alt="Product Image"></a><p>Bissell 203-7458 Brushroll, Bg10/86T3, Black</p><p>$21.26 ($21.26 / Count)</p><a href="https://www.amazon.com/dp/B005UO4OWQ?tag=eloabder-20&linkCode=osi&th=1&psc=1">View Product</a></div>





















<div class="product"><a href="https://www.amazon.com/dp/B0014J7FUY?tag=eloabder-20&linkCode=osi&th=1&psc=1"><img src="https://m.media-amazon.com/images/I/31QrM+IPxOL._SL500_.jpg" alt="Product Image"></a><p>Urnex Grindz Professional Coffee Grinder Cleaning Tablets - 430 Grams - All Natural Food Safe Gluten Free - Cleans Burr and Casing - Help Extend Life of Your Grinder</p><p>$25.99 ($1.71 / Ounce)</p><a href="https://www.amazon.com/dp/B0014J7FUY?tag=eloabder-20&linkCode=osi&th=1&psc=1">View Product</a></div>



<div class="product"><a href="https://www.amazon.com/dp/B0CHW317SG?tag=eloabder-20&linkCode=osi&th=1&psc=1"><img src="https://m.media-amazon.com/images/I/41Qd5Iu3qBL._SL500_.jpg" alt="Product Image"></a><p>EUHOMY 55 Can Beverage Refrigerator cooler-Mini Fridge Glass Door for Beer Drinks Wines, Freestanding Beverage Fridge with Adjustable Shelves Blue LED for Home/Office/Dorm/Bar (1.3cu.ft)</p><p>$128.99</p><a href="https://www.amazon.com/dp/B0CHW317SG?tag=eloabder-20&linkCode=osi&th=1&psc=1">View Product</a></div>

<div class="product"><a href="https://www.amazon.com/dp/B099CN2MRK?tag=eloabder-20&linkCode=osi&th=1&psc=1"><img src="https://m.media-amazon.com/images/I/31CvUCIUX5L._SL500_.jpg" alt="Product Image"></a><p>Genuine PuroAir 240 Replacement Filter - Replacement HEPA Filter for PuroAir 240 Purifier - Captures up to 99% of Pollen, Smoke, Pollen, Dust and Common Household Pollutants</p><p>$48.00</p><a href="https://www.amazon.com/dp/B099CN2MRK?tag=eloabder-20&linkCode=osi&th=1&psc=1">View Product</a></div><div class="product"><a href="https://www.amazon.com/dp/B0055521W0?tag=eloabder-20&linkCode=osi&th=1&psc=1"><img src="https://m.media-amazon.com/images/I/41Hs7ixdyXL._SL500_.jpg" alt="Product Image"></a><p>GermGuardian Filter B HEPA Pure Genuine Air Purifier Replacement Filter, Removes 99.97% of Pollutants for AC4825, AC4300, AC4900, AC4825DLX, AC4850, CDAP4500, AP2200, Black/Yellow, FLT4825</p><p>$17.90 ($17.90 / Count)</p><a href="https://www.amazon.com/dp/B0055521W0?tag=eloabder-20&linkCode=osi&th=1&psc=1">View Product</a></div><div class="product"><a href="https://www.amazon.com/dp/B0BNMYKZPV?tag=eloabder-20&linkCode=osi&th=1&psc=1"><img src="https://m.media-amazon.com/images/I/41-K3mB6KkL._SL500_.jpg" alt="Product Image"></a><p>2 Pack True HEPA KILO Filter Compatible with Afloia KILO, KILOPLUS, KILOPRO, MIRO,MIRO PRO and MORENTO MR-Kilo, Kalo Air Purifier, 360Â° 3-Stage Filtration</p><p>$34.99 ($17.50 / Count)</p><a href="https://www.amazon.com/dp/B0BNMYKZPV?tag=eloabder-20&linkCode=osi&th=1&psc=1">View Product</a></div><div class="product"><a href="https://www.amazon.com/dp/B0D3M4Y9W7?tag=eloabder-20&linkCode=osi&th=1&psc=1"><img src="https://m.media-amazon.com/images/I/41tzW+mkZuL._SL500_.jpg" alt="Product Image"></a><p>Breshair 14 True HEPA Filter Replacement Compatible with PuroAir 240 Air Purifier, 3-in-1 Filtration System with Activated Carbon Filter, 2-Pack</p><p>$31.56 ($15.78 / Count)</p><a href="https://www.amazon.com/dp/B0D3M4Y9W7?tag=eloabder-20&linkCode=osi&th=1&psc=1">View Product</a></div><div class="product"><a href="https://www.amazon.com/dp/B0CB18MVX6?tag=eloabder-20&linkCode=osi&th=1&psc=1"><img src="https://m.media-amazon.com/images/I/519ZmmLOrzL._SL500_.jpg" alt="Product Image"></a><p>2 Pack 3-in-1 H13 True HEPA Replacement Filter Compatible with Pure Enrichment PureZone Air Purifier Part# PEAIRPLG</p><p>$23.99 ($12.00 / Count)</p><a href="https://www.amazon.com/dp/B0CB18MVX6?tag=eloabder-20&linkCode=osi&th=1&psc=1">View Product</a></div><div class="product"><a href="https://www.amazon.com/dp/B08JTZMRML?tag=eloabder-20&linkCode=osi&th=1&psc=1"><img src="https://m.media-amazon.com/images/I/51yx60sCjHL._SL500_.jpg" alt="Product Image"></a><p>6 Pack HPA300 HEPA Filter Replacement for Honeywell HPA300 Series Air Purifiers HPA300, HPA300VP, HPA304, HPA3300, Replace HRF-R3 (6 Ture HEPA R Replacement Filter + 8 Activated Carbon Pre-Filter)</p><p>$47.99 ($3.43 / Count)</p><a href="https://www.amazon.com/dp/B08JTZMRML?tag=eloabder-20&linkCode=osi&th=1&psc=1">View Product</a></div><div class="product"><a href="https://www.amazon.com/dp/B0CF1GLSYS?tag=eloabder-20&linkCode=osi&th=1&psc=1"><img src="https://m.media-amazon.com/images/I/41709EXRzXL._SL500_.jpg" alt="Product Image"></a><p>CHIVALZ 4 Pack HY4866 True HEPA Replacement Filters Compatible with MORENTO HY4866 Air Purifier, WESTHEY HY4866 Air Purifier and YIOU M1 Air Cleaner Purifier, Original Version</p><p>$39.99 ($10.00 / Count)</p><a href="https://www.amazon.com/dp/B0CF1GLSYS?tag=eloabder-20&linkCode=osi&th=1&psc=1">View Product</a></div>







<div class="product"><a href="https://www.amazon.com/dp/B0CYKMFKR9?tag=eloabder-20&linkCode=osi&th=1&psc=1"><img src="https://m.media-amazon.com/images/I/316zU-ozoxL._SL500_.jpg" alt="Product Image"></a><p>Air Purifier Replacement Filter for Space Heater Bladeless Fan</p><p>$29.99</p><a href="https://www.amazon.com/dp/B0CYKMFKR9?tag=eloabder-20&linkCode=osi&th=1&psc=1">View Product</a></div>
<div class="product"><a href="https://www.amazon.com/dp/B07MRH6VY7?tag=eloabder-20&linkCode=osi&th=1&psc=1"><img src="https://m.media-amazon.com/images/I/51g-nuN4A5L._SL500_.jpg" alt="Product Image"></a><p>Colorfullife Replacement Air Purifier Filter for Dyson Tower Purifier Pure Cool Link TP01, TP02, TP03, BP01, Compare to Part 968126-03ï¼Œ2 Pack</p><p>$26.99</p><a href="https://www.amazon.com/dp/B07MRH6VY7?tag=eloabder-20&linkCode=osi&th=1&psc=1">View Product</a></div><div class="product"><a href="https://www.amazon.com/dp/B07TX5SW7J?tag=eloabder-20&linkCode=osi&th=1&psc=1"><img src="https://m.media-amazon.com/images/I/512Kn+cPglL._SL500_.jpg" alt="Product Image"></a><p>TP01 HEPA Filter Replacement Compatible with Dyson Tower Purifier Pure Cool Link TP01, TP02, TP03, AM11, BP01 Models, Compare to Part # 968126-03 (Pack of 2)</p><p>$27.95 ($13.98 / Count)</p><a href="https://www.amazon.com/dp/B07TX5SW7J?tag=eloabder-20&linkCode=osi&th=1&psc=1">View Product</a></div><div class="product"><a href="https://www.amazon.com/dp/B0CC24GZGB?tag=eloabder-20&linkCode=osi&th=1&psc=1"><img src="https://m.media-amazon.com/images/I/41woNpZ9VgL._SL500_.jpg" alt="Product Image"></a><p>TP01 TP02 Filter Compatible with Dyson Pure Cool Link Purifying Tower Fan TP00 TP03 AM11 and Cool Me BP01 Personal Series, 360Â° Air Purifier Filter Replacement 968126-03, 1-Pack</p><p>$25.99</p><a href="https://www.amazon.com/dp/B0CC24GZGB?tag=eloabder-20&linkCode=osi&th=1&psc=1">View Product</a></div><div class="product"><a href="https://www.amazon.com/dp/B0CX23N2JJ?tag=eloabder-20&linkCode=osi&th=1&psc=1"><img src="https://m.media-amazon.com/images/I/3145hmd5j7L._SL500_.jpg" alt="Product Image"></a><p>Dreo Air Purifiers Replacement Filter, HEPA Filter for Dreo Purifier Tower Fan MC710S, with 2 Stage Filtration, Black, Standard(DR-HPA019)</p><p>$39.99</p><a href="https://www.amazon.com/dp/B0CX23N2JJ?tag=eloabder-20&linkCode=osi&th=1&psc=1">View Product</a></div>










<div class="product"><a href="https://www.amazon.com/dp/B001U0OJ7O?tag=eloabder-20&linkCode=osi&th=1&psc=1"><img src="https://m.media-amazon.com/images/I/41XEg3QV-wL._SL500_.jpg" alt="Product Image"></a><p>Whirlpool W10165294RB 15-Inch Plastic Trash Compactor ct, 60 Bags, Count</p><p>$48.34</p><a href="https://www.amazon.com/dp/B001U0OJ7O?tag=eloabder-20&linkCode=osi&th=1&psc=1">View Product</a></div><div class="product"><a href="https://www.amazon.com/dp/B0CC3V4ZZ4?tag=eloabder-20&linkCode=osi&th=1&psc=1"><img src="https://m.media-amazon.com/images/I/31bbvodHnjL._SL500_.jpg" alt="Product Image"></a><p>Waste Smasher- Hand-Held Manual Trash Compactor Dishwasher Safe Black</p><p>$24.95</p><a href="https://www.amazon.com/dp/B0CC3V4ZZ4?tag=eloabder-20&linkCode=osi&th=1&psc=1">View Product</a></div><div class="product"><a href="https://www.amazon.com/dp/B00IYO5914?tag=eloabder-20&linkCode=osi&th=1&psc=1"><img src="https://m.media-amazon.com/images/I/51SLpTXIYNL._SL500_.jpg" alt="Product Image"></a><p>Kitchen Master Super Strong Compactor Bags Pre Cuffed (12 Pack)</p><p>$34.95</p><a href="https://www.amazon.com/dp/B00IYO5914?tag=eloabder-20&linkCode=osi&th=1&psc=1">View Product</a></div><div class="product"><a href="https://www.amazon.com/dp/B075DJ4ZVQ?tag=eloabder-20&linkCode=osi&th=1&psc=1"><img src="https://m.media-amazon.com/images/I/51Vaek4I89L._SL500_.jpg" alt="Product Image"></a><p>Dano Pre-Cuffed Compactor Bags</p><p>$32.95 ($2.75 / Count)</p><a href="https://www.amazon.com/dp/B075DJ4ZVQ?tag=eloabder-20&linkCode=osi&th=1&psc=1">View Product</a></div><div class="product"><a href="https://www.amazon.com/dp/B0C2DCVCBJ?tag=eloabder-20&linkCode=osi&th=1&psc=1"><img src="https://m.media-amazon.com/images/I/51072CtaKuL._SL500_.jpg" alt="Product Image"></a><p>60-pack W10165294RB Trash Compactor Bags - leak-proof trash compactor bags for kitchen 60-ct 15 inches - Fits 15-inch Rectangular Drawer Compactors</p><p>$45.99 ($0.77 / Count)</p><a href="https://www.amazon.com/dp/B0C2DCVCBJ?tag=eloabder-20&linkCode=osi&th=1&psc=1">View Product</a></div><div class="product"><a href="https://www.amazon.com/dp/B001U0OJ7E?tag=eloabder-20&linkCode=osi&th=1&psc=1"><img src="https://m.media-amazon.com/images/I/41c0z26RyvL._SL500_.jpg" alt="Product Image"></a><p>Whirlpool W10165293RB Genuine OEM 60 Pack-Plastic Compactor Bags-18" Models â€“ 1394369, 4178058, 4318932, 4318933, 4318935, 4318937, 4318939, AH1964576, EA1964576, PS1964576</p><p>$48.64 ($0.81 / Count)</p><a href="https://www.amazon.com/dp/B001U0OJ7E?tag=eloabder-20&linkCode=osi&th=1&psc=1">View Product</a></div><div class="product"><a href="https://www.amazon.com/dp/B00W27J16S?tag=eloabder-20&linkCode=osi&th=1&psc=1"><img src="https://m.media-amazon.com/images/I/41RaOjAGlrL._SL500_.jpg" alt="Product Image"></a><p>Compactor Bags Pre Cuffed (50 Pack)</p><p>$84.95 ($1.70 / count)</p><a href="https://www.amazon.com/dp/B00W27J16S?tag=eloabder-20&linkCode=osi&th=1&psc=1">View Product</a></div><div class="product"><a href="https://www.amazon.com/dp/B00MOCYY2W?tag=eloabder-20&linkCode=osi&th=1&psc=1"><img src="https://m.media-amazon.com/images/I/41SH8mDsAnL._SL500_.jpg" alt="Product Image"></a><p>GE WX60X1 Genuine OEM Universal Trash Compactor Bags for GE Trash Compactors</p><p>$19.00</p><a href="https://www.amazon.com/dp/B00MOCYY2W?tag=eloabder-20&linkCode=osi&th=1&psc=1">View Product</a></div><div class="product"><a href="https://www.amazon.com/dp/B0D7SFSTNG?tag=eloabder-20&linkCode=osi&th=1&psc=1"><img src="https://m.media-amazon.com/images/I/41szt9tZJPL._SL500_.jpg" alt="Product Image"></a><p>4PCS Trash Compactor Charcoal Air Filter Fit for Whirlpool/KitchenAid/Maytag/Jenn-Air/Amana/Inglis/Magic Chef Trash Compactor, Replaces 4151750 554358 WP4151750 AP6009134 PS11742279</p><p>$23.59 ($5.90 / Count)</p><a href="https://www.amazon.com/dp/B0D7SFSTNG?tag=eloabder-20&linkCode=osi&th=1&psc=1">View Product</a></div>
<div class="product"><a href="https://www.amazon.com/dp/B0CGLX5ZB9?tag=eloabder-20&linkCode=osi&th=1&psc=1"><img src="https://m.media-amazon.com/images/I/51qeRZQS98L._SL500_.jpg" alt="Product Image"></a><p>Spare Replacement Parts Compatible with MAMNV BR150 BR151, ZCWA BR150 BR151, MANVINS G20 Robot Vacuum and Mop Combo Accessories Include: 3 Hepa Filters 3 Mop Pads 6 Side Spin Brushes</p><p>$9.98</p><a href="https://www.amazon.com/dp/B0CGLX5ZB9?tag=eloabder-20&linkCode=osi&th=1&psc=1">View Product</a></div><div class="product"><a href="https://www.amazon.com/dp/B0B28DGZBG?tag=eloabder-20&linkCode=osi&th=1&psc=1"><img src="https://m.media-amazon.com/images/I/51ooMN4RqML._SL500_.jpg" alt="Product Image"></a><p>Replacement Parts for Shark AI AV2511AE AV2501S AV2610WA AV2501AE RV2502AE RV2610WA RV2520 AV2510 2-In-1 AI Ultra Robot Vacuum Cleaner Accessories Kits. Main Brush, HEPA Filter, Foam Filter,Side Brush</p><p>$19.99 ($1.05 / Count)</p><a href="https://www.amazon.com/dp/B0B28DGZBG?tag=eloabder-20&linkCode=osi&th=1&psc=1">View Product</a></div><div class="product"><a href="https://www.amazon.com/dp/B0782T7L6P?tag=eloabder-20&linkCode=osi&th=1&psc=1"><img src="https://m.media-amazon.com/images/I/41hTVkuzMJL._SL500_.jpg" alt="Product Image"></a><p>10pcs HEPA Filters Replacement for ILIFE V3s V3s pro V5 V5s V5s Pro V5s Pro 2 V5s Plus Noisz S5 Robotic Vacuum Cleaner ILIFE V3s pro Filters ILIFE Robot Vacuum Filter</p><p>$9.80 ($0.98 / Count)</p><a href="https://www.amazon.com/dp/B0782T7L6P?tag=eloabder-20&linkCode=osi&th=1&psc=1">View Product</a></div><div class="product"><a href="https://www.amazon.com/dp/B0CXLVHTTC?tag=eloabder-20&linkCode=osi&th=1&psc=1"><img src="https://m.media-amazon.com/images/I/51BT3phYzKL._SL500_.jpg" alt="Product Image"></a><p>HUIZHEN Spare Accessories for MAMNV BR150/BR151, for ZCWA BR150/BR151, for MANVINS G20,for GTTVO BR150/BR151,for ONSON BR150/BR151 Robot Vacuum Replacement Parts,6 Side Brush,4 HEPA Filters,4 Mop Pads</p><p>$9.99</p><a href="https://www.amazon.com/dp/B0CXLVHTTC?tag=eloabder-20&linkCode=osi&th=1&psc=1">View Product</a></div><div class="product"><a href="https://www.amazon.com/dp/B08RYDDQL8?tag=eloabder-20&linkCode=osi&th=1&psc=1"><img src="https://m.media-amazon.com/images/I/314Xd7+oBXL._SL500_.jpg" alt="Product Image"></a><p>AirClean 4 Pack 3.7" High Replacement Base Pre-Motor Foam Filters Compatible with Shark IQ Robot Vacuum R101AE RV1001AE UR1005AE Self-Empty Base</p><p>$12.99 ($3.25 / Count)</p><a href="https://www.amazon.com/dp/B08RYDDQL8?tag=eloabder-20&linkCode=osi&th=1&psc=1">View Product</a></div><div class="product"><a href="https://www.amazon.com/dp/B0CJLHJ557?tag=eloabder-20&linkCode=osi&th=1&psc=1"><img src="https://m.media-amazon.com/images/I/41iQm8hUjiL._SL500_.jpg" alt="Product Image"></a><p>Replacement Parts Compatible with WYZE Robot Vacuum Cleaner WVCR200S Accessories, 2 Main Brushes, 6 Hepa Filters, 8 Side Brushes Attachment Spare Pack</p><p>$14.99 ($0.94 / Count)</p><a href="https://www.amazon.com/dp/B0CJLHJ557?tag=eloabder-20&linkCode=osi&th=1&psc=1">View Product</a></div>
<div class="product"><a href="https://www.amazon.com/dp/B0C4595Q8P?tag=eloabder-20&linkCode=osi&th=1&psc=1"><img src="https://m.media-amazon.com/images/I/51k23SAtRxL._SL500_.jpg" alt="Product Image"></a><p>4 Pack FSV001 HEPA Filter Compatiable with Fabuletta FSV101, FSV001, Girnoor G160&G165, Afoddon A300, Lubluelu 202, Oraimo Cordless Vacuum Cleaner, Besswin W26 Cordless Stick Vacuum Cleaners</p><p>$15.99 ($4.00 / Count)</p><a href="https://www.amazon.com/dp/B0C4595Q8P?tag=eloabder-20&linkCode=osi&th=1&psc=1">View Product</a></div>
<div class="product"><a href="https://www.amazon.com/dp/B0BNKJX96X?tag=eloabder-20&linkCode=osi&th=1&psc=1"><img src="https://m.media-amazon.com/images/I/41OPeLFppoL._SL500_.jpg" alt="Product Image"></a><p>6 PACK 2033 Replacement Filter Compatible with Bissell Featherweight Stick Lightweight Bagless Vacuum Cleaner 20331, 20333, 20334, 20336, 20339, 2033M,6 Mesh Filter 6 Foam Filters, Replace # 1611508</p><p>$14.99 ($2.50 / Count)</p><a href="https://www.amazon.com/dp/B0BNKJX96X?tag=eloabder-20&linkCode=osi&th=1&psc=1">View Product</a></div><div class="product"><a href="https://www.amazon.com/dp/B0CMBWLTSM?tag=eloabder-20&linkCode=osi&th=1&psc=1"><img src="https://m.media-amazon.com/images/I/41PHqKaLTDL._SL500_.jpg" alt="Product Image"></a><p>18V ONE + Cordless Pet Stick Vacuum Filter for Ryobi, PCL720, PBLSV716, PBLSV717 Stick Vacuum, Reusable Washable Filters, Compare to Part A32SV720N, 6 Pack</p><p>$15.99 ($2.66 / Count)</p><a href="https://www.amazon.com/dp/B0CMBWLTSM?tag=eloabder-20&linkCode=osi&th=1&psc=1">View Product</a></div><div class="product"><a href="https://www.amazon.com/dp/B0CXDYWWT9?tag=eloabder-20&linkCode=osi&th=1&psc=1"><img src="https://m.media-amazon.com/images/I/41F1csTT8jL._SL500_.jpg" alt="Product Image"></a><p>2 Replacement Filters for Craftsman V20 Cordless Stick Vacuum CMCVS001D1, for Black Decker BSVF1 BSV2020 BSV2020G BSV2020P Cordless Stick Vacuum Cleaner with 1 Cleaning Brush</p><p>$14.99</p><a href="https://www.amazon.com/dp/B0CXDYWWT9?tag=eloabder-20&linkCode=osi&th=1&psc=1">View Product</a></div><div class="product"><a href="https://www.amazon.com/dp/B0CCJ5N5DH?tag=eloabder-20&linkCode=osi&th=1&psc=1"><img src="https://m.media-amazon.com/images/I/41xmhDPqk8L._SL500_.jpg" alt="Product Image"></a><p>Aolleteau 1 Pack Brush Roller Compatible with Black + Decker BSV2020, BSV2020P, BSV2020G Powerseries Extreme Cordless Stick Vacuum and Compatible with Craftsman V20 Cordless Stick Vacuum CMCVS001D1</p><p>$17.99</p><a href="https://www.amazon.com/dp/B0CCJ5N5DH?tag=eloabder-20&linkCode=osi&th=1&psc=1">View Product</a></div><div class="product"><a href="https://www.amazon.com/dp/B0CQY61LFD?tag=eloabder-20&linkCode=osi&th=1&psc=1"><img src="https://m.media-amazon.com/images/I/31swBBC444L._SL500_.jpg" alt="Product Image"></a><p>Tablenco for Shark HZ602 Filter Replacement Ultralight Pet Pro Corded Stick Vacuum and HZ2002 Vertex DuoClean PowerFins fit HZ2000 HZ251 HZ250 HH200 HH202,4 Foam Felt 4 Motor Kit (No cleaning brush)</p><p>$9.98</p><a href="https://www.amazon.com/dp/B0CQY61LFD?tag=eloabder-20&linkCode=osi&th=1&psc=1">View Product</a></div><div class="product"><a href="https://www.amazon.com/dp/B09Q55KW8W?tag=eloabder-20&linkCode=osi&th=1&psc=1"><img src="https://m.media-amazon.com/images/I/51MKsJy6nSL._SL500_.jpg" alt="Product Image"></a><p>Anicell 2033 Featherweight Filter for Bissell Featherweight Stick Lightweight Bagless Vacuum 20331 20333 20334 20336 20339 2033M, 4 Mesh Filters 6 Foam Filters Replacement, Replace part# 1611508</p><p>$11.99</p><a href="https://www.amazon.com/dp/B09Q55KW8W?tag=eloabder-20&linkCode=osi&th=1&psc=1">View Product</a></div><div class="product"><a href="https://www.amazon.com/dp/B0CDVG7LHD?tag=eloabder-20&linkCode=osi&th=1&psc=1"><img src="https://m.media-amazon.com/images/I/41hjN1Te6sL._SL500_.jpg" alt="Product Image"></a><p>Moreffi 3 Pack Filter Replacement For HART Cordless Stick Vacuum HPSV01 and HPSV50, Compare to Part Number HASV01</p><p>$19.99 ($6.66 / Count)</p><a href="https://www.amazon.com/dp/B0CDVG7LHD?tag=eloabder-20&linkCode=osi&th=1&psc=1">View Product</a></div>
<div class="product"><a href="https://www.amazon.com/dp/B07DQ9TZC8?tag=eloabder-20&linkCode=osi&th=1&psc=1"><img src="https://m.media-amazon.com/images/I/41PHyZ20FuL._SL500_.jpg" alt="Product Image"></a><p>Kenmore 53294 Style O HEPA Cloth Vacuum Bags for Kenmore Upright Vacuum Cleaners 6 Pack,White</p><p>$20.99 ($3.50 / Count)</p><a href="https://www.amazon.com/dp/B07DQ9TZC8?tag=eloabder-20&linkCode=osi&th=1&psc=1">View Product</a></div><div class="product"><a href="https://www.amazon.com/dp/B08MXVTTT2?tag=eloabder-20&linkCode=osi&th=1&psc=1"><img src="https://m.media-amazon.com/images/I/41T6wRpIMzL._SL500_.jpg" alt="Product Image"></a><p>Kenmore IB600 HEPA Replacement Intuition Upright Vacuum Cleaner Bags for BU4022, BU4020, BU4018, BU4050, BU3040,White</p><p>$18.75</p><a href="https://www.amazon.com/dp/B08MXVTTT2?tag=eloabder-20&linkCode=osi&th=1&psc=1">View Product</a></div><div class="product"><a href="https://www.amazon.com/dp/B01010JVYO?tag=eloabder-20&linkCode=osi&th=1&psc=1"><img src="https://m.media-amazon.com/images/I/51Anluh47GL._SL500_.jpg" alt="Product Image"></a><p>EnviroCare Replacement Micro Filtration Vacuum Cleaner Dust Bags Designed to fit Hoover Windtunnel Upright Type Y 9 pack</p><p>$9.89 ($1.10 / Count)</p><a href="https://www.amazon.com/dp/B01010JVYO?tag=eloabder-20&linkCode=osi&th=1&psc=1">View Product</a></div><div class="product"><a href="https://www.amazon.com/dp/B0D5CP3WBY?tag=eloabder-20&linkCode=osi&th=1&psc=1"><img src="https://m.media-amazon.com/images/I/31MaGmsVOwL._SL500_.jpg" alt="Product Image"></a><p>Bagless Upright Kenmore Vacuum HEPA Filters, Compatible with Foam Filters, Felt Filters and Upright vacuum cleaner for Models K4010,DU2015,DU2012(includes 1 Hepa Filters,2 Foam and 2 Felt Filters)</p><p>$12.99</p><a href="https://www.amazon.com/dp/B0D5CP3WBY?tag=eloabder-20&linkCode=osi&th=1&psc=1">View Product</a></div><div class="product"><a href="https://www.amazon.com/dp/B0CBFV28WX?tag=eloabder-20&linkCode=osi&th=1&psc=1"><img src="https://m.media-amazon.com/images/I/51LIYI0wXSL._SL500_.jpg" alt="Product Image"></a><p>16 Packs Vacuum Bags for Oreck Type CC, Compatible with All Oreck XL Upright Vacuum Cleaner - Replaces Part # CCPK8DW</p><p>$21.99 ($1.37 / Count)</p><a href="https://www.amazon.com/dp/B0CBFV28WX?tag=eloabder-20&linkCode=osi&th=1&psc=1">View Product</a></div><div class="product"><a href="https://www.amazon.com/dp/B00F9GQMHA?tag=eloabder-20&linkCode=osi&th=1&psc=1"><img src="https://m.media-amazon.com/images/I/51lhelurelL._SL500_.jpg" alt="Product Image"></a><p>EnviroCare Replacement Premium Vacuum Cleaner Dust Bags made to fit Eureka F&G Uprights 9 bags</p><p>$11.09</p><a href="https://www.amazon.com/dp/B00F9GQMHA?tag=eloabder-20&linkCode=osi&th=1&psc=1">View Product</a></div><div class="product"><a href="https://www.amazon.com/dp/B002CI8G1I?tag=eloabder-20&linkCode=osi&th=1&psc=1"><img src="https://m.media-amazon.com/images/I/51PYQrQpbSL._SL500_.jpg" alt="Product Image"></a><p>EnviroCare Replacement Micro Filtration Vacuum Cleaner Dust Bags made to fit Kenmore Upright Type U/L/O 50688 and 50690, Panasonic Type U-2, Miele Type Z. 9 pack</p><p>$9.99</p><a href="https://www.amazon.com/dp/B002CI8G1I?tag=eloabder-20&linkCode=osi&th=1&psc=1">View Product</a></div>
<div class="product"><a href="https://www.amazon.com/dp/B07GNQJ67P?tag=eloabder-20&linkCode=osi&th=1&psc=1"><img src="https://m.media-amazon.com/images/I/41XHnKbgjAL._SL500_.jpg" alt="Product Image"></a><p>Kenmore 53292 Type Q HEPA Replacement Dust Bags for Canister Vacuum 81214, 81414, 81714, 21814, BC2005, BC3005, 81615, BC7005, 6 Count (Pack of 1)</p><p>$13.24 ($2.21 / Count)</p><a href="https://www.amazon.com/dp/B07GNQJ67P?tag=eloabder-20&linkCode=osi&th=1&psc=1">View Product</a></div><div class="product"><a href="https://www.amazon.com/dp/B01L0C0FVK?tag=eloabder-20&linkCode=osi&th=1&psc=1"><img src="https://m.media-amazon.com/images/I/51ZIjbo9NVL._SL500_.jpg" alt="Product Image"></a><p>Envirocare Replacement Vacuum Bags Compatible with Kenmore Canister Type C/Q. 5055, 50557 and 50558 Panasonic Type C-5 Vacuums,15 pack</p><p>$16.16</p><a href="https://www.amazon.com/dp/B01L0C0FVK?tag=eloabder-20&linkCode=osi&th=1&psc=1">View Product</a></div><div class="product"><a href="https://www.amazon.com/dp/B0BTRTP2PM?tag=eloabder-20&linkCode=osi&th=1&psc=1"><img src="https://m.media-amazon.com/images/I/41K295aRv9L._SL500_.jpg" alt="Product Image"></a><p>Vacuum Cleaner Bags Fit for Kenmore Canister Type C/Q 50555 50557 50558 and Type C-5, 10PCs</p><p>$15.99</p><a href="https://www.amazon.com/dp/B0BTRTP2PM?tag=eloabder-20&linkCode=osi&th=1&psc=1">View Product</a></div><div class="product"><a href="https://www.amazon.com/dp/B0CRQYGLZX?tag=eloabder-20&linkCode=osi&th=1&psc=1"><img src="https://m.media-amazon.com/images/I/413iXp+j3ML._SL500_.jpg" alt="Product Image"></a><p>15 Pack Canister Vacuum Cleaner Bags Compatible with Kenmore Canister Type C/Q 5055, 50555, 50557, 50558 and Type C-5, C-18, 53292, 200 Series, 400 Series, 600 Series, 700 Series, 800 Series Vacuum</p><p>$11.69</p><a href="https://www.amazon.com/dp/B0CRQYGLZX?tag=eloabder-20&linkCode=osi&th=1&psc=1">View Product</a></div><div class="product"><a href="https://www.amazon.com/dp/B00QGD3SBI?tag=eloabder-20&linkCode=osi&th=1&psc=1"><img src="https://m.media-amazon.com/images/I/51xw0asyqTL._SL500_.jpg" alt="Product Image"></a><p>EnviroCare Replacement Vacuum Bags made to fit Kenmore Canister Type C or Q 50555, 50558, 50557 and Panasonic Type C-5 Vacuums, 9 pack</p><p>$9.79</p><a href="https://www.amazon.com/dp/B00QGD3SBI?tag=eloabder-20&linkCode=osi&th=1&psc=1">View Product</a></div><div class="product"><a href="https://www.amazon.com/dp/B0CQP9NP5N?tag=eloabder-20&linkCode=osi&th=1&psc=1"><img src="https://m.media-amazon.com/images/I/41WnNkTz8zL._SL500_.jpg" alt="Product Image"></a><p>8 Pack Replacement Vacuum Bags Compatible with Kenmore Canister Type C/Q. 5055, 50104, 50557 and 50558 Panasonic Type C-5 Vacuums</p><p>$9.99 ($1.25 / Count)</p><a href="https://www.amazon.com/dp/B0CQP9NP5N?tag=eloabder-20&linkCode=osi&th=1&psc=1">View Product</a></div>
<div class="product"><a href="https://www.amazon.com/dp/B09M3Y2BHR?tag=eloabder-20&linkCode=osi&th=1&psc=1"><img src="https://m.media-amazon.com/images/I/31tevngai1L._SL500_.jpg" alt="Product Image"></a><p>Ymimi Vacuum Filter Compatible with Eureka WhirlWind Bagless Canister Vacuum Cleaner,Fits NEN110A,NEN110B,NEN110Dï¼ˆ2-Packï¼‰</p><p>$11.99 ($6.00 / Count)</p><a href="https://www.amazon.com/dp/B09M3Y2BHR?tag=eloabder-20&linkCode=osi&th=1&psc=1">View Product</a></div><div class="product"><a href="https://www.amazon.com/dp/B07J1WWBHN?tag=eloabder-20&linkCode=osi&th=1&psc=1"><img src="https://m.media-amazon.com/images/I/51gmkDrnR2L._SL500_.jpg" alt="Product Image"></a><p>Bissell Powerforce Helix Bagless Washable Premotor Filter #1608225, Black</p><p>$7.78</p><a href="https://www.amazon.com/dp/B07J1WWBHN?tag=eloabder-20&linkCode=osi&th=1&psc=1">View Product</a></div><div class="product"><a href="https://www.amazon.com/dp/B0BK64TMMK?tag=eloabder-20&linkCode=osi&th=1&psc=1"><img src="https://m.media-amazon.com/images/I/41OBMvET7eL._SL500_.jpg" alt="Product Image"></a><p>Vacuum Belt Replacement for Bissell Cleanview Swivel Pet Upright Bagless/Powerlifter Vacuum Cleaner, fits model: 2252, 2254, 22543, 2258,2259, 2260,2316, 2739, 1793, Parts # 3031120, 32074</p><p>$6.99</p><a href="https://www.amazon.com/dp/B0BK64TMMK?tag=eloabder-20&linkCode=osi&th=1&psc=1">View Product</a></div><div class="product"><a href="https://www.amazon.com/dp/B0BKKL3WRB?tag=eloabder-20&linkCode=osi&th=1&psc=1"><img src="https://m.media-amazon.com/images/I/410jMe-FjIL._SL500_.jpg" alt="Product Image"></a><p>Aolleteau F1 HEPA Filter Compatible with Dirt Devil Bagless Upright Cleaner Models Extra Lite, Breeze, Featherlite Bagless, Jaguar Bagless,Platinum Force Vision, Scorpion and Vision Bagless (2 Pack)</p><p>$13.99 ($7.00 / Count)</p><a href="https://www.amazon.com/dp/B0BKKL3WRB?tag=eloabder-20&linkCode=osi&th=1&psc=1">View Product</a></div><div class="product"><a href="https://www.amazon.com/dp/B09SG1P4WN?tag=eloabder-20&linkCode=osi&th=1&psc=1"><img src="https://m.media-amazon.com/images/I/51+Mr+Wq5ML._SL500_.jpg" alt="Product Image"></a><p>NEN110A Vacuum Filter, Inlet Frame and Sponge Filter Compatible with Eureka Whirlwind Bagless Canister Vacuum Cleaner, Fits NEN110A, NEN110B, NEN110D(4-Pack)</p><p>$15.99 ($4.00 / Count)</p><a href="https://www.amazon.com/dp/B09SG1P4WN?tag=eloabder-20&linkCode=osi&th=1&psc=1">View Product</a></div>
<div class="product"><a href="https://www.amazon.com/dp/B07GT9VB9X?tag=eloabder-20&linkCode=osi&th=1&psc=1"><img src="https://m.media-amazon.com/images/I/41IokheYtNL._SL500_.jpg" alt="Product Image"></a><p>6 Pack 1940 Bissell Steam Mop Pads for Bissell PowerFresh Steam Mop 1806 1544 1440 2075A 2685A 1940W 19404 Series, Model 19402 19408 1940a 1940f 1940q 1940t B0006 B0017, Part #5938#203-2633</p><p>$16.99 ($2.83 / Count)</p><a href="https://www.amazon.com/dp/B07GT9VB9X?tag=eloabder-20&linkCode=osi&th=1&psc=1">View Product</a></div><div class="product"><a href="https://www.amazon.com/dp/B07H3MYZLD?tag=eloabder-20&linkCode=osi&th=1&psc=1"><img src="https://m.media-amazon.com/images/I/511p6MPxQ0L._SL500_.jpg" alt="Product Image"></a><p>Flammi Steam Pocket Mop Replacement Pads for Shark S3500 Series S3501 S3601 S3550 S3901 SE450 S3801CO S3601D S2901 S2902 Steam Pocket Mop, 4 Pack</p><p>$16.97 ($4.24 / Count)</p><a href="https://www.amazon.com/dp/B07H3MYZLD?tag=eloabder-20&linkCode=osi&th=1&psc=1">View Product</a></div><div class="product"><a href="https://www.amazon.com/dp/B0C8SH97HN?tag=eloabder-20&linkCode=osi&th=1&psc=1"><img src="https://m.media-amazon.com/images/I/31Mex4y7odL._SL500_.jpg" alt="Product Image"></a><p>HOMEXCEL Steam Mop Replacement Pads Compatible with Bissell Powerfresh Steam Mop 1940 1806 1440 1544 Series, Model 19402 19404 19408 2685A 2075A 1940A 1940Q 1940T 1940W, Steam Mop Pads Refills,4 Pack</p><p>$9.99 ($2.50 / Count)</p><a href="https://www.amazon.com/dp/B0C8SH97HN?tag=eloabder-20&linkCode=osi&th=1&psc=1">View Product</a></div><div class="product"><a href="https://www.amazon.com/dp/B0BFWTXS33?tag=eloabder-20&linkCode=osi&th=1&psc=1"><img src="https://m.media-amazon.com/images/I/51pa2h7o0EL._SL500_.jpg" alt="Product Image"></a><p>12 Pack 1940 Steam Mop Replacement Pads for Bissell Powerfresh Steam Mop 1940 1440 1806 1544 2075 2685A 2814 Series, Model 19402 19404 19408 19409 1940A 1940F 1940Q 1940T 1940W B0006 B0017 2075A 15441</p><p>$24.99</p><a href="https://www.amazon.com/dp/B0BFWTXS33?tag=eloabder-20&linkCode=osi&th=1&psc=1">View Product</a></div><div class="product"><a href="https://www.amazon.com/dp/B0CLP5QGTY?tag=eloabder-20&linkCode=osi&th=1&psc=1"><img src="https://m.media-amazon.com/images/I/414HqpKde9L._SL500_.jpg" alt="Product Image"></a><p>10 Pack 1940 1806 2685A Steam Mop Pads For Bissell Powerfresh Steam Mop Deluxe Pet Lift-Off Plus Slim Scrubbing Steam Mop Replacement Pad 1940A 2814 1544A 2075A Power Fresh Steamer Pad Refill Washable</p><p>$22.99 ($2.30 / Count)</p><a href="https://www.amazon.com/dp/B0CLP5QGTY?tag=eloabder-20&linkCode=osi&th=1&psc=1">View Product</a></div><div class="product"><a href="https://www.amazon.com/dp/B078BBKBPV?tag=eloabder-20&linkCode=osi&th=1&psc=1"><img src="https://m.media-amazon.com/images/I/51WcJqtOUIL._SL500_.jpg" alt="Product Image"></a><p>Tidy Monster Steam Mop Replacement Pads Compatible with Bissell Powerfresh Steam Mop 1940 1806 1544 1440 2075A 2685A Series, Part # 5938 & 203-2633, 1606668 & 1606669 (4 Pack Scrub Plush)</p><p>$9.99</p><a href="https://www.amazon.com/dp/B078BBKBPV?tag=eloabder-20&linkCode=osi&th=1&psc=1">View Product</a></div><div class="product"><a href="https://www.amazon.com/dp/B00A6G37SU?tag=eloabder-20&linkCode=osi&th=1&psc=1"><img src="https://m.media-amazon.com/images/I/51xo0LB-SpL._SL500_.jpg" alt="Product Image"></a><p>BISSELL PowerFresh Steam Mop Pads (Pack of 2) with Fragrance discs (4 ct), 5938</p><p>$21.26 ($10.63 / Count)</p><a href="https://www.amazon.com/dp/B00A6G37SU?tag=eloabder-20&linkCode=osi&th=1&psc=1">View Product</a></div>
<div class="product"><a href="https://www.amazon.com/dp/B0D2QFVY7H?tag=eloabder-20&linkCode=osi&th=1&psc=1"><img src="https://m.media-amazon.com/images/I/417B7H+vvML._SL500_.jpg" alt="Product Image"></a><p>Kenmore KS1010 Deep Clean & Revitalize Pet Carpet Cleaner Formula, 64 oz, White, 64 Fl Oz</p><p>$22.73 ($0.36 / Fl Oz)</p><a href="https://www.amazon.com/dp/B0D2QFVY7H?tag=eloabder-20&linkCode=osi&th=1&psc=1">View Product</a></div><div class="product"><a href="https://www.amazon.com/dp/B0BNK8ZJJ1?tag=eloabder-20&linkCode=osi&th=1&psc=1"><img src="https://m.media-amazon.com/images/I/51z0Pc4xcNL._SL500_.jpg" alt="Product Image"></a><p>Bissell Spotlifter Pet Carpet and Upholstery Cleaner with Brush Head - 4 Pack, 93523</p><p>$23.88 ($0.50 / Fl Oz)</p><a href="https://www.amazon.com/dp/B0BNK8ZJJ1?tag=eloabder-20&linkCode=osi&th=1&psc=1">View Product</a></div><div class="product"><a href="https://www.amazon.com/dp/B0CX245D26?tag=eloabder-20&linkCode=osi&th=1&psc=1"><img src="https://m.media-amazon.com/images/I/411CSXvvO1L._SL500_.jpg" alt="Product Image"></a><p>BISSELLÂ® Spot & Stain with Febreze + Gain Original Scent Formula for Little Green Devices, Portable Carpet Cleaners (3968)</p><p>$12.99 ($0.41 / Fl Oz)</p><a href="https://www.amazon.com/dp/B0CX245D26?tag=eloabder-20&linkCode=osi&th=1&psc=1">View Product</a></div><div class="product"><a href="https://www.amazon.com/dp/B083VZW4R5?tag=eloabder-20&linkCode=osi&th=1&psc=1"><img src="https://m.media-amazon.com/images/I/413BULPLmBL._SL500_.jpg" alt="Product Image"></a><p>BISSELL Multi-Surface Pet Formula with Febreze Freshness for Crosswave (80 oz), 2295L</p><p>$22.99 ($0.29 / Fl Oz)</p><a href="https://www.amazon.com/dp/B083VZW4R5?tag=eloabder-20&linkCode=osi&th=1&psc=1">View Product</a></div><div class="product"><a href="https://www.amazon.com/dp/B0D2RGW219?tag=eloabder-20&linkCode=osi&th=1&psc=1"><img src="https://m.media-amazon.com/images/I/41gD+82tnAL._SL500_.jpg" alt="Product Image"></a><p>Vacmaster Clean & Restore Carpet Cleaner Formula â€“ CCS03</p><p>$19.99 ($0.31 / Fl Oz)</p><a href="https://www.amazon.com/dp/B0D2RGW219?tag=eloabder-20&linkCode=osi&th=1&psc=1">View Product</a></div>






<div class="product"><a href="https://www.amazon.com/dp/B0BY64HQTP?tag=eloabder-20&linkCode=osi&th=1&psc=1"><img src="https://m.media-amazon.com/images/I/41hUxHuASYL._SL500_.jpg" alt="Product Image"></a><p>Air Conditioning Motor WZDK13-38G-1(RD-310-13-8) DC Brushless Fan Motor, 13W Inverter air Conditioner Motor DC Motor for Central air Conditioner</p><p>$39.95</p><a href="https://www.amazon.com/dp/B0BY64HQTP?tag=eloabder-20&linkCode=osi&th=1&psc=1">View Product</a></div><div class="product"><a href="https://www.amazon.com/dp/B0CM5YB884?tag=eloabder-20&linkCode=osi&th=1&psc=1"><img src="https://m.media-amazon.com/images/I/310lQ2tAvLL._SL500_.jpg" alt="Product Image"></a><p>Sparkfix OEM WZDK20-38G (ZKFP-20-8-6) Air Conditioner Replacement Motors DC280V 20W Air Conditioning Fan Motor Inverter Air Conditioner Brushless DC Motor 1300RPM CCW</p><p>$42.79</p><a href="https://www.amazon.com/dp/B0CM5YB884?tag=eloabder-20&linkCode=osi&th=1&psc=1">View Product</a></div>













<div class="product"><a href="https://www.amazon.com/dp/B009PCI2JU?tag=eloabder-20&linkCode=osi&th=1&psc=1"><img src="https://m.media-amazon.com/images/I/310ZJurANUL._SL500_.jpg" alt="Product Image"></a><p>GE RPWFE Refrigerator Water Filter | Certified to Reduce Lead, Sulfur, and 50+ Other Impurities | Replace Every 6 Months for Best Results | Pack of 1</p><p>$49.98</p><a href="https://www.amazon.com/dp/B009PCI2JU?tag=eloabder-20&linkCode=osi&th=1&psc=1">View Product</a></div><div class="product"><a href="https://www.amazon.com/dp/B0882ZJ48W?tag=eloabder-20&linkCode=osi&th=1&psc=1"><img src="https://m.media-amazon.com/images/I/41110o9sUoL._SL500_.jpg" alt="Product Image"></a><p>GE XWFE Refrigerator Water Filter | Certified to Reduce Lead, Sulfur, and 50+ Other Impurities | Replace Every 6 Months for Best Results | Pack of 1, White</p><p>$49.00</p><a href="https://www.amazon.com/dp/B0882ZJ48W?tag=eloabder-20&linkCode=osi&th=1&psc=1">View Product</a></div><div class="product"><a href="https://www.amazon.com/dp/B074HLRXMP?tag=eloabder-20&linkCode=osi&th=1&psc=1"><img src="https://m.media-amazon.com/images/I/21oDpGCQXiL._SL500_.jpg" alt="Product Image"></a><p>LG LT1000P - 6 Month / 200 Gallon Capacity Replacement Refrigerator Water Filter (NSF42, NSF53, and NSF401) ADQ74793501, ADQ75795105, or AGF80300704 , White</p><p>$47.00</p><a href="https://www.amazon.com/dp/B074HLRXMP?tag=eloabder-20&linkCode=osi&th=1&psc=1">View Product</a></div><div class="product"><a href="https://www.amazon.com/dp/B01BKWSHHE?tag=eloabder-20&linkCode=osi&th=1&psc=1"><img src="https://m.media-amazon.com/images/I/31E2+zlkvjL._SL500_.jpg" alt="Product Image"></a><p>Frigidaire EPTWFU01 Water Filtration Filter, 1 Count, White</p><p>$42.99</p><a href="https://www.amazon.com/dp/B01BKWSHHE?tag=eloabder-20&linkCode=osi&th=1&psc=1">View Product</a></div><div class="product"><a href="https://www.amazon.com/dp/B08V6JB9R7?tag=eloabder-20&linkCode=osi&th=1&psc=1"><img src="https://m.media-amazon.com/images/I/31PRPEffCZL._SL500_.jpg" alt="Product Image"></a><p>Frigidaire FPPWFU01 PurePour PWF-1 Water Filter 1 Count (Pack of 1)</p><p>$45.81</p><a href="https://www.amazon.com/dp/B08V6JB9R7?tag=eloabder-20&linkCode=osi&th=1&psc=1">View Product</a></div><div class="product"><a href="https://www.amazon.com/dp/B000AST3AK?tag=eloabder-20&linkCode=osi&th=1&psc=1"><img src="https://m.media-amazon.com/images/I/41DUoSxpwTS._SL500_.jpg" alt="Product Image"></a><p>GE MWF Refrigerator Water Filter | Certified to Reduce Lead, Sulfur, and 50+ Other Impurities | Replace Every 6 Months for Best Results | Pack of 1</p><p>$39.98</p><a href="https://www.amazon.com/dp/B000AST3AK?tag=eloabder-20&linkCode=osi&th=1&psc=1">View Product</a></div><div class="product"><a href="https://www.amazon.com/dp/B0CFZR7K8D?tag=eloabder-20&linkCode=osi&th=1&psc=1"><img src="https://m.media-amazon.com/images/I/31WM5sdhKLL._SL500_.jpg" alt="Product Image"></a><p>HMASAV W10295370A water filter replacement, Compatible with EDR1RXD1,EDR1RXD1B,W10295370,Filter 1,WHR1RXD1,KAD1RXD1,P4RFWB,P8RFWB2L,46-9930,46-9081 2PACK</p><p>$29.99 ($15.00 / Count)</p><a href="https://www.amazon.com/dp/B0CFZR7K8D?tag=eloabder-20&linkCode=osi&th=1&psc=1">View Product</a></div><div class="product"><a href="https://www.amazon.com/dp/B07JM9TTTT?tag=eloabder-20&linkCode=osi&th=1&psc=1"><img src="https://m.media-amazon.com/images/I/41CfAtJ8TPL._SL500_.jpg" alt="Product Image"></a><p>GLACIER FRESH LT1000PC Replacement Water Filter, Compatible with LT1000PC/PCS, LT1000PC, LT-1000PC, MDJ64844601, ADQ747935 ADQ74793504 Filter and LT120F ADQ73334008 Fresh Air (3+3)</p><p>$39.99 ($13.33 / Count)</p><a href="https://www.amazon.com/dp/B07JM9TTTT?tag=eloabder-20&linkCode=osi&th=1&psc=1">View Product</a></div><div class="product"><a href="https://www.amazon.com/dp/B003N1ZSYG?tag=eloabder-20&linkCode=osi&th=1&psc=1"><img src="https://m.media-amazon.com/images/I/31Mbrkrxu1L._SL500_.jpg" alt="Product Image"></a><p>SAMSUNG Genuine Filter for Refrigerator Water and Ice, Carbon Block Filtration for Clean, Clear Drinking Water, 6-Month Life, HAF-CIN/EXP, 1 Pack</p><p>$39.99</p><a href="https://www.amazon.com/dp/B003N1ZSYG?tag=eloabder-20&linkCode=osi&th=1&psc=1">View Product</a></div>









<div class="product"><a href="https://www.amazon.com/dp/B0B2NZ47HN?tag=eloabder-20&linkCode=osi&th=1&psc=1"><img src="https://m.media-amazon.com/images/I/41nC6c2XxJL._SL500_.jpg" alt="Product Image"></a><p>OTE Portable Sparkling Water Maker Soda Maker Machine for home with 20PCS Cylinders 450ml Personal seltzer Carbonators Electroless Double Layer PET Bottle BPA Free Double Pressure Relief Valves -Pink</p><p>$49.99</p><a href="https://www.amazon.com/dp/B0B2NZ47HN?tag=eloabder-20&linkCode=osi&th=1&psc=1">View Product</a></div><div class="product"><a href="https://www.amazon.com/dp/B09DY54L7M?tag=eloabder-20&linkCode=osi&th=1&psc=1"><img src="https://m.media-amazon.com/images/I/31LSpnm3G8L._SL500_.jpg" alt="Product Image"></a><p>MOSOLAN Bottle Cleaning Brush, 17 Inches Extra Long Handle Water Bottle Brush, Flexible Bendable Cleaner for Washing Narrow Neck Bottles, Wine Decanter, Kombucha, Pipes, Beer Brewing Supplies, 2 Pack</p><p>$11.95 ($5.98 / Count)</p><a href="https://www.amazon.com/dp/B09DY54L7M?tag=eloabder-20&linkCode=osi&th=1&psc=1">View Product</a></div><div class="product"><a href="https://www.amazon.com/dp/B0736CBNDN?tag=eloabder-20&linkCode=osi&th=1&psc=1"><img src="https://m.media-amazon.com/images/I/41tWXmwP5KL._SL500_.jpg" alt="Product Image"></a><p>#2 Filter Pads (10 Pack Bulk) Compatible with Mini Jet Machine | #2 1.8-2.5 micron | 2 Micron Filtering pads. Filter Wine Beer, Kombucha, Mead Mash. Polishing filtration| Not a Buon Vino product.</p><p>$18.99</p><a href="https://www.amazon.com/dp/B0736CBNDN?tag=eloabder-20&linkCode=osi&th=1&psc=1">View Product</a></div>









<div class="product"><a href="https://www.amazon.com/dp/B07YGN577Y?tag=eloabder-20&linkCode=osi&th=1&psc=1"><img src="https://m.media-amazon.com/images/I/31kfZiyDMUL._SL500_.jpg" alt="Product Image"></a><p>9870163 Trash Power Nut WP9870163 L8</p><p>$50.36</p><a href="https://www.amazon.com/dp/B07YGN577Y?tag=eloabder-20&linkCode=osi&th=1&psc=1">View Product</a></div>

<div class="product"><a href="https://www.amazon.com/dp/B0CWQLM4C7?tag=eloabder-20&linkCode=osi&th=1&psc=1"><img src="https://m.media-amazon.com/images/I/41gTEIOjtlL._SL500_.jpg" alt="Product Image"></a><p>7" Seven Seconds Lazy Kitchen Food Making Tools - Multifunctional Fruit Vegetable Chopper Quick Garlic Peeling Machine Convenient Food Chopper for Slicing,Juice,Grinding</p><p>$32.99</p><a href="https://www.amazon.com/dp/B0CWQLM4C7?tag=eloabder-20&linkCode=osi&th=1&psc=1">View Product</a></div>







<div class="product"><a href="https://www.amazon.com/dp/B0CNKFM9WR?tag=eloabder-20&linkCode=osi&th=1&psc=1"><img src="https://m.media-amazon.com/images/I/31sGGIDic9L._SL500_.jpg" alt="Product Image"></a><p>hobbyme Pack of 4 Plastic Coffee Scoops with Brush & Espresso Grinder Brush for Ground Coffee Cleaning Tea Power Coffee Grinder Spoon</p><p>$6.49</p><a href="https://www.amazon.com/dp/B0CNKFM9WR?tag=eloabder-20&linkCode=osi&th=1&psc=1">View Product</a></div>





<div class="product"><a href="https://www.amazon.com/dp/B07798328B?tag=eloabder-20&linkCode=osi&th=1&psc=1"><img src="https://m.media-amazon.com/images/I/31Vpin+sgUS._SL500_.jpg" alt="Product Image"></a><p>Prime-Line MP10513 Standard Plastic Ice Cube Trays (5 Pack)</p><p>$12.69</p><a href="https://www.amazon.com/dp/B07798328B?tag=eloabder-20&linkCode=osi&th=1&psc=1">View Product</a></div><div class="product"><a href="https://www.amazon.com/dp/B077965JDB?tag=eloabder-20&linkCode=osi&th=1&psc=1"><img src="https://m.media-amazon.com/images/I/31H1hNlH6RL._SL500_.jpg" alt="Product Image"></a><p>Prime-Line MP10863 Standard Plastic Ice Cube Trays (2 Pack)</p><p>$9.69</p><a href="https://www.amazon.com/dp/B077965JDB?tag=eloabder-20&linkCode=osi&th=1&psc=1">View Product</a></div>

<div class="product"><a href="https://www.amazon.com/dp/B08MPLY84K?tag=eloabder-20&linkCode=osi&th=1&psc=1"><img src="https://m.media-amazon.com/images/I/31kWTfzQJBL._SL500_.jpg" alt="Product Image"></a><p>Syntus Vacuum Sealer Bags, 6 Pack 3 Rolls 11" x 20' and 3 Rolls 8" x 20' Commercial Grade BPA Free Bag Rolls, Food Vac Bags for Storage, Meal Prep or Sous Vide</p><p>$19.99</p><a href="https://www.amazon.com/dp/B08MPLY84K?tag=eloabder-20&linkCode=osi&th=1&psc=1">View Product</a></div><div class="product"><a href="https://www.amazon.com/dp/B0C5BWRMQL?tag=eloabder-20&linkCode=osi&th=1&psc=1"><img src="https://m.media-amazon.com/images/I/41yPpkb6oeL._SL500_.jpg" alt="Product Image"></a><p>Bonsenkitchen Vacuum Sealer Rolls Bags, 6 Pack 3 Rolls 11" x 20' + 3 Rolls 8" x 20' Commercial Grade BPA Free Bag Rolls, Durable Customized Size Food Vac Bags for Storage and Sous Vide Cooking VB3211</p><p>$19.99 ($3.33 / Count)</p><a href="https://www.amazon.com/dp/B0C5BWRMQL?tag=eloabder-20&linkCode=osi&th=1&psc=1">View Product</a></div><div class="product"><a href="https://www.amazon.com/dp/B0C5C1JTC4?tag=eloabder-20&linkCode=osi&th=1&psc=1"><img src="https://m.media-amazon.com/images/I/31JpyYsm7YL._SL500_.jpg" alt="Product Image"></a><p>Bonsenkitchen Vacuum Food Sealer Bags 200 Quart 8" x 12", BPA Free, Commercial Grade Textured Food Vacuum Sealer Bag, Thick Embossed Bags for Food Storage and Sous Vide Cooking VB3208</p><p>$18.39 ($0.09 / Count)</p><a href="https://www.amazon.com/dp/B0C5C1JTC4?tag=eloabder-20&linkCode=osi&th=1&psc=1">View Product</a></div><div class="product"><a href="https://www.amazon.com/dp/B07TMZDGQ1?tag=eloabder-20&linkCode=osi&th=1&psc=1"><img src="https://m.media-amazon.com/images/I/31cRCu-JIsL._SL500_.jpg" alt="Product Image"></a><p>Wevac Vacuum Sealer Bags 11x50 Rolls 2 pack for Food Saver, Seal a Meal, Weston. Commercial Grade, BPA Free, Heavy Duty, Great for vac storage, Meal Prep or Sous Vide</p><p>$20.99 ($0.21 / Count)</p><a href="https://www.amazon.com/dp/B07TMZDGQ1?tag=eloabder-20&linkCode=osi&th=1&psc=1">View Product</a></div><div class="product"><a href="https://www.amazon.com/dp/B07TV4KRCL?tag=eloabder-20&linkCode=osi&th=1&psc=1"><img src="https://m.media-amazon.com/images/I/31uv3qtc9bL._SL500_.jpg" alt="Product Image"></a><p>Wevac Vacuum Sealer Bags 100 Gallon 11x16 Inch for Food Saver, Seal a Meal, Weston. Commercial Grade, BPA Free, Heavy Duty, Great for vac storage, Meal Prep and Sous Vide</p><p>$21.24</p><a href="https://www.amazon.com/dp/B07TV4KRCL?tag=eloabder-20&linkCode=osi&th=1&psc=1">View Product</a></div>


<div class="product"><a href="https://www.amazon.com/dp/B093G5XCVF?tag=eloabder-20&linkCode=osi&th=1&psc=1"><img src="https://m.media-amazon.com/images/I/313Cq6ASf0S._SL500_.jpg" alt="Product Image"></a><p>2 Multipurpose Pastry Brush Basting & Coffee Grinders Cleaning Brush Wooden Handle Natural Boar Bristles Baking Cooking Sauce egg wash Bakery Supply Espresso Bean Barista</p><p>$7.21</p><a href="https://www.amazon.com/dp/B093G5XCVF?tag=eloabder-20&linkCode=osi&th=1&psc=1">View Product</a></div><div class="product"><a href="https://www.amazon.com/dp/B07JGRYG31?tag=eloabder-20&linkCode=osi&th=1&psc=1"><img src="https://m.media-amazon.com/images/I/31nd-jhgzdL._SL500_.jpg" alt="Product Image"></a><p>Coffee Grinder Cleaning Brush + Coffee Brush Wood Handle & Natural Bristles Pastry Brush</p><p>$5.99</p><a href="https://www.amazon.com/dp/B07JGRYG31?tag=eloabder-20&linkCode=osi&th=1&psc=1">View Product</a></div><div class="product"><a href="https://www.amazon.com/dp/B0C53G4T7X?tag=eloabder-20&linkCode=osi&th=1&psc=1"><img src="https://m.media-amazon.com/images/I/21Hrgmpj8YL._SL500_.jpg" alt="Product Image"></a><p>Leadigol Cleaning Tool Coffee Machine Home Pastry Brush Multifunctional Wooden Handle Baking Soft Bristles Coffee Grinder Brush</p><p>$7.99</p><a href="https://www.amazon.com/dp/B0C53G4T7X?tag=eloabder-20&linkCode=osi&th=1&psc=1">View Product</a></div><div class="product"><a href="https://www.amazon.com/dp/B07W5WM2LF?tag=eloabder-20&linkCode=osi&th=1&psc=1"><img src="https://m.media-amazon.com/images/I/41-7fWE9tSL._SL500_.jpg" alt="Product Image"></a><p>Redecker Waffle Machine Brush with Oiled Beechwood Handle, Stiff Heat-resistant Tampico Fiber Bristles, 6-1/2 inches, Made in Germany</p><p>$21.99</p><a href="https://www.amazon.com/dp/B07W5WM2LF?tag=eloabder-20&linkCode=osi&th=1&psc=1">View Product</a></div>






Aucun rÃ©sultat trouvÃ©.


<div class="product"><a href="https://www.amazon.com/dp/B00LQKZQAW?tag=eloabder-20&linkCode=osi&th=1&psc=1"><img src="https://m.media-amazon.com/images/I/31nBii+cbiL._SL500_.jpg" alt="Product Image"></a><p>Electrolux 5308000716 Dish Replacement , White</p><p>$17.16</p><a href="https://www.amazon.com/dp/B00LQKZQAW?tag=eloabder-20&linkCode=osi&th=1&psc=1">View Product</a></div><div class="product"><a href="https://www.amazon.com/dp/B09BBPTSNK?tag=eloabder-20&linkCode=osi&th=1&psc=1"><img src="https://m.media-amazon.com/images/I/41kdVEnPDTL._SL500_.jpg" alt="Product Image"></a><p>Judeeâ€™s Butter Powder 5 lb - 100% Non-GMO and Keto-Friendly - rBST Hormone-Free - Gluten-Free and Nut-Free - Made from 100% Real Butter - Baking Ready Ingredient - Made in USA</p><p>$59.99 ($0.75 / Ounce)</p><a href="https://www.amazon.com/dp/B09BBPTSNK?tag=eloabder-20&linkCode=osi&th=1&psc=1">View Product</a></div>
<div class="product"><a href="https://www.amazon.com/dp/B0C1G9K19X?tag=eloabder-20&linkCode=osi&th=1&psc=1"><img src="https://m.media-amazon.com/images/I/41OVBrQ1wFL._SL500_.jpg" alt="Product Image"></a><p>Coffee Cup Design Coffee Filter Holder, Coffee Paper Rack Stand, Metal Coffee Filter Container Stand, Coffee Bar Accessories Vertical Paper Towel Napkin Holder for Cone Square Fan Shaped Size (Black)</p><p>$8.99</p><a href="https://www.amazon.com/dp/B0C1G9K19X?tag=eloabder-20&linkCode=osi&th=1&psc=1">View Product</a></div><div class="product"><a href="https://www.amazon.com/dp/B07TP1YN7G?tag=eloabder-20&linkCode=osi&th=1&psc=1"><img src="https://m.media-amazon.com/images/I/41BpYdpRyaL._SL500_.jpg" alt="Product Image"></a><p>CAFEMASY Coffee Filter Holder Storage Coffee Filter Paper Dispenser Rack with Dustproof Cover for V60 and Cone Coffee Filters</p><p>$9.99</p><a href="https://www.amazon.com/dp/B07TP1YN7G?tag=eloabder-20&linkCode=osi&th=1&psc=1">View Product</a></div><div class="product"><a href="https://www.amazon.com/dp/B0BFCTW7MY?tag=eloabder-20&linkCode=osi&th=1&psc=1"><img src="https://m.media-amazon.com/images/I/31s709IEZkL._SL500_.jpg" alt="Product Image"></a><p>Coffee Filter Holder, watchget Reusable Coffee Paper Filter Storage Bag for Cone-shaped Filter Papers V60 Waterproof Canvas Suitable for Outdoor Camping Traveling(02)</p><p>$11.99</p><a href="https://www.amazon.com/dp/B0BFCTW7MY?tag=eloabder-20&linkCode=osi&th=1&psc=1">View Product</a></div>





<div class="product"><a href="https://www.amazon.com/dp/B0CTJD9VK7?tag=eloabder-20&linkCode=osi&th=1&psc=1"><img src="https://m.media-amazon.com/images/I/31pqr-gIt8L._SL500_.jpg" alt="Product Image"></a><p>[4 Pack] Water Bottle Brush & Straw Cleaner Set,Stainless Steel Long Handle Baby Bottle Scrub Cleaning Brush for Sports Bottles, Cups, Dishes, Coffee Mugs, Glasswares, Tumblers, Wine Decanters</p><p>$6.50</p><a href="https://www.amazon.com/dp/B0CTJD9VK7?tag=eloabder-20&linkCode=osi&th=1&psc=1">View Product</a></div>




<div class="product"><a href="https://www.amazon.com/dp/B0BQSPKDN4?tag=eloabder-20&linkCode=osi&th=1&psc=1"><img src="https://m.media-amazon.com/images/I/416EnQJjKDL._SL500_.jpg" alt="Product Image"></a><p>Teflon Sheets for Baking (3-Pack) Bundled with ninja foodi air fryer liners (1-Pack) - Baking Sheets for Oven and Air Fryer Oven Mat 12" x 12" - Reusable & Heat Resistant</p><p>$9.99</p><a href="https://www.amazon.com/dp/B0BQSPKDN4?tag=eloabder-20&linkCode=osi&th=1&psc=1">View Product</a></div>













<div class="product"><a href="https://www.amazon.com/dp/B00UTFZAII?tag=eloabder-20&linkCode=osi&th=1&psc=1"><img src="https://m.media-amazon.com/images/I/31z7hZ6KbXL._SL500_.jpg" alt="Product Image"></a><p>Miele 10123210 AirClean 3D Efficiency Dust Bag, Type GN, 4 Bags & 2 Filters, White</p><p>$21.86 ($21.86 / Count)</p><a href="https://www.amazon.com/dp/B00UTFZAII?tag=eloabder-20&linkCode=osi&th=1&psc=1">View Product</a></div><div class="product"><a href="https://www.amazon.com/dp/B07WHG6J5S?tag=eloabder-20&linkCode=osi&th=1&psc=1"><img src="https://m.media-amazon.com/images/I/41hnaEOxB9L._SL500_.jpg" alt="Product Image"></a><p>KEEPOW Vacuum Filters for Eureka, Power Speed Vacuum Filters Replacement for Eureka NEU182A, NEU182B, NEU280, NEU180, NEU181, NEU188, NEU202 Bagless Upright Vacuum Cleaner, Part E0202 (4 Pack)</p><p>$9.99 ($2.50 / Count)</p><a href="https://www.amazon.com/dp/B07WHG6J5S?tag=eloabder-20&linkCode=osi&th=1&psc=1">View Product</a></div><div class="product"><a href="https://www.amazon.com/dp/B00UTFZB82?tag=eloabder-20&linkCode=osi&th=1&psc=1"><img src="https://m.media-amazon.com/images/I/41WdlL5T0dL._SL500_.jpg" alt="Product Image"></a><p>Miele AirClean 3D Efficiency Dust Bag, Type FJM, 4 Bags & 2 Filters, White</p><p>$18.99</p><a href="https://www.amazon.com/dp/B00UTFZB82?tag=eloabder-20&linkCode=osi&th=1&psc=1">View Product</a></div><div class="product"><a href="https://www.amazon.com/dp/B09NKP346M?tag=eloabder-20&linkCode=osi&th=1&psc=1"><img src="https://m.media-amazon.com/images/I/41o25nqkODL._SL500_.jpg" alt="Product Image"></a><p>Anewise 6 Pack Filter Replacement for Bissell Powerforce Compact Lightweight Upright 2112 1520 for Bissel Turbo Bagless 2690 Cleanview 3437 3508 Vacuum Cleaner, Compare to Parts #1604896/160-4896</p><p>$12.99</p><a href="https://www.amazon.com/dp/B09NKP346M?tag=eloabder-20&linkCode=osi&th=1&psc=1">View Product</a></div><div class="product"><a href="https://www.amazon.com/dp/B01MQ5NITB?tag=eloabder-20&linkCode=osi&th=1&psc=1"><img src="https://m.media-amazon.com/images/I/41J6lG4H1bL._SL500_.jpg" alt="Product Image"></a><p>Bissell Style 7 3 Pack Vacuum Cleaner Bags, White, 3 Count</p><p>$8.69 ($2.90 / Count)</p><a href="https://www.amazon.com/dp/B01MQ5NITB?tag=eloabder-20&linkCode=osi&th=1&psc=1">View Product</a></div><div class="product"><a href="https://www.amazon.com/dp/B0CDH1JY5D?tag=eloabder-20&linkCode=osi&th=1&psc=1"><img src="https://m.media-amazon.com/images/I/516DPXu4siL._SL500_.jpg" alt="Product Image"></a><p>4 Pack Replacement Filters Compatiable with Wyze Cordless Vacuum Cleaner, Removable and Washable HEPA Filter Accessories Part Set with 1 Cleaning Brush for Wyze Handheld Cordless Vacuum Cleaner</p><p>$15.99 ($4.00 / Count)</p><a href="https://www.amazon.com/dp/B0CDH1JY5D?tag=eloabder-20&linkCode=osi&th=1&psc=1">View Product</a></div><div class="product"><a href="https://www.amazon.com/dp/B07P3WB37F?tag=eloabder-20&linkCode=osi&th=1&psc=1"><img src="https://m.media-amazon.com/images/I/51WaYrkiVXL._SL500_.jpg" alt="Product Image"></a><p>Miele AirClean 3D Efficiency Dust Bag, Type GN, XL Value Pack, 8 Bags and 4 Filters</p><p>$36.99</p><a href="https://www.amazon.com/dp/B07P3WB37F?tag=eloabder-20&linkCode=osi&th=1&psc=1">View Product</a></div><div class="product"><a href="https://www.amazon.com/dp/B09DSY4Z2T?tag=eloabder-20&linkCode=osi&th=1&psc=1"><img src="https://m.media-amazon.com/images/I/51+ref3EeAL._SL500_.jpg" alt="Product Image"></a><p>Filter Replacement for Tineco A10 A11 Hero A10/A11 Master PURE ONE S11 Series, S12, X Cordless Vacuum Cleaner (3 PACK) â€¦</p><p>$12.99 ($4.33 / Count)</p><a href="https://www.amazon.com/dp/B09DSY4Z2T?tag=eloabder-20&linkCode=osi&th=1&psc=1">View Product</a></div>


<div class="product"><a href="https://www.amazon.com/dp/B0BXRR5QFV?tag=eloabder-20&linkCode=osi&th=1&psc=1"><img src="https://m.media-amazon.com/images/I/41sjdBkCp8L._SL500_.jpg" alt="Product Image"></a><p>AC Infinity CLOUDFORGE T7, Plant Humidifier 15L with VPD Humidity Controls, 10-Level Precision Vaporizer, Extendable Hose, Targeting Pipe, and No-Leak Seal for Grow Tents</p><p>$159.00</p><a href="https://www.amazon.com/dp/B0BXRR5QFV?tag=eloabder-20&linkCode=osi&th=1&psc=1">View Product</a></div><div class="product"><a href="https://www.amazon.com/dp/B01N6MV8SA?tag=eloabder-20&linkCode=osi&th=1&psc=1"><img src="https://m.media-amazon.com/images/I/41hX08+W1xL._SL500_.jpg" alt="Product Image"></a><p>Protec Humidifier Tank Cleaner, 1 Count - Colors May Vary</p><p>$5.98</p><a href="https://www.amazon.com/dp/B01N6MV8SA?tag=eloabder-20&linkCode=osi&th=1&psc=1">View Product</a></div><div class="product"><a href="https://www.amazon.com/dp/B07GXBTH82?tag=eloabder-20&linkCode=osi&th=1&psc=1"><img src="https://m.media-amazon.com/images/I/41ibxK12JPL._SL500_.jpg" alt="Product Image"></a><p>Essick Air 1970-2 Humidifier, 2-Quart Bacteriostatic Treatment, 2 Pack, Clear, 2</p><p>$22.99</p><a href="https://www.amazon.com/dp/B07GXBTH82?tag=eloabder-20&linkCode=osi&th=1&psc=1">View Product</a></div><div class="product"><a href="https://www.amazon.com/dp/B08TTT3K9B?tag=eloabder-20&linkCode=osi&th=1&psc=1"><img src="https://m.media-amazon.com/images/I/41U6j9SexmL._SL500_.jpg" alt="Product Image"></a><p>Leemone Humidifier Cleaner 12 Pack, Demineralization Cleaning Ball, Works in All humidifiers and Fish Tanks, Purifies Water, Prevents Hard Water Build-Up, Eliminates White Dust and Odor</p><p>$14.44</p><a href="https://www.amazon.com/dp/B08TTT3K9B?tag=eloabder-20&linkCode=osi&th=1&psc=1">View Product</a></div>
<div class="product"><a href="https://www.amazon.com/dp/B07YD4XCT3?tag=eloabder-20&linkCode=osi&th=1&psc=1"><img src="https://m.media-amazon.com/images/I/41hR81iKyJL._SL500_.jpg" alt="Product Image"></a><p>Vacplus Moisture Absorber Packets, Fragrance Free(10 Pack), Humidity Packs, Hanging Closet Dehumidifier Bags, Desiccant 9.8OZ</p><p>$21.99</p><a href="https://www.amazon.com/dp/B07YD4XCT3?tag=eloabder-20&linkCode=osi&th=1&psc=1">View Product</a></div><div class="product"><a href="https://www.amazon.com/dp/B09LQF5V5K?tag=eloabder-20&linkCode=osi&th=1&psc=1"><img src="https://m.media-amazon.com/images/I/51Cx5ECAotL._SL500_.jpg" alt="Product Image"></a><p>CLEVAST Moisture Absorbers Packets 10 Pack, Dehumidifier Bags for Closet, Unscented Hanging Humidity Absorber in Wardrobes, Bedrooms, Bathrooms(230g/pack)</p><p>$16.98</p><a href="https://www.amazon.com/dp/B09LQF5V5K?tag=eloabder-20&linkCode=osi&th=1&psc=1">View Product</a></div><div class="product"><a href="https://www.amazon.com/dp/B0B8L9QRW8?tag=eloabder-20&linkCode=osi&th=1&psc=1"><img src="https://m.media-amazon.com/images/I/518LgtpPi8L._SL500_.jpg" alt="Product Image"></a><p>Arm & Hammer Essentials Disposable Moisture Absorber and Odor Eliminator Tub, Fragrance Free, 1 lb, 3-Pack, Attracts and Traps Excess Moisture, Ideal Closet Dehumidifier, White</p><p>$24.94 ($0.52 / Ounce)</p><a href="https://www.amazon.com/dp/B0B8L9QRW8?tag=eloabder-20&linkCode=osi&th=1&psc=1">View Product</a></div><div class="product"><a href="https://www.amazon.com/dp/B09W9TPJGZ?tag=eloabder-20&linkCode=osi&th=1&psc=1"><img src="https://m.media-amazon.com/images/I/51pVTVMwHbL._SL500_.jpg" alt="Product Image"></a><p>THECOSKY Dehumidifier and Air Purifier Combo,HEPA H13 Filter and Negative Air Ion Function,54oz(1.6L) Water Tank with Drain Hose,24hrs Auto-Off Timer,Idea for Bedroom,Bathroom,Closet,RV</p><p>$109.99</p><a href="https://www.amazon.com/dp/B09W9TPJGZ?tag=eloabder-20&linkCode=osi&th=1&psc=1">View Product</a></div><div class="product"><a href="https://www.amazon.com/dp/B0CXDG65LZ?tag=eloabder-20&linkCode=osi&th=1&psc=1"><img src="https://m.media-amazon.com/images/I/41HNflmbKHL._SL500_.jpg" alt="Product Image"></a><p>14 x 17.5 x1.75 MERV 13 Replacement Dehumidifier Filter Compatible with Santa Fe Advance90, Advance100, Advance120, Honeywell DR90 & DR120 dehumidifier models, 2 Pack</p><p>$42.99</p><a href="https://www.amazon.com/dp/B0CXDG65LZ?tag=eloabder-20&linkCode=osi&th=1&psc=1">View Product</a></div>
<div class="product"><a href="https://www.amazon.com/dp/B088B921NQ?tag=eloabder-20&linkCode=osi&th=1&psc=1"><img src="https://m.media-amazon.com/images/I/612e4cT3RYL._SL500_.jpg" alt="Product Image"></a><p>ULTTY H13 HEPA Replacement Filter with Medical Coating, True HEPA Filter For R021/ R020 Purifying Fan, Medium</p><p>$29.99</p><a href="https://www.amazon.com/dp/B088B921NQ?tag=eloabder-20&linkCode=osi&th=1&psc=1">View Product</a></div><div class="product"><a href="https://www.amazon.com/dp/B0D2MZ4Y7Z?tag=eloabder-20&linkCode=osi&th=1&psc=1"><img src="https://m.media-amazon.com/images/I/51KgTHizWyL._SL500_.jpg" alt="Product Image"></a><p>Butto 5-Pack Ceiling Fan Filters for Blades - Strong Adhesive Ceiling Fan Filters for Common Household Contaminants - Unscented Coconut Carbon Fan Air Purifier Pads to Make Air Fresh and Natural</p><p>$9.98</p><a href="https://www.amazon.com/dp/B0D2MZ4Y7Z?tag=eloabder-20&linkCode=osi&th=1&psc=1">View Product</a></div><div class="product"><a href="https://www.amazon.com/dp/B0C42HCM21?tag=eloabder-20&linkCode=osi&th=1&psc=1"><img src="https://m.media-amazon.com/images/I/31jk3lpoygL._SL500_.jpg" alt="Product Image"></a><p>Barnakl Ceiling Fan Filters | Activated Coconut Shell Carbon Filter | Easy-Stick Universal Ceiling Fan Air Filters | Unscented Ceiling Fan Blade Filters for Common Household Contaminants, (3-Count)</p><p>$19.99 ($6.66 / Count)</p><a href="https://www.amazon.com/dp/B0C42HCM21?tag=eloabder-20&linkCode=osi&th=1&psc=1">View Product</a></div>
<div class="product"><a href="https://www.amazon.com/dp/B08LZWP29P?tag=eloabder-20&linkCode=osi&th=1&psc=1"><img src="https://m.media-amazon.com/images/I/41NLuzzFW9L._SL500_.jpg" alt="Product Image"></a><p>Chromex Tankless Water Heater Descaling Solution | Highly Effective Descaler Restores Heating Efficiency, Quart, 32 fl oz (1)</p><p>$26.99</p><a href="https://www.amazon.com/dp/B08LZWP29P?tag=eloabder-20&linkCode=osi&th=1&psc=1">View Product</a></div>

<div class="product"><a href="https://www.amazon.com/dp/B005UO4OWQ?tag=eloabder-20&linkCode=osi&th=1&psc=1"><img src="https://m.media-amazon.com/images/I/41oQPKFofoL._SL500_.jpg" alt="Product Image"></a><p>Bissell 203-7458 Brushroll, Bg10/86T3, Black</p><p>$21.26 ($21.26 / Count)</p><a href="https://www.amazon.com/dp/B005UO4OWQ?tag=eloabder-20&linkCode=osi&th=1&psc=1">View Product</a></div>





















<div class="product"><a href="https://www.amazon.com/dp/B0014J7FUY?tag=eloabder-20&linkCode=osi&th=1&psc=1"><img src="https://m.media-amazon.com/images/I/31QrM+IPxOL._SL500_.jpg" alt="Product Image"></a><p>Urnex Grindz Professional Coffee Grinder Cleaning Tablets - 430 Grams - All Natural Food Safe Gluten Free - Cleans Burr and Casing - Help Extend Life of Your Grinder</p><p>$25.99 ($1.71 / Ounce)</p><a href="https://www.amazon.com/dp/B0014J7FUY?tag=eloabder-20&linkCode=osi&th=1&psc=1">View Product</a></div>



<div class="product"><a href="https://www.amazon.com/dp/B0CHW317SG?tag=eloabder-20&linkCode=osi&th=1&psc=1"><img src="https://m.media-amazon.com/images/I/41Qd5Iu3qBL._SL500_.jpg" alt="Product Image"></a><p>EUHOMY 55 Can Beverage Refrigerator cooler-Mini Fridge Glass Door for Beer Drinks Wines, Freestanding Beverage Fridge with Adjustable Shelves Blue LED for Home/Office/Dorm/Bar (1.3cu.ft)</p><p>$128.99</p><a href="https://www.amazon.com/dp/B0CHW317SG?tag=eloabder-20&linkCode=osi&th=1&psc=1">View Product</a></div>

<div class="product"><a href="https://www.amazon.com/dp/B099CN2MRK?tag=eloabder-20&linkCode=osi&th=1&psc=1"><img src="https://m.media-amazon.com/images/I/31CvUCIUX5L._SL500_.jpg" alt="Product Image"></a><p>Genuine PuroAir 240 Replacement Filter - Replacement HEPA Filter for PuroAir 240 Purifier - Captures up to 99% of Pollen, Smoke, Pollen, Dust and Common Household Pollutants</p><p>$48.00</p><a href="https://www.amazon.com/dp/B099CN2MRK?tag=eloabder-20&linkCode=osi&th=1&psc=1">View Product</a></div><div class="product"><a href="https://www.amazon.com/dp/B0055521W0?tag=eloabder-20&linkCode=osi&th=1&psc=1"><img src="https://m.media-amazon.com/images/I/41Hs7ixdyXL._SL500_.jpg" alt="Product Image"></a><p>GermGuardian Filter B HEPA Pure Genuine Air Purifier Replacement Filter, Removes 99.97% of Pollutants for AC4825, AC4300, AC4900, AC4825DLX, AC4850, CDAP4500, AP2200, Black/Yellow, FLT4825</p><p>$17.90 ($17.90 / Count)</p><a href="https://www.amazon.com/dp/B0055521W0?tag=eloabder-20&linkCode=osi&th=1&psc=1">View Product</a></div><div class="product"><a href="https://www.amazon.com/dp/B0BNMYKZPV?tag=eloabder-20&linkCode=osi&th=1&psc=1"><img src="https://m.media-amazon.com/images/I/41-K3mB6KkL._SL500_.jpg" alt="Product Image"></a><p>2 Pack True HEPA KILO Filter Compatible with Afloia KILO, KILOPLUS, KILOPRO, MIRO,MIRO PRO and MORENTO MR-Kilo, Kalo Air Purifier, 360Â° 3-Stage Filtration</p><p>$34.99 ($17.50 / Count)</p><a href="https://www.amazon.com/dp/B0BNMYKZPV?tag=eloabder-20&linkCode=osi&th=1&psc=1">View Product</a></div><div class="product"><a href="https://www.amazon.com/dp/B0D3M4Y9W7?tag=eloabder-20&linkCode=osi&th=1&psc=1"><img src="https://m.media-amazon.com/images/I/41tzW+mkZuL._SL500_.jpg" alt="Product Image"></a><p>Breshair 14 True HEPA Filter Replacement Compatible with PuroAir 240 Air Purifier, 3-in-1 Filtration System with Activated Carbon Filter, 2-Pack</p><p>$31.56 ($15.78 / Count)</p><a href="https://www.amazon.com/dp/B0D3M4Y9W7?tag=eloabder-20&linkCode=osi&th=1&psc=1">View Product</a></div><div class="product"><a href="https://www.amazon.com/dp/B0CB18MVX6?tag=eloabder-20&linkCode=osi&th=1&psc=1"><img src="https://m.media-amazon.com/images/I/519ZmmLOrzL._SL500_.jpg" alt="Product Image"></a><p>2 Pack 3-in-1 H13 True HEPA Replacement Filter Compatible with Pure Enrichment PureZone Air Purifier Part# PEAIRPLG</p><p>$23.99 ($12.00 / Count)</p><a href="https://www.amazon.com/dp/B0CB18MVX6?tag=eloabder-20&linkCode=osi&th=1&psc=1">View Product</a></div><div class="product"><a href="https://www.amazon.com/dp/B08JTZMRML?tag=eloabder-20&linkCode=osi&th=1&psc=1"><img src="https://m.media-amazon.com/images/I/51yx60sCjHL._SL500_.jpg" alt="Product Image"></a><p>6 Pack HPA300 HEPA Filter Replacement for Honeywell HPA300 Series Air Purifiers HPA300, HPA300VP, HPA304, HPA3300, Replace HRF-R3 (6 Ture HEPA R Replacement Filter + 8 Activated Carbon Pre-Filter)</p><p>$47.99 ($3.43 / Count)</p><a href="https://www.amazon.com/dp/B08JTZMRML?tag=eloabder-20&linkCode=osi&th=1&psc=1">View Product</a></div><div class="product"><a href="https://www.amazon.com/dp/B0CF1GLSYS?tag=eloabder-20&linkCode=osi&th=1&psc=1"><img src="https://m.media-amazon.com/images/I/41709EXRzXL._SL500_.jpg" alt="Product Image"></a><p>CHIVALZ 4 Pack HY4866 True HEPA Replacement Filters Compatible with MORENTO HY4866 Air Purifier, WESTHEY HY4866 Air Purifier and YIOU M1 Air Cleaner Purifier, Original Version</p><p>$39.99 ($10.00 / Count)</p><a href="https://www.amazon.com/dp/B0CF1GLSYS?tag=eloabder-20&linkCode=osi&th=1&psc=1">View Product</a></div>







<div class="product"><a href="https://www.amazon.com/dp/B0CYKMFKR9?tag=eloabder-20&linkCode=osi&th=1&psc=1"><img src="https://m.media-amazon.com/images/I/316zU-ozoxL._SL500_.jpg" alt="Product Image"></a><p>Air Purifier Replacement Filter for Space Heater Bladeless Fan</p><p>$29.99</p><a href="https://www.amazon.com/dp/B0CYKMFKR9?tag=eloabder-20&linkCode=osi&th=1&psc=1">View Product</a></div>
<div class="product"><a href="https://www.amazon.com/dp/B07MRH6VY7?tag=eloabder-20&linkCode=osi&th=1&psc=1"><img src="https://m.media-amazon.com/images/I/51g-nuN4A5L._SL500_.jpg" alt="Product Image"></a><p>Colorfullife Replacement Air Purifier Filter for Dyson Tower Purifier Pure Cool Link TP01, TP02, TP03, BP01, Compare to Part 968126-03ï¼Œ2 Pack</p><p>$26.99</p><a href="https://www.amazon.com/dp/B07MRH6VY7?tag=eloabder-20&linkCode=osi&th=1&psc=1">View Product</a></div><div class="product"><a href="https://www.amazon.com/dp/B07TX5SW7J?tag=eloabder-20&linkCode=osi&th=1&psc=1"><img src="https://m.media-amazon.com/images/I/512Kn+cPglL._SL500_.jpg" alt="Product Image"></a><p>TP01 HEPA Filter Replacement Compatible with Dyson Tower Purifier Pure Cool Link TP01, TP02, TP03, AM11, BP01 Models, Compare to Part # 968126-03 (Pack of 2)</p><p>$27.95 ($13.98 / Count)</p><a href="https://www.amazon.com/dp/B07TX5SW7J?tag=eloabder-20&linkCode=osi&th=1&psc=1">View Product</a></div><div class="product"><a href="https://www.amazon.com/dp/B0CC24GZGB?tag=eloabder-20&linkCode=osi&th=1&psc=1"><img src="https://m.media-amazon.com/images/I/41woNpZ9VgL._SL500_.jpg" alt="Product Image"></a><p>TP01 TP02 Filter Compatible with Dyson Pure Cool Link Purifying Tower Fan TP00 TP03 AM11 and Cool Me BP01 Personal Series, 360Â° Air Purifier Filter Replacement 968126-03, 1-Pack</p><p>$25.99</p><a href="https://www.amazon.com/dp/B0CC24GZGB?tag=eloabder-20&linkCode=osi&th=1&psc=1">View Product</a></div><div class="product"><a href="https://www.amazon.com/dp/B0CX23N2JJ?tag=eloabder-20&linkCode=osi&th=1&psc=1"><img src="https://m.media-amazon.com/images/I/3145hmd5j7L._SL500_.jpg" alt="Product Image"></a><p>Dreo Air Purifiers Replacement Filter, HEPA Filter for Dreo Purifier Tower Fan MC710S, with 2 Stage Filtration, Black, Standard(DR-HPA019)</p><p>$39.99</p><a href="https://www.amazon.com/dp/B0CX23N2JJ?tag=eloabder-20&linkCode=osi&th=1&psc=1">View Product</a></div>










<div class="product"><a href="https://www.amazon.com/dp/B001U0OJ7O?tag=eloabder-20&linkCode=osi&th=1&psc=1"><img src="https://m.media-amazon.com/images/I/41XEg3QV-wL._SL500_.jpg" alt="Product Image"></a><p>Whirlpool W10165294RB 15-Inch Plastic Trash Compactor ct, 60 Bags, Count</p><p>$48.34</p><a href="https://www.amazon.com/dp/B001U0OJ7O?tag=eloabder-20&linkCode=osi&th=1&psc=1">View Product</a></div><div class="product"><a href="https://www.amazon.com/dp/B0CC3V4ZZ4?tag=eloabder-20&linkCode=osi&th=1&psc=1"><img src="https://m.media-amazon.com/images/I/31bbvodHnjL._SL500_.jpg" alt="Product Image"></a><p>Waste Smasher- Hand-Held Manual Trash Compactor Dishwasher Safe Black</p><p>$24.95</p><a href="https://www.amazon.com/dp/B0CC3V4ZZ4?tag=eloabder-20&linkCode=osi&th=1&psc=1">View Product</a></div><div class="product"><a href="https://www.amazon.com/dp/B00IYO5914?tag=eloabder-20&linkCode=osi&th=1&psc=1"><img src="https://m.media-amazon.com/images/I/51SLpTXIYNL._SL500_.jpg" alt="Product Image"></a><p>Kitchen Master Super Strong Compactor Bags Pre Cuffed (12 Pack)</p><p>$34.95</p><a href="https://www.amazon.com/dp/B00IYO5914?tag=eloabder-20&linkCode=osi&th=1&psc=1">View Product</a></div><div class="product"><a href="https://www.amazon.com/dp/B075DJ4ZVQ?tag=eloabder-20&linkCode=osi&th=1&psc=1"><img src="https://m.media-amazon.com/images/I/51Vaek4I89L._SL500_.jpg" alt="Product Image"></a><p>Dano Pre-Cuffed Compactor Bags</p><p>$32.95 ($2.75 / Count)</p><a href="https://www.amazon.com/dp/B075DJ4ZVQ?tag=eloabder-20&linkCode=osi&th=1&psc=1">View Product</a></div><div class="product"><a href="https://www.amazon.com/dp/B0C2DCVCBJ?tag=eloabder-20&linkCode=osi&th=1&psc=1"><img src="https://m.media-amazon.com/images/I/51072CtaKuL._SL500_.jpg" alt="Product Image"></a><p>60-pack W10165294RB Trash Compactor Bags - leak-proof trash compactor bags for kitchen 60-ct 15 inches - Fits 15-inch Rectangular Drawer Compactors</p><p>$45.99 ($0.77 / Count)</p><a href="https://www.amazon.com/dp/B0C2DCVCBJ?tag=eloabder-20&linkCode=osi&th=1&psc=1">View Product</a></div><div class="product"><a href="https://www.amazon.com/dp/B001U0OJ7E?tag=eloabder-20&linkCode=osi&th=1&psc=1"><img src="https://m.media-amazon.com/images/I/41c0z26RyvL._SL500_.jpg" alt="Product Image"></a><p>Whirlpool W10165293RB Genuine OEM 60 Pack-Plastic Compactor Bags-18" Models â€“ 1394369, 4178058, 4318932, 4318933, 4318935, 4318937, 4318939, AH1964576, EA1964576, PS1964576</p><p>$48.64 ($0.81 / Count)</p><a href="https://www.amazon.com/dp/B001U0OJ7E?tag=eloabder-20&linkCode=osi&th=1&psc=1">View Product</a></div><div class="product"><a href="https://www.amazon.com/dp/B00W27J16S?tag=eloabder-20&linkCode=osi&th=1&psc=1"><img src="https://m.media-amazon.com/images/I/41RaOjAGlrL._SL500_.jpg" alt="Product Image"></a><p>Compactor Bags Pre Cuffed (50 Pack)</p><p>$84.95 ($1.70 / count)</p><a href="https://www.amazon.com/dp/B00W27J16S?tag=eloabder-20&linkCode=osi&th=1&psc=1">View Product</a></div><div class="product"><a href="https://www.amazon.com/dp/B00MOCYY2W?tag=eloabder-20&linkCode=osi&th=1&psc=1"><img src="https://m.media-amazon.com/images/I/41SH8mDsAnL._SL500_.jpg" alt="Product Image"></a><p>GE WX60X1 Genuine OEM Universal Trash Compactor Bags for GE Trash Compactors</p><p>$19.00</p><a href="https://www.amazon.com/dp/B00MOCYY2W?tag=eloabder-20&linkCode=osi&th=1&psc=1">View Product</a></div><div class="product"><a href="https://www.amazon.com/dp/B0D7SFSTNG?tag=eloabder-20&linkCode=osi&th=1&psc=1"><img src="https://m.media-amazon.com/images/I/41szt9tZJPL._SL500_.jpg" alt="Product Image"></a><p>4PCS Trash Compactor Charcoal Air Filter Fit for Whirlpool/KitchenAid/Maytag/Jenn-Air/Amana/Inglis/Magic Chef Trash Compactor, Replaces 4151750 554358 WP4151750 AP6009134 PS11742279</p><p>$23.59 ($5.90 / Count)</p><a href="https://www.amazon.com/dp/B0D7SFSTNG?tag=eloabder-20&linkCode=osi&th=1&psc=1">View Product</a></div>
<div class="product"><a href="https://www.amazon.com/dp/B0CGLX5ZB9?tag=eloabder-20&linkCode=osi&th=1&psc=1"><img src="https://m.media-amazon.com/images/I/51qeRZQS98L._SL500_.jpg" alt="Product Image"></a><p>Spare Replacement Parts Compatible with MAMNV BR150 BR151, ZCWA BR150 BR151, MANVINS G20 Robot Vacuum and Mop Combo Accessories Include: 3 Hepa Filters 3 Mop Pads 6 Side Spin Brushes</p><p>$9.98</p><a href="https://www.amazon.com/dp/B0CGLX5ZB9?tag=eloabder-20&linkCode=osi&th=1&psc=1">View Product</a></div><div class="product"><a href="https://www.amazon.com/dp/B0B28DGZBG?tag=eloabder-20&linkCode=osi&th=1&psc=1"><img src="https://m.media-amazon.com/images/I/51ooMN4RqML._SL500_.jpg" alt="Product Image"></a><p>Replacement Parts for Shark AI AV2511AE AV2501S AV2610WA AV2501AE RV2502AE RV2610WA RV2520 AV2510 2-In-1 AI Ultra Robot Vacuum Cleaner Accessories Kits. Main Brush, HEPA Filter, Foam Filter,Side Brush</p><p>$19.99 ($1.05 / Count)</p><a href="https://www.amazon.com/dp/B0B28DGZBG?tag=eloabder-20&linkCode=osi&th=1&psc=1">View Product</a></div><div class="product"><a href="https://www.amazon.com/dp/B0782T7L6P?tag=eloabder-20&linkCode=osi&th=1&psc=1"><img src="https://m.media-amazon.com/images/I/41hTVkuzMJL._SL500_.jpg" alt="Product Image"></a><p>10pcs HEPA Filters Replacement for ILIFE V3s V3s pro V5 V5s V5s Pro V5s Pro 2 V5s Plus Noisz S5 Robotic Vacuum Cleaner ILIFE V3s pro Filters ILIFE Robot Vacuum Filter</p><p>$9.80 ($0.98 / Count)</p><a href="https://www.amazon.com/dp/B0782T7L6P?tag=eloabder-20&linkCode=osi&th=1&psc=1">View Product</a></div><div class="product"><a href="https://www.amazon.com/dp/B0CXLVHTTC?tag=eloabder-20&linkCode=osi&th=1&psc=1"><img src="https://m.media-amazon.com/images/I/51BT3phYzKL._SL500_.jpg" alt="Product Image"></a><p>HUIZHEN Spare Accessories for MAMNV BR150/BR151, for ZCWA BR150/BR151, for MANVINS G20,for GTTVO BR150/BR151,for ONSON BR150/BR151 Robot Vacuum Replacement Parts,6 Side Brush,4 HEPA Filters,4 Mop Pads</p><p>$9.99</p><a href="https://www.amazon.com/dp/B0CXLVHTTC?tag=eloabder-20&linkCode=osi&th=1&psc=1">View Product</a></div><div class="product"><a href="https://www.amazon.com/dp/B08RYDDQL8?tag=eloabder-20&linkCode=osi&th=1&psc=1"><img src="https://m.media-amazon.com/images/I/314Xd7+oBXL._SL500_.jpg" alt="Product Image"></a><p>AirClean 4 Pack 3.7" High Replacement Base Pre-Motor Foam Filters Compatible with Shark IQ Robot Vacuum R101AE RV1001AE UR1005AE Self-Empty Base</p><p>$12.99 ($3.25 / Count)</p><a href="https://www.amazon.com/dp/B08RYDDQL8?tag=eloabder-20&linkCode=osi&th=1&psc=1">View Product</a></div><div class="product"><a href="https://www.amazon.com/dp/B0CJLHJ557?tag=eloabder-20&linkCode=osi&th=1&psc=1"><img src="https://m.media-amazon.com/images/I/41iQm8hUjiL._SL500_.jpg" alt="Product Image"></a><p>Replacement Parts Compatible with WYZE Robot Vacuum Cleaner WVCR200S Accessories, 2 Main Brushes, 6 Hepa Filters, 8 Side Brushes Attachment Spare Pack</p><p>$14.99 ($0.94 / Count)</p><a href="https://www.amazon.com/dp/B0CJLHJ557?tag=eloabder-20&linkCode=osi&th=1&psc=1">View Product</a></div>
<div class="product"><a href="https://www.amazon.com/dp/B0C4595Q8P?tag=eloabder-20&linkCode=osi&th=1&psc=1"><img src="https://m.media-amazon.com/images/I/51k23SAtRxL._SL500_.jpg" alt="Product Image"></a><p>4 Pack FSV001 HEPA Filter Compatiable with Fabuletta FSV101, FSV001, Girnoor G160&G165, Afoddon A300, Lubluelu 202, Oraimo Cordless Vacuum Cleaner, Besswin W26 Cordless Stick Vacuum Cleaners</p><p>$15.99 ($4.00 / Count)</p><a href="https://www.amazon.com/dp/B0C4595Q8P?tag=eloabder-20&linkCode=osi&th=1&psc=1">View Product</a></div>
<div class="product"><a href="https://www.amazon.com/dp/B0BNKJX96X?tag=eloabder-20&linkCode=osi&th=1&psc=1"><img src="https://m.media-amazon.com/images/I/41OPeLFppoL._SL500_.jpg" alt="Product Image"></a><p>6 PACK 2033 Replacement Filter Compatible with Bissell Featherweight Stick Lightweight Bagless Vacuum Cleaner 20331, 20333, 20334, 20336, 20339, 2033M,6 Mesh Filter 6 Foam Filters, Replace # 1611508</p><p>$14.99 ($2.50 / Count)</p><a href="https://www.amazon.com/dp/B0BNKJX96X?tag=eloabder-20&linkCode=osi&th=1&psc=1">View Product</a></div><div class="product"><a href="https://www.amazon.com/dp/B0CMBWLTSM?tag=eloabder-20&linkCode=osi&th=1&psc=1"><img src="https://m.media-amazon.com/images/I/41PHqKaLTDL._SL500_.jpg" alt="Product Image"></a><p>18V ONE + Cordless Pet Stick Vacuum Filter for Ryobi, PCL720, PBLSV716, PBLSV717 Stick Vacuum, Reusable Washable Filters, Compare to Part A32SV720N, 6 Pack</p><p>$15.99 ($2.66 / Count)</p><a href="https://www.amazon.com/dp/B0CMBWLTSM?tag=eloabder-20&linkCode=osi&th=1&psc=1">View Product</a></div><div class="product"><a href="https://www.amazon.com/dp/B0CXDYWWT9?tag=eloabder-20&linkCode=osi&th=1&psc=1"><img src="https://m.media-amazon.com/images/I/41F1csTT8jL._SL500_.jpg" alt="Product Image"></a><p>2 Replacement Filters for Craftsman V20 Cordless Stick Vacuum CMCVS001D1, for Black Decker BSVF1 BSV2020 BSV2020G BSV2020P Cordless Stick Vacuum Cleaner with 1 Cleaning Brush</p><p>$14.99</p><a href="https://www.amazon.com/dp/B0CXDYWWT9?tag=eloabder-20&linkCode=osi&th=1&psc=1">View Product</a></div><div class="product"><a href="https://www.amazon.com/dp/B0CCJ5N5DH?tag=eloabder-20&linkCode=osi&th=1&psc=1"><img src="https://m.media-amazon.com/images/I/41xmhDPqk8L._SL500_.jpg" alt="Product Image"></a><p>Aolleteau 1 Pack Brush Roller Compatible with Black + Decker BSV2020, BSV2020P, BSV2020G Powerseries Extreme Cordless Stick Vacuum and Compatible with Craftsman V20 Cordless Stick Vacuum CMCVS001D1</p><p>$17.99</p><a href="https://www.amazon.com/dp/B0CCJ5N5DH?tag=eloabder-20&linkCode=osi&th=1&psc=1">View Product</a></div><div class="product"><a href="https://www.amazon.com/dp/B0CQY61LFD?tag=eloabder-20&linkCode=osi&th=1&psc=1"><img src="https://m.media-amazon.com/images/I/31swBBC444L._SL500_.jpg" alt="Product Image"></a><p>Tablenco for Shark HZ602 Filter Replacement Ultralight Pet Pro Corded Stick Vacuum and HZ2002 Vertex DuoClean PowerFins fit HZ2000 HZ251 HZ250 HH200 HH202,4 Foam Felt 4 Motor Kit (No cleaning brush)</p><p>$9.98</p><a href="https://www.amazon.com/dp/B0CQY61LFD?tag=eloabder-20&linkCode=osi&th=1&psc=1">View Product</a></div><div class="product"><a href="https://www.amazon.com/dp/B09Q55KW8W?tag=eloabder-20&linkCode=osi&th=1&psc=1"><img src="https://m.media-amazon.com/images/I/51MKsJy6nSL._SL500_.jpg" alt="Product Image"></a><p>Anicell 2033 Featherweight Filter for Bissell Featherweight Stick Lightweight Bagless Vacuum 20331 20333 20334 20336 20339 2033M, 4 Mesh Filters 6 Foam Filters Replacement, Replace part# 1611508</p><p>$11.99</p><a href="https://www.amazon.com/dp/B09Q55KW8W?tag=eloabder-20&linkCode=osi&th=1&psc=1">View Product</a></div><div class="product"><a href="https://www.amazon.com/dp/B0CDVG7LHD?tag=eloabder-20&linkCode=osi&th=1&psc=1"><img src="https://m.media-amazon.com/images/I/41hjN1Te6sL._SL500_.jpg" alt="Product Image"></a><p>Moreffi 3 Pack Filter Replacement For HART Cordless Stick Vacuum HPSV01 and HPSV50, Compare to Part Number HASV01</p><p>$19.99 ($6.66 / Count)</p><a href="https://www.amazon.com/dp/B0CDVG7LHD?tag=eloabder-20&linkCode=osi&th=1&psc=1">View Product</a></div>
<div class="product"><a href="https://www.amazon.com/dp/B07DQ9TZC8?tag=eloabder-20&linkCode=osi&th=1&psc=1"><img src="https://m.media-amazon.com/images/I/41PHyZ20FuL._SL500_.jpg" alt="Product Image"></a><p>Kenmore 53294 Style O HEPA Cloth Vacuum Bags for Kenmore Upright Vacuum Cleaners 6 Pack,White</p><p>$20.99 ($3.50 / Count)</p><a href="https://www.amazon.com/dp/B07DQ9TZC8?tag=eloabder-20&linkCode=osi&th=1&psc=1">View Product</a></div><div class="product"><a href="https://www.amazon.com/dp/B08MXVTTT2?tag=eloabder-20&linkCode=osi&th=1&psc=1"><img src="https://m.media-amazon.com/images/I/41T6wRpIMzL._SL500_.jpg" alt="Product Image"></a><p>Kenmore IB600 HEPA Replacement Intuition Upright Vacuum Cleaner Bags for BU4022, BU4020, BU4018, BU4050, BU3040,White</p><p>$18.75</p><a href="https://www.amazon.com/dp/B08MXVTTT2?tag=eloabder-20&linkCode=osi&th=1&psc=1">View Product</a></div><div class="product"><a href="https://www.amazon.com/dp/B01010JVYO?tag=eloabder-20&linkCode=osi&th=1&psc=1"><img src="https://m.media-amazon.com/images/I/51Anluh47GL._SL500_.jpg" alt="Product Image"></a><p>EnviroCare Replacement Micro Filtration Vacuum Cleaner Dust Bags Designed to fit Hoover Windtunnel Upright Type Y 9 pack</p><p>$9.89 ($1.10 / Count)</p><a href="https://www.amazon.com/dp/B01010JVYO?tag=eloabder-20&linkCode=osi&th=1&psc=1">View Product</a></div><div class="product"><a href="https://www.amazon.com/dp/B0D5CP3WBY?tag=eloabder-20&linkCode=osi&th=1&psc=1"><img src="https://m.media-amazon.com/images/I/31MaGmsVOwL._SL500_.jpg" alt="Product Image"></a><p>Bagless Upright Kenmore Vacuum HEPA Filters, Compatible with Foam Filters, Felt Filters and Upright vacuum cleaner for Models K4010,DU2015,DU2012(includes 1 Hepa Filters,2 Foam and 2 Felt Filters)</p><p>$12.99</p><a href="https://www.amazon.com/dp/B0D5CP3WBY?tag=eloabder-20&linkCode=osi&th=1&psc=1">View Product</a></div><div class="product"><a href="https://www.amazon.com/dp/B0CBFV28WX?tag=eloabder-20&linkCode=osi&th=1&psc=1"><img src="https://m.media-amazon.com/images/I/51LIYI0wXSL._SL500_.jpg" alt="Product Image"></a><p>16 Packs Vacuum Bags for Oreck Type CC, Compatible with All Oreck XL Upright Vacuum Cleaner - Replaces Part # CCPK8DW</p><p>$21.99 ($1.37 / Count)</p><a href="https://www.amazon.com/dp/B0CBFV28WX?tag=eloabder-20&linkCode=osi&th=1&psc=1">View Product</a></div><div class="product"><a href="https://www.amazon.com/dp/B00F9GQMHA?tag=eloabder-20&linkCode=osi&th=1&psc=1"><img src="https://m.media-amazon.com/images/I/51lhelurelL._SL500_.jpg" alt="Product Image"></a><p>EnviroCare Replacement Premium Vacuum Cleaner Dust Bags made to fit Eureka F&G Uprights 9 bags</p><p>$11.09</p><a href="https://www.amazon.com/dp/B00F9GQMHA?tag=eloabder-20&linkCode=osi&th=1&psc=1">View Product</a></div><div class="product"><a href="https://www.amazon.com/dp/B002CI8G1I?tag=eloabder-20&linkCode=osi&th=1&psc=1"><img src="https://m.media-amazon.com/images/I/51PYQrQpbSL._SL500_.jpg" alt="Product Image"></a><p>EnviroCare Replacement Micro Filtration Vacuum Cleaner Dust Bags made to fit Kenmore Upright Type U/L/O 50688 and 50690, Panasonic Type U-2, Miele Type Z. 9 pack</p><p>$9.99</p><a href="https://www.amazon.com/dp/B002CI8G1I?tag=eloabder-20&linkCode=osi&th=1&psc=1">View Product</a></div>
<div class="product"><a href="https://www.amazon.com/dp/B07GNQJ67P?tag=eloabder-20&linkCode=osi&th=1&psc=1"><img src="https://m.media-amazon.com/images/I/41XHnKbgjAL._SL500_.jpg" alt="Product Image"></a><p>Kenmore 53292 Type Q HEPA Replacement Dust Bags for Canister Vacuum 81214, 81414, 81714, 21814, BC2005, BC3005, 81615, BC7005, 6 Count (Pack of 1)</p><p>$13.24 ($2.21 / Count)</p><a href="https://www.amazon.com/dp/B07GNQJ67P?tag=eloabder-20&linkCode=osi&th=1&psc=1">View Product</a></div><div class="product"><a href="https://www.amazon.com/dp/B01L0C0FVK?tag=eloabder-20&linkCode=osi&th=1&psc=1"><img src="https://m.media-amazon.com/images/I/51ZIjbo9NVL._SL500_.jpg" alt="Product Image"></a><p>Envirocare Replacement Vacuum Bags Compatible with Kenmore Canister Type C/Q. 5055, 50557 and 50558 Panasonic Type C-5 Vacuums,15 pack</p><p>$16.16</p><a href="https://www.amazon.com/dp/B01L0C0FVK?tag=eloabder-20&linkCode=osi&th=1&psc=1">View Product</a></div><div class="product"><a href="https://www.amazon.com/dp/B0BTRTP2PM?tag=eloabder-20&linkCode=osi&th=1&psc=1"><img src="https://m.media-amazon.com/images/I/41K295aRv9L._SL500_.jpg" alt="Product Image"></a><p>Vacuum Cleaner Bags Fit for Kenmore Canister Type C/Q 50555 50557 50558 and Type C-5, 10PCs</p><p>$15.99</p><a href="https://www.amazon.com/dp/B0BTRTP2PM?tag=eloabder-20&linkCode=osi&th=1&psc=1">View Product</a></div><div class="product"><a href="https://www.amazon.com/dp/B0CRQYGLZX?tag=eloabder-20&linkCode=osi&th=1&psc=1"><img src="https://m.media-amazon.com/images/I/413iXp+j3ML._SL500_.jpg" alt="Product Image"></a><p>15 Pack Canister Vacuum Cleaner Bags Compatible with Kenmore Canister Type C/Q 5055, 50555, 50557, 50558 and Type C-5, C-18, 53292, 200 Series, 400 Series, 600 Series, 700 Series, 800 Series Vacuum</p><p>$11.69</p><a href="https://www.amazon.com/dp/B0CRQYGLZX?tag=eloabder-20&linkCode=osi&th=1&psc=1">View Product</a></div><div class="product"><a href="https://www.amazon.com/dp/B00QGD3SBI?tag=eloabder-20&linkCode=osi&th=1&psc=1"><img src="https://m.media-amazon.com/images/I/51xw0asyqTL._SL500_.jpg" alt="Product Image"></a><p>EnviroCare Replacement Vacuum Bags made to fit Kenmore Canister Type C or Q 50555, 50558, 50557 and Panasonic Type C-5 Vacuums, 9 pack</p><p>$9.79</p><a href="https://www.amazon.com/dp/B00QGD3SBI?tag=eloabder-20&linkCode=osi&th=1&psc=1">View Product</a></div><div class="product"><a href="https://www.amazon.com/dp/B0CQP9NP5N?tag=eloabder-20&linkCode=osi&th=1&psc=1"><img src="https://m.media-amazon.com/images/I/41WnNkTz8zL._SL500_.jpg" alt="Product Image"></a><p>8 Pack Replacement Vacuum Bags Compatible with Kenmore Canister Type C/Q. 5055, 50104, 50557 and 50558 Panasonic Type C-5 Vacuums</p><p>$9.99 ($1.25 / Count)</p><a href="https://www.amazon.com/dp/B0CQP9NP5N?tag=eloabder-20&linkCode=osi&th=1&psc=1">View Product</a></div>
<div class="product"><a href="https://www.amazon.com/dp/B09M3Y2BHR?tag=eloabder-20&linkCode=osi&th=1&psc=1"><img src="https://m.media-amazon.com/images/I/31tevngai1L._SL500_.jpg" alt="Product Image"></a><p>Ymimi Vacuum Filter Compatible with Eureka WhirlWind Bagless Canister Vacuum Cleaner,Fits NEN110A,NEN110B,NEN110Dï¼ˆ2-Packï¼‰</p><p>$11.99 ($6.00 / Count)</p><a href="https://www.amazon.com/dp/B09M3Y2BHR?tag=eloabder-20&linkCode=osi&th=1&psc=1">View Product</a></div><div class="product"><a href="https://www.amazon.com/dp/B07J1WWBHN?tag=eloabder-20&linkCode=osi&th=1&psc=1"><img src="https://m.media-amazon.com/images/I/51gmkDrnR2L._SL500_.jpg" alt="Product Image"></a><p>Bissell Powerforce Helix Bagless Washable Premotor Filter #1608225, Black</p><p>$7.78</p><a href="https://www.amazon.com/dp/B07J1WWBHN?tag=eloabder-20&linkCode=osi&th=1&psc=1">View Product</a></div><div class="product"><a href="https://www.amazon.com/dp/B0BK64TMMK?tag=eloabder-20&linkCode=osi&th=1&psc=1"><img src="https://m.media-amazon.com/images/I/41OBMvET7eL._SL500_.jpg" alt="Product Image"></a><p>Vacuum Belt Replacement for Bissell Cleanview Swivel Pet Upright Bagless/Powerlifter Vacuum Cleaner, fits model: 2252, 2254, 22543, 2258,2259, 2260,2316, 2739, 1793, Parts # 3031120, 32074</p><p>$6.99</p><a href="https://www.amazon.com/dp/B0BK64TMMK?tag=eloabder-20&linkCode=osi&th=1&psc=1">View Product</a></div><div class="product"><a href="https://www.amazon.com/dp/B0BKKL3WRB?tag=eloabder-20&linkCode=osi&th=1&psc=1"><img src="https://m.media-amazon.com/images/I/410jMe-FjIL._SL500_.jpg" alt="Product Image"></a><p>Aolleteau F1 HEPA Filter Compatible with Dirt Devil Bagless Upright Cleaner Models Extra Lite, Breeze, Featherlite Bagless, Jaguar Bagless,Platinum Force Vision, Scorpion and Vision Bagless (2 Pack)</p><p>$13.99 ($7.00 / Count)</p><a href="https://www.amazon.com/dp/B0BKKL3WRB?tag=eloabder-20&linkCode=osi&th=1&psc=1">View Product</a></div><div class="product"><a href="https://www.amazon.com/dp/B09SG1P4WN?tag=eloabder-20&linkCode=osi&th=1&psc=1"><img src="https://m.media-amazon.com/images/I/51+Mr+Wq5ML._SL500_.jpg" alt="Product Image"></a><p>NEN110A Vacuum Filter, Inlet Frame and Sponge Filter Compatible with Eureka Whirlwind Bagless Canister Vacuum Cleaner, Fits NEN110A, NEN110B, NEN110D(4-Pack)</p><p>$15.99 ($4.00 / Count)</p><a href="https://www.amazon.com/dp/B09SG1P4WN?tag=eloabder-20&linkCode=osi&th=1&psc=1">View Product</a></div>
<div class="product"><a href="https://www.amazon.com/dp/B07GT9VB9X?tag=eloabder-20&linkCode=osi&th=1&psc=1"><img src="https://m.media-amazon.com/images/I/41IokheYtNL._SL500_.jpg" alt="Product Image"></a><p>6 Pack 1940 Bissell Steam Mop Pads for Bissell PowerFresh Steam Mop 1806 1544 1440 2075A 2685A 1940W 19404 Series, Model 19402 19408 1940a 1940f 1940q 1940t B0006 B0017, Part #5938#203-2633</p><p>$16.99 ($2.83 / Count)</p><a href="https://www.amazon.com/dp/B07GT9VB9X?tag=eloabder-20&linkCode=osi&th=1&psc=1">View Product</a></div><div class="product"><a href="https://www.amazon.com/dp/B07H3MYZLD?tag=eloabder-20&linkCode=osi&th=1&psc=1"><img src="https://m.media-amazon.com/images/I/511p6MPxQ0L._SL500_.jpg" alt="Product Image"></a><p>Flammi Steam Pocket Mop Replacement Pads for Shark S3500 Series S3501 S3601 S3550 S3901 SE450 S3801CO S3601D S2901 S2902 Steam Pocket Mop, 4 Pack</p><p>$16.97 ($4.24 / Count)</p><a href="https://www.amazon.com/dp/B07H3MYZLD?tag=eloabder-20&linkCode=osi&th=1&psc=1">View Product</a></div><div class="product"><a href="https://www.amazon.com/dp/B0C8SH97HN?tag=eloabder-20&linkCode=osi&th=1&psc=1"><img src="https://m.media-amazon.com/images/I/31Mex4y7odL._SL500_.jpg" alt="Product Image"></a><p>HOMEXCEL Steam Mop Replacement Pads Compatible with Bissell Powerfresh Steam Mop 1940 1806 1440 1544 Series, Model 19402 19404 19408 2685A 2075A 1940A 1940Q 1940T 1940W, Steam Mop Pads Refills,4 Pack</p><p>$9.99 ($2.50 / Count)</p><a href="https://www.amazon.com/dp/B0C8SH97HN?tag=eloabder-20&linkCode=osi&th=1&psc=1">View Product</a></div><div class="product"><a href="https://www.amazon.com/dp/B0BFWTXS33?tag=eloabder-20&linkCode=osi&th=1&psc=1"><img src="https://m.media-amazon.com/images/I/51pa2h7o0EL._SL500_.jpg" alt="Product Image"></a><p>12 Pack 1940 Steam Mop Replacement Pads for Bissell Powerfresh Steam Mop 1940 1440 1806 1544 2075 2685A 2814 Series, Model 19402 19404 19408 19409 1940A 1940F 1940Q 1940T 1940W B0006 B0017 2075A 15441</p><p>$24.99</p><a href="https://www.amazon.com/dp/B0BFWTXS33?tag=eloabder-20&linkCode=osi&th=1&psc=1">View Product</a></div><div class="product"><a href="https://www.amazon.com/dp/B0CLP5QGTY?tag=eloabder-20&linkCode=osi&th=1&psc=1"><img src="https://m.media-amazon.com/images/I/414HqpKde9L._SL500_.jpg" alt="Product Image"></a><p>10 Pack 1940 1806 2685A Steam Mop Pads For Bissell Powerfresh Steam Mop Deluxe Pet Lift-Off Plus Slim Scrubbing Steam Mop Replacement Pad 1940A 2814 1544A 2075A Power Fresh Steamer Pad Refill Washable</p><p>$22.99 ($2.30 / Count)</p><a href="https://www.amazon.com/dp/B0CLP5QGTY?tag=eloabder-20&linkCode=osi&th=1&psc=1">View Product</a></div><div class="product"><a href="https://www.amazon.com/dp/B078BBKBPV?tag=eloabder-20&linkCode=osi&th=1&psc=1"><img src="https://m.media-amazon.com/images/I/51WcJqtOUIL._SL500_.jpg" alt="Product Image"></a><p>Tidy Monster Steam Mop Replacement Pads Compatible with Bissell Powerfresh Steam Mop 1940 1806 1544 1440 2075A 2685A Series, Part # 5938 & 203-2633, 1606668 & 1606669 (4 Pack Scrub Plush)</p><p>$9.99</p><a href="https://www.amazon.com/dp/B078BBKBPV?tag=eloabder-20&linkCode=osi&th=1&psc=1">View Product</a></div><div class="product"><a href="https://www.amazon.com/dp/B00A6G37SU?tag=eloabder-20&linkCode=osi&th=1&psc=1"><img src="https://m.media-amazon.com/images/I/51xo0LB-SpL._SL500_.jpg" alt="Product Image"></a><p>BISSELL PowerFresh Steam Mop Pads (Pack of 2) with Fragrance discs (4 ct), 5938</p><p>$21.26 ($10.63 / Count)</p><a href="https://www.amazon.com/dp/B00A6G37SU?tag=eloabder-20&linkCode=osi&th=1&psc=1">View Product</a></div>
<div class="product"><a href="https://www.amazon.com/dp/B0D2QFVY7H?tag=eloabder-20&linkCode=osi&th=1&psc=1"><img src="https://m.media-amazon.com/images/I/417B7H+vvML._SL500_.jpg" alt="Product Image"></a><p>Kenmore KS1010 Deep Clean & Revitalize Pet Carpet Cleaner Formula, 64 oz, White, 64 Fl Oz</p><p>$22.73 ($0.36 / Fl Oz)</p><a href="https://www.amazon.com/dp/B0D2QFVY7H?tag=eloabder-20&linkCode=osi&th=1&psc=1">View Product</a></div><div class="product"><a href="https://www.amazon.com/dp/B0BNK8ZJJ1?tag=eloabder-20&linkCode=osi&th=1&psc=1"><img src="https://m.media-amazon.com/images/I/51z0Pc4xcNL._SL500_.jpg" alt="Product Image"></a><p>Bissell Spotlifter Pet Carpet and Upholstery Cleaner with Brush Head - 4 Pack, 93523</p><p>$23.88 ($0.50 / Fl Oz)</p><a href="https://www.amazon.com/dp/B0BNK8ZJJ1?tag=eloabder-20&linkCode=osi&th=1&psc=1">View Product</a></div><div class="product"><a href="https://www.amazon.com/dp/B0CX245D26?tag=eloabder-20&linkCode=osi&th=1&psc=1"><img src="https://m.media-amazon.com/images/I/411CSXvvO1L._SL500_.jpg" alt="Product Image"></a><p>BISSELLÂ® Spot & Stain with Febreze + Gain Original Scent Formula for Little Green Devices, Portable Carpet Cleaners (3968)</p><p>$12.99 ($0.41 / Fl Oz)</p><a href="https://www.amazon.com/dp/B0CX245D26?tag=eloabder-20&linkCode=osi&th=1&psc=1">View Product</a></div><div class="product"><a href="https://www.amazon.com/dp/B083VZW4R5?tag=eloabder-20&linkCode=osi&th=1&psc=1"><img src="https://m.media-amazon.com/images/I/413BULPLmBL._SL500_.jpg" alt="Product Image"></a><p>BISSELL Multi-Surface Pet Formula with Febreze Freshness for Crosswave (80 oz), 2295L</p><p>$22.99 ($0.29 / Fl Oz)</p><a href="https://www.amazon.com/dp/B083VZW4R5?tag=eloabder-20&linkCode=osi&th=1&psc=1">View Product</a></div><div class="product"><a href="https://www.amazon.com/dp/B0D2RGW219?tag=eloabder-20&linkCode=osi&th=1&psc=1"><img src="https://m.media-amazon.com/images/I/41gD+82tnAL._SL500_.jpg" alt="Product Image"></a><p>Vacmaster Clean & Restore Carpet Cleaner Formula â€“ CCS03</p><p>$19.99 ($0.31 / Fl Oz)</p><a href="https://www.amazon.com/dp/B0D2RGW219?tag=eloabder-20&linkCode=osi&th=1&psc=1">View Product</a></div>






<div class="product"><a href="https://www.amazon.com/dp/B0BY64HQTP?tag=eloabder-20&linkCode=osi&th=1&psc=1"><img src="https://m.media-amazon.com/images/I/41hUxHuASYL._SL500_.jpg" alt="Product Image"></a><p>Air Conditioning Motor WZDK13-38G-1(RD-310-13-8) DC Brushless Fan Motor, 13W Inverter air Conditioner Motor DC Motor for Central air Conditioner</p><p>$39.95</p><a href="https://www.amazon.com/dp/B0BY64HQTP?tag=eloabder-20&linkCode=osi&th=1&psc=1">View Product</a></div><div class="product"><a href="https://www.amazon.com/dp/B0CM5YB884?tag=eloabder-20&linkCode=osi&th=1&psc=1"><img src="https://m.media-amazon.com/images/I/310lQ2tAvLL._SL500_.jpg" alt="Product Image"></a><p>Sparkfix OEM WZDK20-38G (ZKFP-20-8-6) Air Conditioner Replacement Motors DC280V 20W Air Conditioning Fan Motor Inverter Air Conditioner Brushless DC Motor 1300RPM CCW</p><p>$42.79</p><a href="https://www.amazon.com/dp/B0CM5YB884?tag=eloabder-20&linkCode=osi&th=1&psc=1">View Product</a></div>













<div class="product"><a href="https://www.amazon.com/dp/B009PCI2JU?tag=eloabder-20&linkCode=osi&th=1&psc=1"><img src="https://m.media-amazon.com/images/I/310ZJurANUL._SL500_.jpg" alt="Product Image"></a><p>GE RPWFE Refrigerator Water Filter | Certified to Reduce Lead, Sulfur, and 50+ Other Impurities | Replace Every 6 Months for Best Results | Pack of 1</p><p>$49.98</p><a href="https://www.amazon.com/dp/B009PCI2JU?tag=eloabder-20&linkCode=osi&th=1&psc=1">View Product</a></div><div class="product"><a href="https://www.amazon.com/dp/B0882ZJ48W?tag=eloabder-20&linkCode=osi&th=1&psc=1"><img src="https://m.media-amazon.com/images/I/41110o9sUoL._SL500_.jpg" alt="Product Image"></a><p>GE XWFE Refrigerator Water Filter | Certified to Reduce Lead, Sulfur, and 50+ Other Impurities | Replace Every 6 Months for Best Results | Pack of 1, White</p><p>$49.00</p><a href="https://www.amazon.com/dp/B0882ZJ48W?tag=eloabder-20&linkCode=osi&th=1&psc=1">View Product</a></div><div class="product"><a href="https://www.amazon.com/dp/B074HLRXMP?tag=eloabder-20&linkCode=osi&th=1&psc=1"><img src="https://m.media-amazon.com/images/I/21oDpGCQXiL._SL500_.jpg" alt="Product Image"></a><p>LG LT1000P - 6 Month / 200 Gallon Capacity Replacement Refrigerator Water Filter (NSF42, NSF53, and NSF401) ADQ74793501, ADQ75795105, or AGF80300704 , White</p><p>$47.00</p><a href="https://www.amazon.com/dp/B074HLRXMP?tag=eloabder-20&linkCode=osi&th=1&psc=1">View Product</a></div><div class="product"><a href="https://www.amazon.com/dp/B01BKWSHHE?tag=eloabder-20&linkCode=osi&th=1&psc=1"><img src="https://m.media-amazon.com/images/I/31E2+zlkvjL._SL500_.jpg" alt="Product Image"></a><p>Frigidaire EPTWFU01 Water Filtration Filter, 1 Count, White</p><p>$42.99</p><a href="https://www.amazon.com/dp/B01BKWSHHE?tag=eloabder-20&linkCode=osi&th=1&psc=1">View Product</a></div><div class="product"><a href="https://www.amazon.com/dp/B08V6JB9R7?tag=eloabder-20&linkCode=osi&th=1&psc=1"><img src="https://m.media-amazon.com/images/I/31PRPEffCZL._SL500_.jpg" alt="Product Image"></a><p>Frigidaire FPPWFU01 PurePour PWF-1 Water Filter 1 Count (Pack of 1)</p><p>$45.81</p><a href="https://www.amazon.com/dp/B08V6JB9R7?tag=eloabder-20&linkCode=osi&th=1&psc=1">View Product</a></div><div class="product"><a href="https://www.amazon.com/dp/B000AST3AK?tag=eloabder-20&linkCode=osi&th=1&psc=1"><img src="https://m.media-amazon.com/images/I/41DUoSxpwTS._SL500_.jpg" alt="Product Image"></a><p>GE MWF Refrigerator Water Filter | Certified to Reduce Lead, Sulfur, and 50+ Other Impurities | Replace Every 6 Months for Best Results | Pack of 1</p><p>$39.98</p><a href="https://www.amazon.com/dp/B000AST3AK?tag=eloabder-20&linkCode=osi&th=1&psc=1">View Product</a></div><div class="product"><a href="https://www.amazon.com/dp/B0CFZR7K8D?tag=eloabder-20&linkCode=osi&th=1&psc=1"><img src="https://m.media-amazon.com/images/I/31WM5sdhKLL._SL500_.jpg" alt="Product Image"></a><p>HMASAV W10295370A water filter replacement, Compatible with EDR1RXD1,EDR1RXD1B,W10295370,Filter 1,WHR1RXD1,KAD1RXD1,P4RFWB,P8RFWB2L,46-9930,46-9081 2PACK</p><p>$29.99 ($15.00 / Count)</p><a href="https://www.amazon.com/dp/B0CFZR7K8D?tag=eloabder-20&linkCode=osi&th=1&psc=1">View Product</a></div><div class="product"><a href="https://www.amazon.com/dp/B07JM9TTTT?tag=eloabder-20&linkCode=osi&th=1&psc=1"><img src="https://m.media-amazon.com/images/I/41CfAtJ8TPL._SL500_.jpg" alt="Product Image"></a><p>GLACIER FRESH LT1000PC Replacement Water Filter, Compatible with LT1000PC/PCS, LT1000PC, LT-1000PC, MDJ64844601, ADQ747935 ADQ74793504 Filter and LT120F ADQ73334008 Fresh Air (3+3)</p><p>$39.99 ($13.33 / Count)</p><a href="https://www.amazon.com/dp/B07JM9TTTT?tag=eloabder-20&linkCode=osi&th=1&psc=1">View Product</a></div><div class="product"><a href="https://www.amazon.com/dp/B003N1ZSYG?tag=eloabder-20&linkCode=osi&th=1&psc=1"><img src="https://m.media-amazon.com/images/I/31Mbrkrxu1L._SL500_.jpg" alt="Product Image"></a><p>SAMSUNG Genuine Filter for Refrigerator Water and Ice, Carbon Block Filtration for Clean, Clear Drinking Water, 6-Month Life, HAF-CIN/EXP, 1 Pack</p><p>$39.99</p><a href="https://www.amazon.com/dp/B003N1ZSYG?tag=eloabder-20&linkCode=osi&th=1&psc=1">View Product</a></div>









<div class="product"><a href="https://www.amazon.com/dp/B0B2NZ47HN?tag=eloabder-20&linkCode=osi&th=1&psc=1"><img src="https://m.media-amazon.com/images/I/41nC6c2XxJL._SL500_.jpg" alt="Product Image"></a><p>OTE Portable Sparkling Water Maker Soda Maker Machine for home with 20PCS Cylinders 450ml Personal seltzer Carbonators Electroless Double Layer PET Bottle BPA Free Double Pressure Relief Valves -Pink</p><p>$49.99</p><a href="https://www.amazon.com/dp/B0B2NZ47HN?tag=eloabder-20&linkCode=osi&th=1&psc=1">View Product</a></div><div class="product"><a href="https://www.amazon.com/dp/B09DY54L7M?tag=eloabder-20&linkCode=osi&th=1&psc=1"><img src="https://m.media-amazon.com/images/I/31LSpnm3G8L._SL500_.jpg" alt="Product Image"></a><p>MOSOLAN Bottle Cleaning Brush, 17 Inches Extra Long Handle Water Bottle Brush, Flexible Bendable Cleaner for Washing Narrow Neck Bottles, Wine Decanter, Kombucha, Pipes, Beer Brewing Supplies, 2 Pack</p><p>$11.95 ($5.98 / Count)</p><a href="https://www.amazon.com/dp/B09DY54L7M?tag=eloabder-20&linkCode=osi&th=1&psc=1">View Product</a></div><div class="product"><a href="https://www.amazon.com/dp/B0736CBNDN?tag=eloabder-20&linkCode=osi&th=1&psc=1"><img src="https://m.media-amazon.com/images/I/41tWXmwP5KL._SL500_.jpg" alt="Product Image"></a><p>#2 Filter Pads (10 Pack Bulk) Compatible with Mini Jet Machine | #2 1.8-2.5 micron | 2 Micron Filtering pads. Filter Wine Beer, Kombucha, Mead Mash. Polishing filtration| Not a Buon Vino product.</p><p>$18.99</p><a href="https://www.amazon.com/dp/B0736CBNDN?tag=eloabder-20&linkCode=osi&th=1&psc=1">View Product</a></div>









<div class="product"><a href="https://www.amazon.com/dp/B07YGN577Y?tag=eloabder-20&linkCode=osi&th=1&psc=1"><img src="https://m.media-amazon.com/images/I/31kfZiyDMUL._SL500_.jpg" alt="Product Image"></a><p>9870163 Trash Power Nut WP9870163 L8</p><p>$50.36</p><a href="https://www.amazon.com/dp/B07YGN577Y?tag=eloabder-20&linkCode=osi&th=1&psc=1">View Product</a></div>

<div class="product"><a href="https://www.amazon.com/dp/B0CWQLM4C7?tag=eloabder-20&linkCode=osi&th=1&psc=1"><img src="https://m.media-amazon.com/images/I/41gTEIOjtlL._SL500_.jpg" alt="Product Image"></a><p>7" Seven Seconds Lazy Kitchen Food Making Tools - Multifunctional Fruit Vegetable Chopper Quick Garlic Peeling Machine Convenient Food Chopper for Slicing,Juice,Grinding</p><p>$32.99</p><a href="https://www.amazon.com/dp/B0CWQLM4C7?tag=eloabder-20&linkCode=osi&th=1&psc=1">View Product</a></div>







<div class="product"><a href="https://www.amazon.com/dp/B0CNKFM9WR?tag=eloabder-20&linkCode=osi&th=1&psc=1"><img src="https://m.media-amazon.com/images/I/31sGGIDic9L._SL500_.jpg" alt="Product Image"></a><p>hobbyme Pack of 4 Plastic Coffee Scoops with Brush & Espresso Grinder Brush for Ground Coffee Cleaning Tea Power Coffee Grinder Spoon</p><p>$6.49</p><a href="https://www.amazon.com/dp/B0CNKFM9WR?tag=eloabder-20&linkCode=osi&th=1&psc=1">View Product</a></div>





<div class="product"><a href="https://www.amazon.com/dp/B07798328B?tag=eloabder-20&linkCode=osi&th=1&psc=1"><img src="https://m.media-amazon.com/images/I/31Vpin+sgUS._SL500_.jpg" alt="Product Image"></a><p>Prime-Line MP10513 Standard Plastic Ice Cube Trays (5 Pack)</p><p>$12.69</p><a href="https://www.amazon.com/dp/B07798328B?tag=eloabder-20&linkCode=osi&th=1&psc=1">View Product</a></div><div class="product"><a href="https://www.amazon.com/dp/B077965JDB?tag=eloabder-20&linkCode=osi&th=1&psc=1"><img src="https://m.media-amazon.com/images/I/31H1hNlH6RL._SL500_.jpg" alt="Product Image"></a><p>Prime-Line MP10863 Standard Plastic Ice Cube Trays (2 Pack)</p><p>$9.69</p><a href="https://www.amazon.com/dp/B077965JDB?tag=eloabder-20&linkCode=osi&th=1&psc=1">View Product</a></div>

<div class="product"><a href="https://www.amazon.com/dp/B08MPLY84K?tag=eloabder-20&linkCode=osi&th=1&psc=1"><img src="https://m.media-amazon.com/images/I/31kWTfzQJBL._SL500_.jpg" alt="Product Image"></a><p>Syntus Vacuum Sealer Bags, 6 Pack 3 Rolls 11" x 20' and 3 Rolls 8" x 20' Commercial Grade BPA Free Bag Rolls, Food Vac Bags for Storage, Meal Prep or Sous Vide</p><p>$19.99</p><a href="https://www.amazon.com/dp/B08MPLY84K?tag=eloabder-20&linkCode=osi&th=1&psc=1">View Product</a></div><div class="product"><a href="https://www.amazon.com/dp/B0C5BWRMQL?tag=eloabder-20&linkCode=osi&th=1&psc=1"><img src="https://m.media-amazon.com/images/I/41yPpkb6oeL._SL500_.jpg" alt="Product Image"></a><p>Bonsenkitchen Vacuum Sealer Rolls Bags, 6 Pack 3 Rolls 11" x 20' + 3 Rolls 8" x 20' Commercial Grade BPA Free Bag Rolls, Durable Customized Size Food Vac Bags for Storage and Sous Vide Cooking VB3211</p><p>$19.99 ($3.33 / Count)</p><a href="https://www.amazon.com/dp/B0C5BWRMQL?tag=eloabder-20&linkCode=osi&th=1&psc=1">View Product</a></div><div class="product"><a href="https://www.amazon.com/dp/B0C5C1JTC4?tag=eloabder-20&linkCode=osi&th=1&psc=1"><img src="https://m.media-amazon.com/images/I/31JpyYsm7YL._SL500_.jpg" alt="Product Image"></a><p>Bonsenkitchen Vacuum Food Sealer Bags 200 Quart 8" x 12", BPA Free, Commercial Grade Textured Food Vacuum Sealer Bag, Thick Embossed Bags for Food Storage and Sous Vide Cooking VB3208</p><p>$18.39 ($0.09 / Count)</p><a href="https://www.amazon.com/dp/B0C5C1JTC4?tag=eloabder-20&linkCode=osi&th=1&psc=1">View Product</a></div><div class="product"><a href="https://www.amazon.com/dp/B07TMZDGQ1?tag=eloabder-20&linkCode=osi&th=1&psc=1"><img src="https://m.media-amazon.com/images/I/31cRCu-JIsL._SL500_.jpg" alt="Product Image"></a><p>Wevac Vacuum Sealer Bags 11x50 Rolls 2 pack for Food Saver, Seal a Meal, Weston. Commercial Grade, BPA Free, Heavy Duty, Great for vac storage, Meal Prep or Sous Vide</p><p>$20.99 ($0.21 / Count)</p><a href="https://www.amazon.com/dp/B07TMZDGQ1?tag=eloabder-20&linkCode=osi&th=1&psc=1">View Product</a></div><div class="product"><a href="https://www.amazon.com/dp/B07TV4KRCL?tag=eloabder-20&linkCode=osi&th=1&psc=1"><img src="https://m.media-amazon.com/images/I/31uv3qtc9bL._SL500_.jpg" alt="Product Image"></a><p>Wevac Vacuum Sealer Bags 100 Gallon 11x16 Inch for Food Saver, Seal a Meal, Weston. Commercial Grade, BPA Free, Heavy Duty, Great for vac storage, Meal Prep and Sous Vide</p><p>$21.24</p><a href="https://www.amazon.com/dp/B07TV4KRCL?tag=eloabder-20&linkCode=osi&th=1&psc=1">View Product</a></div>


<div class="product"><a href="https://www.amazon.com/dp/B093G5XCVF?tag=eloabder-20&linkCode=osi&th=1&psc=1"><img src="https://m.media-amazon.com/images/I/313Cq6ASf0S._SL500_.jpg" alt="Product Image"></a><p>2 Multipurpose Pastry Brush Basting & Coffee Grinders Cleaning Brush Wooden Handle Natural Boar Bristles Baking Cooking Sauce egg wash Bakery Supply Espresso Bean Barista</p><p>$7.21</p><a href="https://www.amazon.com/dp/B093G5XCVF?tag=eloabder-20&linkCode=osi&th=1&psc=1">View Product</a></div><div class="product"><a href="https://www.amazon.com/dp/B07JGRYG31?tag=eloabder-20&linkCode=osi&th=1&psc=1"><img src="https://m.media-amazon.com/images/I/31nd-jhgzdL._SL500_.jpg" alt="Product Image"></a><p>Coffee Grinder Cleaning Brush + Coffee Brush Wood Handle & Natural Bristles Pastry Brush</p><p>$5.99</p><a href="https://www.amazon.com/dp/B07JGRYG31?tag=eloabder-20&linkCode=osi&th=1&psc=1">View Product</a></div><div class="product"><a href="https://www.amazon.com/dp/B0C53G4T7X?tag=eloabder-20&linkCode=osi&th=1&psc=1"><img src="https://m.media-amazon.com/images/I/21Hrgmpj8YL._SL500_.jpg" alt="Product Image"></a><p>Leadigol Cleaning Tool Coffee Machine Home Pastry Brush Multifunctional Wooden Handle Baking Soft Bristles Coffee Grinder Brush</p><p>$7.99</p><a href="https://www.amazon.com/dp/B0C53G4T7X?tag=eloabder-20&linkCode=osi&th=1&psc=1">View Product</a></div><div class="product"><a href="https://www.amazon.com/dp/B07W5WM2LF?tag=eloabder-20&linkCode=osi&th=1&psc=1"><img src="https://m.media-amazon.com/images/I/41-7fWE9tSL._SL500_.jpg" alt="Product Image"></a><p>Redecker Waffle Machine Brush with Oiled Beechwood Handle, Stiff Heat-resistant Tampico Fiber Bristles, 6-1/2 inches, Made in Germany</p><p>$21.99</p><a href="https://www.amazon.com/dp/B07W5WM2LF?tag=eloabder-20&linkCode=osi&th=1&psc=1">View Product</a></div>






Aucun rÃ©sultat trouvÃ©.


<div class="product"><a href="https://www.amazon.com/dp/B00LQKZQAW?tag=eloabder-20&linkCode=osi&th=1&psc=1"><img src="https://m.media-amazon.com/images/I/31nBii+cbiL._SL500_.jpg" alt="Product Image"></a><p>Electrolux 5308000716 Dish Replacement , White</p><p>$17.16</p><a href="https://www.amazon.com/dp/B00LQKZQAW?tag=eloabder-20&linkCode=osi&th=1&psc=1">View Product</a></div><div class="product"><a href="https://www.amazon.com/dp/B09BBPTSNK?tag=eloabder-20&linkCode=osi&th=1&psc=1"><img src="https://m.media-amazon.com/images/I/41kdVEnPDTL._SL500_.jpg" alt="Product Image"></a><p>Judeeâ€™s Butter Powder 5 lb - 100% Non-GMO and Keto-Friendly - rBST Hormone-Free - Gluten-Free and Nut-Free - Made from 100% Real Butter - Baking Ready Ingredient - Made in USA</p><p>$59.99 ($0.75 / Ounce)</p><a href="https://www.amazon.com/dp/B09BBPTSNK?tag=eloabder-20&linkCode=osi&th=1&psc=1">View Product</a></div>
<div class="product"><a href="https://www.amazon.com/dp/B0C1G9K19X?tag=eloabder-20&linkCode=osi&th=1&psc=1"><img src="https://m.media-amazon.com/images/I/41OVBrQ1wFL._SL500_.jpg" alt="Product Image"></a><p>Coffee Cup Design Coffee Filter Holder, Coffee Paper Rack Stand, Metal Coffee Filter Container Stand, Coffee Bar Accessories Vertical Paper Towel Napkin Holder for Cone Square Fan Shaped Size (Black)</p><p>$8.99</p><a href="https://www.amazon.com/dp/B0C1G9K19X?tag=eloabder-20&linkCode=osi&th=1&psc=1">View Product</a></div><div class="product"><a href="https://www.amazon.com/dp/B07TP1YN7G?tag=eloabder-20&linkCode=osi&th=1&psc=1"><img src="https://m.media-amazon.com/images/I/41BpYdpRyaL._SL500_.jpg" alt="Product Image"></a><p>CAFEMASY Coffee Filter Holder Storage Coffee Filter Paper Dispenser Rack with Dustproof Cover for V60 and Cone Coffee Filters</p><p>$9.99</p><a href="https://www.amazon.com/dp/B07TP1YN7G?tag=eloabder-20&linkCode=osi&th=1&psc=1">View Product</a></div><div class="product"><a href="https://www.amazon.com/dp/B0BFCTW7MY?tag=eloabder-20&linkCode=osi&th=1&psc=1"><img src="https://m.media-amazon.com/images/I/31s709IEZkL._SL500_.jpg" alt="Product Image"></a><p>Coffee Filter Holder, watchget Reusable Coffee Paper Filter Storage Bag for Cone-shaped Filter Papers V60 Waterproof Canvas Suitable for Outdoor Camping Traveling(02)</p><p>$11.99</p><a href="https://www.amazon.com/dp/B0BFCTW7MY?tag=eloabder-20&linkCode=osi&th=1&psc=1">View Product</a></div>





<div class="product"><a href="https://www.amazon.com/dp/B0CTJD9VK7?tag=eloabder-20&linkCode=osi&th=1&psc=1"><img src="https://m.media-amazon.com/images/I/31pqr-gIt8L._SL500_.jpg" alt="Product Image"></a><p>[4 Pack] Water Bottle Brush & Straw Cleaner Set,Stainless Steel Long Handle Baby Bottle Scrub Cleaning Brush for Sports Bottles, Cups, Dishes, Coffee Mugs, Glasswares, Tumblers, Wine Decanters</p><p>$6.50</p><a href="https://www.amazon.com/dp/B0CTJD9VK7?tag=eloabder-20&linkCode=osi&th=1&psc=1">View Product</a></div>




<div class="product"><a href="https://www.amazon.com/dp/B0BQSPKDN4?tag=eloabder-20&linkCode=osi&th=1&psc=1"><img src="https://m.media-amazon.com/images/I/416EnQJjKDL._SL500_.jpg" alt="Product Image"></a><p>Teflon Sheets for Baking (3-Pack) Bundled with ninja foodi air fryer liners (1-Pack) - Baking Sheets for Oven and Air Fryer Oven Mat 12" x 12" - Reusable & Heat Resistant</p><p>$9.99</p><a href="https://www.amazon.com/dp/B0BQSPKDN4?tag=eloabder-20&linkCode=osi&th=1&psc=1">View Product</a></div>














<div class="product"><a href="https://www.amazon.com/dp/B00UTFZAII?tag=eloabder-20&linkCode=osi&th=1&psc=1"><img src="https://m.media-amazon.com/images/I/31z7hZ6KbXL._SL500_.jpg" alt="Product Image"></a><p>Miele 10123210 AirClean 3D Efficiency Dust Bag, Type GN, 4 Bags & 2 Filters, White</p><p>$21.86 ($21.86 / Count)</p><a href="https://www.amazon.com/dp/B00UTFZAII?tag=eloabder-20&linkCode=osi&th=1&psc=1">View Product</a></div><div class="product"><a href="https://www.amazon.com/dp/B07WHG6J5S?tag=eloabder-20&linkCode=osi&th=1&psc=1"><img src="https://m.media-amazon.com/images/I/41hnaEOxB9L._SL500_.jpg" alt="Product Image"></a><p>KEEPOW Vacuum Filters for Eureka, Power Speed Vacuum Filters Replacement for Eureka NEU182A, NEU182B, NEU280, NEU180, NEU181, NEU188, NEU202 Bagless Upright Vacuum Cleaner, Part E0202 (4 Pack)</p><p>$9.99 ($2.50 / Count)</p><a href="https://www.amazon.com/dp/B07WHG6J5S?tag=eloabder-20&linkCode=osi&th=1&psc=1">View Product</a></div><div class="product"><a href="https://www.amazon.com/dp/B00UTFZB82?tag=eloabder-20&linkCode=osi&th=1&psc=1"><img src="https://m.media-amazon.com/images/I/41WdlL5T0dL._SL500_.jpg" alt="Product Image"></a><p>Miele AirClean 3D Efficiency Dust Bag, Type FJM, 4 Bags & 2 Filters, White</p><p>$18.99</p><a href="https://www.amazon.com/dp/B00UTFZB82?tag=eloabder-20&linkCode=osi&th=1&psc=1">View Product</a></div><div class="product"><a href="https://www.amazon.com/dp/B09NKP346M?tag=eloabder-20&linkCode=osi&th=1&psc=1"><img src="https://m.media-amazon.com/images/I/41o25nqkODL._SL500_.jpg" alt="Product Image"></a><p>Anewise 6 Pack Filter Replacement for Bissell Powerforce Compact Lightweight Upright 2112 1520 for Bissel Turbo Bagless 2690 Cleanview 3437 3508 Vacuum Cleaner, Compare to Parts #1604896/160-4896</p><p>$12.99</p><a href="https://www.amazon.com/dp/B09NKP346M?tag=eloabder-20&linkCode=osi&th=1&psc=1">View Product</a></div><div class="product"><a href="https://www.amazon.com/dp/B01MQ5NITB?tag=eloabder-20&linkCode=osi&th=1&psc=1"><img src="https://m.media-amazon.com/images/I/41J6lG4H1bL._SL500_.jpg" alt="Product Image"></a><p>Bissell Style 7 3 Pack Vacuum Cleaner Bags, White, 3 Count</p><p>$8.69 ($2.90 / Count)</p><a href="https://www.amazon.com/dp/B01MQ5NITB?tag=eloabder-20&linkCode=osi&th=1&psc=1">View Product</a></div><div class="product"><a href="https://www.amazon.com/dp/B0CDH1JY5D?tag=eloabder-20&linkCode=osi&th=1&psc=1"><img src="https://m.media-amazon.com/images/I/516DPXu4siL._SL500_.jpg" alt="Product Image"></a><p>4 Pack Replacement Filters Compatiable with Wyze Cordless Vacuum Cleaner, Removable and Washable HEPA Filter Accessories Part Set with 1 Cleaning Brush for Wyze Handheld Cordless Vacuum Cleaner</p><p>$15.99 ($4.00 / Count)</p><a href="https://www.amazon.com/dp/B0CDH1JY5D?tag=eloabder-20&linkCode=osi&th=1&psc=1">View Product</a></div><div class="product"><a href="https://www.amazon.com/dp/B07P3WB37F?tag=eloabder-20&linkCode=osi&th=1&psc=1"><img src="https://m.media-amazon.com/images/I/51WaYrkiVXL._SL500_.jpg" alt="Product Image"></a><p>Miele AirClean 3D Efficiency Dust Bag, Type GN, XL Value Pack, 8 Bags and 4 Filters</p><p>$36.99</p><a href="https://www.amazon.com/dp/B07P3WB37F?tag=eloabder-20&linkCode=osi&th=1&psc=1">View Product</a></div><div class="product"><a href="https://www.amazon.com/dp/B09DSY4Z2T?tag=eloabder-20&linkCode=osi&th=1&psc=1"><img src="https://m.media-amazon.com/images/I/51+ref3EeAL._SL500_.jpg" alt="Product Image"></a><p>Filter Replacement for Tineco A10 A11 Hero A10/A11 Master PURE ONE S11 Series, S12, X Cordless Vacuum Cleaner (3 PACK) â€¦</p><p>$12.99 ($4.33 / Count)</p><a href="https://www.amazon.com/dp/B09DSY4Z2T?tag=eloabder-20&linkCode=osi&th=1&psc=1">View Product</a></div>


<div class="product"><a href="https://www.amazon.com/dp/B0BXRR5QFV?tag=eloabder-20&linkCode=osi&th=1&psc=1"><img src="https://m.media-amazon.com/images/I/41sjdBkCp8L._SL500_.jpg" alt="Product Image"></a><p>AC Infinity CLOUDFORGE T7, Plant Humidifier 15L with VPD Humidity Controls, 10-Level Precision Vaporizer, Extendable Hose, Targeting Pipe, and No-Leak Seal for Grow Tents</p><p>$159.00</p><a href="https://www.amazon.com/dp/B0BXRR5QFV?tag=eloabder-20&linkCode=osi&th=1&psc=1">View Product</a></div><div class="product"><a href="https://www.amazon.com/dp/B01N6MV8SA?tag=eloabder-20&linkCode=osi&th=1&psc=1"><img src="https://m.media-amazon.com/images/I/41hX08+W1xL._SL500_.jpg" alt="Product Image"></a><p>Protec Humidifier Tank Cleaner, 1 Count - Colors May Vary</p><p>$5.98</p><a href="https://www.amazon.com/dp/B01N6MV8SA?tag=eloabder-20&linkCode=osi&th=1&psc=1">View Product</a></div><div class="product"><a href="https://www.amazon.com/dp/B07GXBTH82?tag=eloabder-20&linkCode=osi&th=1&psc=1"><img src="https://m.media-amazon.com/images/I/41ibxK12JPL._SL500_.jpg" alt="Product Image"></a><p>Essick Air 1970-2 Humidifier, 2-Quart Bacteriostatic Treatment, 2 Pack, Clear, 2</p><p>$22.99</p><a href="https://www.amazon.com/dp/B07GXBTH82?tag=eloabder-20&linkCode=osi&th=1&psc=1">View Product</a></div><div class="product"><a href="https://www.amazon.com/dp/B08TTT3K9B?tag=eloabder-20&linkCode=osi&th=1&psc=1"><img src="https://m.media-amazon.com/images/I/41U6j9SexmL._SL500_.jpg" alt="Product Image"></a><p>Leemone Humidifier Cleaner 12 Pack, Demineralization Cleaning Ball, Works in All humidifiers and Fish Tanks, Purifies Water, Prevents Hard Water Build-Up, Eliminates White Dust and Odor</p><p>$14.44</p><a href="https://www.amazon.com/dp/B08TTT3K9B?tag=eloabder-20&linkCode=osi&th=1&psc=1">View Product</a></div>
<div class="product"><a href="https://www.amazon.com/dp/B07YD4XCT3?tag=eloabder-20&linkCode=osi&th=1&psc=1"><img src="https://m.media-amazon.com/images/I/41hR81iKyJL._SL500_.jpg" alt="Product Image"></a><p>Vacplus Moisture Absorber Packets, Fragrance Free(10 Pack), Humidity Packs, Hanging Closet Dehumidifier Bags, Desiccant 9.8OZ</p><p>$21.99</p><a href="https://www.amazon.com/dp/B07YD4XCT3?tag=eloabder-20&linkCode=osi&th=1&psc=1">View Product</a></div><div class="product"><a href="https://www.amazon.com/dp/B09LQF5V5K?tag=eloabder-20&linkCode=osi&th=1&psc=1"><img src="https://m.media-amazon.com/images/I/51Cx5ECAotL._SL500_.jpg" alt="Product Image"></a><p>CLEVAST Moisture Absorbers Packets 10 Pack, Dehumidifier Bags for Closet, Unscented Hanging Humidity Absorber in Wardrobes, Bedrooms, Bathrooms(230g/pack)</p><p>$16.98</p><a href="https://www.amazon.com/dp/B09LQF5V5K?tag=eloabder-20&linkCode=osi&th=1&psc=1">View Product</a></div><div class="product"><a href="https://www.amazon.com/dp/B0B8L9QRW8?tag=eloabder-20&linkCode=osi&th=1&psc=1"><img src="https://m.media-amazon.com/images/I/518LgtpPi8L._SL500_.jpg" alt="Product Image"></a><p>Arm & Hammer Essentials Disposable Moisture Absorber and Odor Eliminator Tub, Fragrance Free, 1 lb, 3-Pack, Attracts and Traps Excess Moisture, Ideal Closet Dehumidifier, White</p><p>$24.94 ($0.52 / Ounce)</p><a href="https://www.amazon.com/dp/B0B8L9QRW8?tag=eloabder-20&linkCode=osi&th=1&psc=1">View Product</a></div><div class="product"><a href="https://www.amazon.com/dp/B09W9TPJGZ?tag=eloabder-20&linkCode=osi&th=1&psc=1"><img src="https://m.media-amazon.com/images/I/51pVTVMwHbL._SL500_.jpg" alt="Product Image"></a><p>THECOSKY Dehumidifier and Air Purifier Combo,HEPA H13 Filter and Negative Air Ion Function,54oz(1.6L) Water Tank with Drain Hose,24hrs Auto-Off Timer,Idea for Bedroom,Bathroom,Closet,RV</p><p>$109.99</p><a href="https://www.amazon.com/dp/B09W9TPJGZ?tag=eloabder-20&linkCode=osi&th=1&psc=1">View Product</a></div><div class="product"><a href="https://www.amazon.com/dp/B0CXDG65LZ?tag=eloabder-20&linkCode=osi&th=1&psc=1"><img src="https://m.media-amazon.com/images/I/41HNflmbKHL._SL500_.jpg" alt="Product Image"></a><p>14 x 17.5 x1.75 MERV 13 Replacement Dehumidifier Filter Compatible with Santa Fe Advance90, Advance100, Advance120, Honeywell DR90 & DR120 dehumidifier models, 2 Pack</p><p>$42.99</p><a href="https://www.amazon.com/dp/B0CXDG65LZ?tag=eloabder-20&linkCode=osi&th=1&psc=1">View Product</a></div>
<div class="product"><a href="https://www.amazon.com/dp/B088B921NQ?tag=eloabder-20&linkCode=osi&th=1&psc=1"><img src="https://m.media-amazon.com/images/I/612e4cT3RYL._SL500_.jpg" alt="Product Image"></a><p>ULTTY H13 HEPA Replacement Filter with Medical Coating, True HEPA Filter For R021/ R020 Purifying Fan, Medium</p><p>$29.99</p><a href="https://www.amazon.com/dp/B088B921NQ?tag=eloabder-20&linkCode=osi&th=1&psc=1">View Product</a></div><div class="product"><a href="https://www.amazon.com/dp/B0D2MZ4Y7Z?tag=eloabder-20&linkCode=osi&th=1&psc=1"><img src="https://m.media-amazon.com/images/I/51KgTHizWyL._SL500_.jpg" alt="Product Image"></a><p>Butto 5-Pack Ceiling Fan Filters for Blades - Strong Adhesive Ceiling Fan Filters for Common Household Contaminants - Unscented Coconut Carbon Fan Air Purifier Pads to Make Air Fresh and Natural</p><p>$9.98</p><a href="https://www.amazon.com/dp/B0D2MZ4Y7Z?tag=eloabder-20&linkCode=osi&th=1&psc=1">View Product</a></div><div class="product"><a href="https://www.amazon.com/dp/B0C42HCM21?tag=eloabder-20&linkCode=osi&th=1&psc=1"><img src="https://m.media-amazon.com/images/I/31jk3lpoygL._SL500_.jpg" alt="Product Image"></a><p>Barnakl Ceiling Fan Filters | Activated Coconut Shell Carbon Filter | Easy-Stick Universal Ceiling Fan Air Filters | Unscented Ceiling Fan Blade Filters for Common Household Contaminants, (3-Count)</p><p>$19.99 ($6.66 / Count)</p><a href="https://www.amazon.com/dp/B0C42HCM21?tag=eloabder-20&linkCode=osi&th=1&psc=1">View Product</a></div>
<div class="product"><a href="https://www.amazon.com/dp/B08LZWP29P?tag=eloabder-20&linkCode=osi&th=1&psc=1"><img src="https://m.media-amazon.com/images/I/41NLuzzFW9L._SL500_.jpg" alt="Product Image"></a><p>Chromex Tankless Water Heater Descaling Solution | Highly Effective Descaler Restores Heating Efficiency, Quart, 32 fl oz (1)</p><p>$26.99</p><a href="https://www.amazon.com/dp/B08LZWP29P?tag=eloabder-20&linkCode=osi&th=1&psc=1">View Product</a></div>

<div class="product"><a href="https://www.amazon.com/dp/B005UO4OWQ?tag=eloabder-20&linkCode=osi&th=1&psc=1"><img src="https://m.media-amazon.com/images/I/41oQPKFofoL._SL500_.jpg" alt="Product Image"></a><p>Bissell 203-7458 Brushroll, Bg10/86T3, Black</p><p>$21.26 ($21.26 / Count)</p><a href="https://www.amazon.com/dp/B005UO4OWQ?tag=eloabder-20&linkCode=osi&th=1&psc=1">View Product</a></div>





















<div class="product"><a href="https://www.amazon.com/dp/B0014J7FUY?tag=eloabder-20&linkCode=osi&th=1&psc=1"><img src="https://m.media-amazon.com/images/I/31QrM+IPxOL._SL500_.jpg" alt="Product Image"></a><p>Urnex Grindz Professional Coffee Grinder Cleaning Tablets - 430 Grams - All Natural Food Safe Gluten Free - Cleans Burr and Casing - Help Extend Life of Your Grinder</p><p>$25.99 ($1.71 / Ounce)</p><a href="https://www.amazon.com/dp/B0014J7FUY?tag=eloabder-20&linkCode=osi&th=1&psc=1">View Product</a></div>



<div class="product"><a href="https://www.amazon.com/dp/B0CHW317SG?tag=eloabder-20&linkCode=osi&th=1&psc=1"><img src="https://m.media-amazon.com/images/I/41Qd5Iu3qBL._SL500_.jpg" alt="Product Image"></a><p>EUHOMY 55 Can Beverage Refrigerator cooler-Mini Fridge Glass Door for Beer Drinks Wines, Freestanding Beverage Fridge with Adjustable Shelves Blue LED for Home/Office/Dorm/Bar (1.3cu.ft)</p><p>$128.99</p><a href="https://www.amazon.com/dp/B0CHW317SG?tag=eloabder-20&linkCode=osi&th=1&psc=1">View Product</a></div>

<div class="product"><a href="https://www.amazon.com/dp/B099CN2MRK?tag=eloabder-20&linkCode=osi&th=1&psc=1"><img src="https://m.media-amazon.com/images/I/31CvUCIUX5L._SL500_.jpg" alt="Product Image"></a><p>Genuine PuroAir 240 Replacement Filter - Replacement HEPA Filter for PuroAir 240 Purifier - Captures up to 99% of Pollen, Smoke, Pollen, Dust and Common Household Pollutants</p><p>$48.00</p><a href="https://www.amazon.com/dp/B099CN2MRK?tag=eloabder-20&linkCode=osi&th=1&psc=1">View Product</a></div><div class="product"><a href="https://www.amazon.com/dp/B0055521W0?tag=eloabder-20&linkCode=osi&th=1&psc=1"><img src="https://m.media-amazon.com/images/I/41Hs7ixdyXL._SL500_.jpg" alt="Product Image"></a><p>GermGuardian Filter B HEPA Pure Genuine Air Purifier Replacement Filter, Removes 99.97% of Pollutants for AC4825, AC4300, AC4900, AC4825DLX, AC4850, CDAP4500, AP2200, Black/Yellow, FLT4825</p><p>$17.90 ($17.90 / Count)</p><a href="https://www.amazon.com/dp/B0055521W0?tag=eloabder-20&linkCode=osi&th=1&psc=1">View Product</a></div><div class="product"><a href="https://www.amazon.com/dp/B0BNMYKZPV?tag=eloabder-20&linkCode=osi&th=1&psc=1"><img src="https://m.media-amazon.com/images/I/41-K3mB6KkL._SL500_.jpg" alt="Product Image"></a><p>2 Pack True HEPA KILO Filter Compatible with Afloia KILO, KILOPLUS, KILOPRO, MIRO,MIRO PRO and MORENTO MR-Kilo, Kalo Air Purifier, 360Â° 3-Stage Filtration</p><p>$34.99 ($17.50 / Count)</p><a href="https://www.amazon.com/dp/B0BNMYKZPV?tag=eloabder-20&linkCode=osi&th=1&psc=1">View Product</a></div><div class="product"><a href="https://www.amazon.com/dp/B0D3M4Y9W7?tag=eloabder-20&linkCode=osi&th=1&psc=1"><img src="https://m.media-amazon.com/images/I/41tzW+mkZuL._SL500_.jpg" alt="Product Image"></a><p>Breshair 14 True HEPA Filter Replacement Compatible with PuroAir 240 Air Purifier, 3-in-1 Filtration System with Activated Carbon Filter, 2-Pack</p><p>$31.56 ($15.78 / Count)</p><a href="https://www.amazon.com/dp/B0D3M4Y9W7?tag=eloabder-20&linkCode=osi&th=1&psc=1">View Product</a></div><div class="product"><a href="https://www.amazon.com/dp/B0CB18MVX6?tag=eloabder-20&linkCode=osi&th=1&psc=1"><img src="https://m.media-amazon.com/images/I/519ZmmLOrzL._SL500_.jpg" alt="Product Image"></a><p>2 Pack 3-in-1 H13 True HEPA Replacement Filter Compatible with Pure Enrichment PureZone Air Purifier Part# PEAIRPLG</p><p>$23.99 ($12.00 / Count)</p><a href="https://www.amazon.com/dp/B0CB18MVX6?tag=eloabder-20&linkCode=osi&th=1&psc=1">View Product</a></div><div class="product"><a href="https://www.amazon.com/dp/B08JTZMRML?tag=eloabder-20&linkCode=osi&th=1&psc=1"><img src="https://m.media-amazon.com/images/I/51yx60sCjHL._SL500_.jpg" alt="Product Image"></a><p>6 Pack HPA300 HEPA Filter Replacement for Honeywell HPA300 Series Air Purifiers HPA300, HPA300VP, HPA304, HPA3300, Replace HRF-R3 (6 Ture HEPA R Replacement Filter + 8 Activated Carbon Pre-Filter)</p><p>$47.99 ($3.43 / Count)</p><a href="https://www.amazon.com/dp/B08JTZMRML?tag=eloabder-20&linkCode=osi&th=1&psc=1">View Product</a></div><div class="product"><a href="https://www.amazon.com/dp/B0CF1GLSYS?tag=eloabder-20&linkCode=osi&th=1&psc=1"><img src="https://m.media-amazon.com/images/I/41709EXRzXL._SL500_.jpg" alt="Product Image"></a><p>CHIVALZ 4 Pack HY4866 True HEPA Replacement Filters Compatible with MORENTO HY4866 Air Purifier, WESTHEY HY4866 Air Purifier and YIOU M1 Air Cleaner Purifier, Original Version</p><p>$39.99 ($10.00 / Count)</p><a href="https://www.amazon.com/dp/B0CF1GLSYS?tag=eloabder-20&linkCode=osi&th=1&psc=1">View Product</a></div>







<div class="product"><a href="https://www.amazon.com/dp/B0CYKMFKR9?tag=eloabder-20&linkCode=osi&th=1&psc=1"><img src="https://m.media-amazon.com/images/I/316zU-ozoxL._SL500_.jpg" alt="Product Image"></a><p>Air Purifier Replacement Filter for Space Heater Bladeless Fan</p><p>$29.99</p><a href="https://www.amazon.com/dp/B0CYKMFKR9?tag=eloabder-20&linkCode=osi&th=1&psc=1">View Product</a></div>
<div class="product"><a href="https://www.amazon.com/dp/B07MRH6VY7?tag=eloabder-20&linkCode=osi&th=1&psc=1"><img src="https://m.media-amazon.com/images/I/51g-nuN4A5L._SL500_.jpg" alt="Product Image"></a><p>Colorfullife Replacement Air Purifier Filter for Dyson Tower Purifier Pure Cool Link TP01, TP02, TP03, BP01, Compare to Part 968126-03ï¼Œ2 Pack</p><p>$26.99</p><a href="https://www.amazon.com/dp/B07MRH6VY7?tag=eloabder-20&linkCode=osi&th=1&psc=1">View Product</a></div><div class="product"><a href="https://www.amazon.com/dp/B07TX5SW7J?tag=eloabder-20&linkCode=osi&th=1&psc=1"><img src="https://m.media-amazon.com/images/I/512Kn+cPglL._SL500_.jpg" alt="Product Image"></a><p>TP01 HEPA Filter Replacement Compatible with Dyson Tower Purifier Pure Cool Link TP01, TP02, TP03, AM11, BP01 Models, Compare to Part # 968126-03 (Pack of 2)</p><p>$27.95 ($13.98 / Count)</p><a href="https://www.amazon.com/dp/B07TX5SW7J?tag=eloabder-20&linkCode=osi&th=1&psc=1">View Product</a></div><div class="product"><a href="https://www.amazon.com/dp/B0CC24GZGB?tag=eloabder-20&linkCode=osi&th=1&psc=1"><img src="https://m.media-amazon.com/images/I/41woNpZ9VgL._SL500_.jpg" alt="Product Image"></a><p>TP01 TP02 Filter Compatible with Dyson Pure Cool Link Purifying Tower Fan TP00 TP03 AM11 and Cool Me BP01 Personal Series, 360Â° Air Purifier Filter Replacement 968126-03, 1-Pack</p><p>$25.99</p><a href="https://www.amazon.com/dp/B0CC24GZGB?tag=eloabder-20&linkCode=osi&th=1&psc=1">View Product</a></div><div class="product"><a href="https://www.amazon.com/dp/B0CX23N2JJ?tag=eloabder-20&linkCode=osi&th=1&psc=1"><img src="https://m.media-amazon.com/images/I/3145hmd5j7L._SL500_.jpg" alt="Product Image"></a><p>Dreo Air Purifiers Replacement Filter, HEPA Filter for Dreo Purifier Tower Fan MC710S, with 2 Stage Filtration, Black, Standard(DR-HPA019)</p><p>$39.99</p><a href="https://www.amazon.com/dp/B0CX23N2JJ?tag=eloabder-20&linkCode=osi&th=1&psc=1">View Product</a></div>










<div class="product"><a href="https://www.amazon.com/dp/B001U0OJ7O?tag=eloabder-20&linkCode=osi&th=1&psc=1"><img src="https://m.media-amazon.com/images/I/41XEg3QV-wL._SL500_.jpg" alt="Product Image"></a><p>Whirlpool W10165294RB 15-Inch Plastic Trash Compactor ct, 60 Bags, Count</p><p>$48.34</p><a href="https://www.amazon.com/dp/B001U0OJ7O?tag=eloabder-20&linkCode=osi&th=1&psc=1">View Product</a></div><div class="product"><a href="https://www.amazon.com/dp/B0CC3V4ZZ4?tag=eloabder-20&linkCode=osi&th=1&psc=1"><img src="https://m.media-amazon.com/images/I/31bbvodHnjL._SL500_.jpg" alt="Product Image"></a><p>Waste Smasher- Hand-Held Manual Trash Compactor Dishwasher Safe Black</p><p>$24.95</p><a href="https://www.amazon.com/dp/B0CC3V4ZZ4?tag=eloabder-20&linkCode=osi&th=1&psc=1">View Product</a></div><div class="product"><a href="https://www.amazon.com/dp/B00IYO5914?tag=eloabder-20&linkCode=osi&th=1&psc=1"><img src="https://m.media-amazon.com/images/I/51SLpTXIYNL._SL500_.jpg" alt="Product Image"></a><p>Kitchen Master Super Strong Compactor Bags Pre Cuffed (12 Pack)</p><p>$34.95</p><a href="https://www.amazon.com/dp/B00IYO5914?tag=eloabder-20&linkCode=osi&th=1&psc=1">View Product</a></div><div class="product"><a href="https://www.amazon.com/dp/B075DJ4ZVQ?tag=eloabder-20&linkCode=osi&th=1&psc=1"><img src="https://m.media-amazon.com/images/I/51Vaek4I89L._SL500_.jpg" alt="Product Image"></a><p>Dano Pre-Cuffed Compactor Bags</p><p>$32.95 ($2.75 / Count)</p><a href="https://www.amazon.com/dp/B075DJ4ZVQ?tag=eloabder-20&linkCode=osi&th=1&psc=1">View Product</a></div><div class="product"><a href="https://www.amazon.com/dp/B0C2DCVCBJ?tag=eloabder-20&linkCode=osi&th=1&psc=1"><img src="https://m.media-amazon.com/images/I/51072CtaKuL._SL500_.jpg" alt="Product Image"></a><p>60-pack W10165294RB Trash Compactor Bags - leak-proof trash compactor bags for kitchen 60-ct 15 inches - Fits 15-inch Rectangular Drawer Compactors</p><p>$45.99 ($0.77 / Count)</p><a href="https://www.amazon.com/dp/B0C2DCVCBJ?tag=eloabder-20&linkCode=osi&th=1&psc=1">View Product</a></div><div class="product"><a href="https://www.amazon.com/dp/B001U0OJ7E?tag=eloabder-20&linkCode=osi&th=1&psc=1"><img src="https://m.media-amazon.com/images/I/41c0z26RyvL._SL500_.jpg" alt="Product Image"></a><p>Whirlpool W10165293RB Genuine OEM 60 Pack-Plastic Compactor Bags-18" Models â€“ 1394369, 4178058, 4318932, 4318933, 4318935, 4318937, 4318939, AH1964576, EA1964576, PS1964576</p><p>$48.64 ($0.81 / Count)</p><a href="https://www.amazon.com/dp/B001U0OJ7E?tag=eloabder-20&linkCode=osi&th=1&psc=1">View Product</a></div><div class="product"><a href="https://www.amazon.com/dp/B00W27J16S?tag=eloabder-20&linkCode=osi&th=1&psc=1"><img src="https://m.media-amazon.com/images/I/41RaOjAGlrL._SL500_.jpg" alt="Product Image"></a><p>Compactor Bags Pre Cuffed (50 Pack)</p><p>$84.95 ($1.70 / count)</p><a href="https://www.amazon.com/dp/B00W27J16S?tag=eloabder-20&linkCode=osi&th=1&psc=1">View Product</a></div><div class="product"><a href="https://www.amazon.com/dp/B00MOCYY2W?tag=eloabder-20&linkCode=osi&th=1&psc=1"><img src="https://m.media-amazon.com/images/I/41SH8mDsAnL._SL500_.jpg" alt="Product Image"></a><p>GE WX60X1 Genuine OEM Universal Trash Compactor Bags for GE Trash Compactors</p><p>$19.00</p><a href="https://www.amazon.com/dp/B00MOCYY2W?tag=eloabder-20&linkCode=osi&th=1&psc=1">View Product</a></div><div class="product"><a href="https://www.amazon.com/dp/B0D7SFSTNG?tag=eloabder-20&linkCode=osi&th=1&psc=1"><img src="https://m.media-amazon.com/images/I/41szt9tZJPL._SL500_.jpg" alt="Product Image"></a><p>4PCS Trash Compactor Charcoal Air Filter Fit for Whirlpool/KitchenAid/Maytag/Jenn-Air/Amana/Inglis/Magic Chef Trash Compactor, Replaces 4151750 554358 WP4151750 AP6009134 PS11742279</p><p>$23.59 ($5.90 / Count)</p><a href="https://www.amazon.com/dp/B0D7SFSTNG?tag=eloabder-20&linkCode=osi&th=1&psc=1">View Product</a></div>
<div class="product"><a href="https://www.amazon.com/dp/B0CGLX5ZB9?tag=eloabder-20&linkCode=osi&th=1&psc=1"><img src="https://m.media-amazon.com/images/I/51qeRZQS98L._SL500_.jpg" alt="Product Image"></a><p>Spare Replacement Parts Compatible with MAMNV BR150 BR151, ZCWA BR150 BR151, MANVINS G20 Robot Vacuum and Mop Combo Accessories Include: 3 Hepa Filters 3 Mop Pads 6 Side Spin Brushes</p><p>$9.98</p><a href="https://www.amazon.com/dp/B0CGLX5ZB9?tag=eloabder-20&linkCode=osi&th=1&psc=1">View Product</a></div><div class="product"><a href="https://www.amazon.com/dp/B0B28DGZBG?tag=eloabder-20&linkCode=osi&th=1&psc=1"><img src="https://m.media-amazon.com/images/I/51ooMN4RqML._SL500_.jpg" alt="Product Image"></a><p>Replacement Parts for Shark AI AV2511AE AV2501S AV2610WA AV2501AE RV2502AE RV2610WA RV2520 AV2510 2-In-1 AI Ultra Robot Vacuum Cleaner Accessories Kits. Main Brush, HEPA Filter, Foam Filter,Side Brush</p><p>$19.99 ($1.05 / Count)</p><a href="https://www.amazon.com/dp/B0B28DGZBG?tag=eloabder-20&linkCode=osi&th=1&psc=1">View Product</a></div><div class="product"><a href="https://www.amazon.com/dp/B0782T7L6P?tag=eloabder-20&linkCode=osi&th=1&psc=1"><img src="https://m.media-amazon.com/images/I/41hTVkuzMJL._SL500_.jpg" alt="Product Image"></a><p>10pcs HEPA Filters Replacement for ILIFE V3s V3s pro V5 V5s V5s Pro V5s Pro 2 V5s Plus Noisz S5 Robotic Vacuum Cleaner ILIFE V3s pro Filters ILIFE Robot Vacuum Filter</p><p>$9.80 ($0.98 / Count)</p><a href="https://www.amazon.com/dp/B0782T7L6P?tag=eloabder-20&linkCode=osi&th=1&psc=1">View Product</a></div><div class="product"><a href="https://www.amazon.com/dp/B0CXLVHTTC?tag=eloabder-20&linkCode=osi&th=1&psc=1"><img src="https://m.media-amazon.com/images/I/51BT3phYzKL._SL500_.jpg" alt="Product Image"></a><p>HUIZHEN Spare Accessories for MAMNV BR150/BR151, for ZCWA BR150/BR151, for MANVINS G20,for GTTVO BR150/BR151,for ONSON BR150/BR151 Robot Vacuum Replacement Parts,6 Side Brush,4 HEPA Filters,4 Mop Pads</p><p>$9.99</p><a href="https://www.amazon.com/dp/B0CXLVHTTC?tag=eloabder-20&linkCode=osi&th=1&psc=1">View Product</a></div><div class="product"><a href="https://www.amazon.com/dp/B08RYDDQL8?tag=eloabder-20&linkCode=osi&th=1&psc=1"><img src="https://m.media-amazon.com/images/I/314Xd7+oBXL._SL500_.jpg" alt="Product Image"></a><p>AirClean 4 Pack 3.7" High Replacement Base Pre-Motor Foam Filters Compatible with Shark IQ Robot Vacuum R101AE RV1001AE UR1005AE Self-Empty Base</p><p>$12.99 ($3.25 / Count)</p><a href="https://www.amazon.com/dp/B08RYDDQL8?tag=eloabder-20&linkCode=osi&th=1&psc=1">View Product</a></div><div class="product"><a href="https://www.amazon.com/dp/B0CJLHJ557?tag=eloabder-20&linkCode=osi&th=1&psc=1"><img src="https://m.media-amazon.com/images/I/41iQm8hUjiL._SL500_.jpg" alt="Product Image"></a><p>Replacement Parts Compatible with WYZE Robot Vacuum Cleaner WVCR200S Accessories, 2 Main Brushes, 6 Hepa Filters, 8 Side Brushes Attachment Spare Pack</p><p>$14.99 ($0.94 / Count)</p><a href="https://www.amazon.com/dp/B0CJLHJ557?tag=eloabder-20&linkCode=osi&th=1&psc=1">View Product</a></div>
<div class="product"><a href="https://www.amazon.com/dp/B0C4595Q8P?tag=eloabder-20&linkCode=osi&th=1&psc=1"><img src="https://m.media-amazon.com/images/I/51k23SAtRxL._SL500_.jpg" alt="Product Image"></a><p>4 Pack FSV001 HEPA Filter Compatiable with Fabuletta FSV101, FSV001, Girnoor G160&G165, Afoddon A300, Lubluelu 202, Oraimo Cordless Vacuum Cleaner, Besswin W26 Cordless Stick Vacuum Cleaners</p><p>$15.99 ($4.00 / Count)</p><a href="https://www.amazon.com/dp/B0C4595Q8P?tag=eloabder-20&linkCode=osi&th=1&psc=1">View Product</a></div>
<div class="product"><a href="https://www.amazon.com/dp/B0BNKJX96X?tag=eloabder-20&linkCode=osi&th=1&psc=1"><img src="https://m.media-amazon.com/images/I/41OPeLFppoL._SL500_.jpg" alt="Product Image"></a><p>6 PACK 2033 Replacement Filter Compatible with Bissell Featherweight Stick Lightweight Bagless Vacuum Cleaner 20331, 20333, 20334, 20336, 20339, 2033M,6 Mesh Filter 6 Foam Filters, Replace # 1611508</p><p>$14.99 ($2.50 / Count)</p><a href="https://www.amazon.com/dp/B0BNKJX96X?tag=eloabder-20&linkCode=osi&th=1&psc=1">View Product</a></div><div class="product"><a href="https://www.amazon.com/dp/B0CMBWLTSM?tag=eloabder-20&linkCode=osi&th=1&psc=1"><img src="https://m.media-amazon.com/images/I/41PHqKaLTDL._SL500_.jpg" alt="Product Image"></a><p>18V ONE + Cordless Pet Stick Vacuum Filter for Ryobi, PCL720, PBLSV716, PBLSV717 Stick Vacuum, Reusable Washable Filters, Compare to Part A32SV720N, 6 Pack</p><p>$15.99 ($2.66 / Count)</p><a href="https://www.amazon.com/dp/B0CMBWLTSM?tag=eloabder-20&linkCode=osi&th=1&psc=1">View Product</a></div><div class="product"><a href="https://www.amazon.com/dp/B0CXDYWWT9?tag=eloabder-20&linkCode=osi&th=1&psc=1"><img src="https://m.media-amazon.com/images/I/41F1csTT8jL._SL500_.jpg" alt="Product Image"></a><p>2 Replacement Filters for Craftsman V20 Cordless Stick Vacuum CMCVS001D1, for Black Decker BSVF1 BSV2020 BSV2020G BSV2020P Cordless Stick Vacuum Cleaner with 1 Cleaning Brush</p><p>$14.99</p><a href="https://www.amazon.com/dp/B0CXDYWWT9?tag=eloabder-20&linkCode=osi&th=1&psc=1">View Product</a></div><div class="product"><a href="https://www.amazon.com/dp/B0CCJ5N5DH?tag=eloabder-20&linkCode=osi&th=1&psc=1"><img src="https://m.media-amazon.com/images/I/41xmhDPqk8L._SL500_.jpg" alt="Product Image"></a><p>Aolleteau 1 Pack Brush Roller Compatible with Black + Decker BSV2020, BSV2020P, BSV2020G Powerseries Extreme Cordless Stick Vacuum and Compatible with Craftsman V20 Cordless Stick Vacuum CMCVS001D1</p><p>$17.99</p><a href="https://www.amazon.com/dp/B0CCJ5N5DH?tag=eloabder-20&linkCode=osi&th=1&psc=1">View Product</a></div><div class="product"><a href="https://www.amazon.com/dp/B0CQY61LFD?tag=eloabder-20&linkCode=osi&th=1&psc=1"><img src="https://m.media-amazon.com/images/I/31swBBC444L._SL500_.jpg" alt="Product Image"></a><p>Tablenco for Shark HZ602 Filter Replacement Ultralight Pet Pro Corded Stick Vacuum and HZ2002 Vertex DuoClean PowerFins fit HZ2000 HZ251 HZ250 HH200 HH202,4 Foam Felt 4 Motor Kit (No cleaning brush)</p><p>$9.98</p><a href="https://www.amazon.com/dp/B0CQY61LFD?tag=eloabder-20&linkCode=osi&th=1&psc=1">View Product</a></div><div class="product"><a href="https://www.amazon.com/dp/B09Q55KW8W?tag=eloabder-20&linkCode=osi&th=1&psc=1"><img src="https://m.media-amazon.com/images/I/51MKsJy6nSL._SL500_.jpg" alt="Product Image"></a><p>Anicell 2033 Featherweight Filter for Bissell Featherweight Stick Lightweight Bagless Vacuum 20331 20333 20334 20336 20339 2033M, 4 Mesh Filters 6 Foam Filters Replacement, Replace part# 1611508</p><p>$11.99</p><a href="https://www.amazon.com/dp/B09Q55KW8W?tag=eloabder-20&linkCode=osi&th=1&psc=1">View Product</a></div><div class="product"><a href="https://www.amazon.com/dp/B0CDVG7LHD?tag=eloabder-20&linkCode=osi&th=1&psc=1"><img src="https://m.media-amazon.com/images/I/41hjN1Te6sL._SL500_.jpg" alt="Product Image"></a><p>Moreffi 3 Pack Filter Replacement For HART Cordless Stick Vacuum HPSV01 and HPSV50, Compare to Part Number HASV01</p><p>$19.99 ($6.66 / Count)</p><a href="https://www.amazon.com/dp/B0CDVG7LHD?tag=eloabder-20&linkCode=osi&th=1&psc=1">View Product</a></div>
<div class="product"><a href="https://www.amazon.com/dp/B07DQ9TZC8?tag=eloabder-20&linkCode=osi&th=1&psc=1"><img src="https://m.media-amazon.com/images/I/41PHyZ20FuL._SL500_.jpg" alt="Product Image"></a><p>Kenmore 53294 Style O HEPA Cloth Vacuum Bags for Kenmore Upright Vacuum Cleaners 6 Pack,White</p><p>$20.99 ($3.50 / Count)</p><a href="https://www.amazon.com/dp/B07DQ9TZC8?tag=eloabder-20&linkCode=osi&th=1&psc=1">View Product</a></div><div class="product"><a href="https://www.amazon.com/dp/B08MXVTTT2?tag=eloabder-20&linkCode=osi&th=1&psc=1"><img src="https://m.media-amazon.com/images/I/41T6wRpIMzL._SL500_.jpg" alt="Product Image"></a><p>Kenmore IB600 HEPA Replacement Intuition Upright Vacuum Cleaner Bags for BU4022, BU4020, BU4018, BU4050, BU3040,White</p><p>$18.75</p><a href="https://www.amazon.com/dp/B08MXVTTT2?tag=eloabder-20&linkCode=osi&th=1&psc=1">View Product</a></div><div class="product"><a href="https://www.amazon.com/dp/B01010JVYO?tag=eloabder-20&linkCode=osi&th=1&psc=1"><img src="https://m.media-amazon.com/images/I/51Anluh47GL._SL500_.jpg" alt="Product Image"></a><p>EnviroCare Replacement Micro Filtration Vacuum Cleaner Dust Bags Designed to fit Hoover Windtunnel Upright Type Y 9 pack</p><p>$9.89 ($1.10 / Count)</p><a href="https://www.amazon.com/dp/B01010JVYO?tag=eloabder-20&linkCode=osi&th=1&psc=1">View Product</a></div><div class="product"><a href="https://www.amazon.com/dp/B0D5CP3WBY?tag=eloabder-20&linkCode=osi&th=1&psc=1"><img src="https://m.media-amazon.com/images/I/31MaGmsVOwL._SL500_.jpg" alt="Product Image"></a><p>Bagless Upright Kenmore Vacuum HEPA Filters, Compatible with Foam Filters, Felt Filters and Upright vacuum cleaner for Models K4010,DU2015,DU2012(includes 1 Hepa Filters,2 Foam and 2 Felt Filters)</p><p>$12.99</p><a href="https://www.amazon.com/dp/B0D5CP3WBY?tag=eloabder-20&linkCode=osi&th=1&psc=1">View Product</a></div><div class="product"><a href="https://www.amazon.com/dp/B0CBFV28WX?tag=eloabder-20&linkCode=osi&th=1&psc=1"><img src="https://m.media-amazon.com/images/I/51LIYI0wXSL._SL500_.jpg" alt="Product Image"></a><p>16 Packs Vacuum Bags for Oreck Type CC, Compatible with All Oreck XL Upright Vacuum Cleaner - Replaces Part # CCPK8DW</p><p>$21.99 ($1.37 / Count)</p><a href="https://www.amazon.com/dp/B0CBFV28WX?tag=eloabder-20&linkCode=osi&th=1&psc=1">View Product</a></div><div class="product"><a href="https://www.amazon.com/dp/B00F9GQMHA?tag=eloabder-20&linkCode=osi&th=1&psc=1"><img src="https://m.media-amazon.com/images/I/51lhelurelL._SL500_.jpg" alt="Product Image"></a><p>EnviroCare Replacement Premium Vacuum Cleaner Dust Bags made to fit Eureka F&G Uprights 9 bags</p><p>$11.09</p><a href="https://www.amazon.com/dp/B00F9GQMHA?tag=eloabder-20&linkCode=osi&th=1&psc=1">View Product</a></div><div class="product"><a href="https://www.amazon.com/dp/B002CI8G1I?tag=eloabder-20&linkCode=osi&th=1&psc=1"><img src="https://m.media-amazon.com/images/I/51PYQrQpbSL._SL500_.jpg" alt="Product Image"></a><p>EnviroCare Replacement Micro Filtration Vacuum Cleaner Dust Bags made to fit Kenmore Upright Type U/L/O 50688 and 50690, Panasonic Type U-2, Miele Type Z. 9 pack</p><p>$9.99</p><a href="https://www.amazon.com/dp/B002CI8G1I?tag=eloabder-20&linkCode=osi&th=1&psc=1">View Product</a></div>
<div class="product"><a href="https://www.amazon.com/dp/B07GNQJ67P?tag=eloabder-20&linkCode=osi&th=1&psc=1"><img src="https://m.media-amazon.com/images/I/41XHnKbgjAL._SL500_.jpg" alt="Product Image"></a><p>Kenmore 53292 Type Q HEPA Replacement Dust Bags for Canister Vacuum 81214, 81414, 81714, 21814, BC2005, BC3005, 81615, BC7005, 6 Count (Pack of 1)</p><p>$13.24 ($2.21 / Count)</p><a href="https://www.amazon.com/dp/B07GNQJ67P?tag=eloabder-20&linkCode=osi&th=1&psc=1">View Product</a></div><div class="product"><a href="https://www.amazon.com/dp/B01L0C0FVK?tag=eloabder-20&linkCode=osi&th=1&psc=1"><img src="https://m.media-amazon.com/images/I/51ZIjbo9NVL._SL500_.jpg" alt="Product Image"></a><p>Envirocare Replacement Vacuum Bags Compatible with Kenmore Canister Type C/Q. 5055, 50557 and 50558 Panasonic Type C-5 Vacuums,15 pack</p><p>$16.16</p><a href="https://www.amazon.com/dp/B01L0C0FVK?tag=eloabder-20&linkCode=osi&th=1&psc=1">View Product</a></div><div class="product"><a href="https://www.amazon.com/dp/B0BTRTP2PM?tag=eloabder-20&linkCode=osi&th=1&psc=1"><img src="https://m.media-amazon.com/images/I/41K295aRv9L._SL500_.jpg" alt="Product Image"></a><p>Vacuum Cleaner Bags Fit for Kenmore Canister Type C/Q 50555 50557 50558 and Type C-5, 10PCs</p><p>$15.99</p><a href="https://www.amazon.com/dp/B0BTRTP2PM?tag=eloabder-20&linkCode=osi&th=1&psc=1">View Product</a></div><div class="product"><a href="https://www.amazon.com/dp/B0CRQYGLZX?tag=eloabder-20&linkCode=osi&th=1&psc=1"><img src="https://m.media-amazon.com/images/I/413iXp+j3ML._SL500_.jpg" alt="Product Image"></a><p>15 Pack Canister Vacuum Cleaner Bags Compatible with Kenmore Canister Type C/Q 5055, 50555, 50557, 50558 and Type C-5, C-18, 53292, 200 Series, 400 Series, 600 Series, 700 Series, 800 Series Vacuum</p><p>$11.69</p><a href="https://www.amazon.com/dp/B0CRQYGLZX?tag=eloabder-20&linkCode=osi&th=1&psc=1">View Product</a></div><div class="product"><a href="https://www.amazon.com/dp/B00QGD3SBI?tag=eloabder-20&linkCode=osi&th=1&psc=1"><img src="https://m.media-amazon.com/images/I/51xw0asyqTL._SL500_.jpg" alt="Product Image"></a><p>EnviroCare Replacement Vacuum Bags made to fit Kenmore Canister Type C or Q 50555, 50558, 50557 and Panasonic Type C-5 Vacuums, 9 pack</p><p>$9.79</p><a href="https://www.amazon.com/dp/B00QGD3SBI?tag=eloabder-20&linkCode=osi&th=1&psc=1">View Product</a></div><div class="product"><a href="https://www.amazon.com/dp/B0CQP9NP5N?tag=eloabder-20&linkCode=osi&th=1&psc=1"><img src="https://m.media-amazon.com/images/I/41WnNkTz8zL._SL500_.jpg" alt="Product Image"></a><p>8 Pack Replacement Vacuum Bags Compatible with Kenmore Canister Type C/Q. 5055, 50104, 50557 and 50558 Panasonic Type C-5 Vacuums</p><p>$9.99 ($1.25 / Count)</p><a href="https://www.amazon.com/dp/B0CQP9NP5N?tag=eloabder-20&linkCode=osi&th=1&psc=1">View Product</a></div>
<div class="product"><a href="https://www.amazon.com/dp/B09M3Y2BHR?tag=eloabder-20&linkCode=osi&th=1&psc=1"><img src="https://m.media-amazon.com/images/I/31tevngai1L._SL500_.jpg" alt="Product Image"></a><p>Ymimi Vacuum Filter Compatible with Eureka WhirlWind Bagless Canister Vacuum Cleaner,Fits NEN110A,NEN110B,NEN110Dï¼ˆ2-Packï¼‰</p><p>$11.99 ($6.00 / Count)</p><a href="https://www.amazon.com/dp/B09M3Y2BHR?tag=eloabder-20&linkCode=osi&th=1&psc=1">View Product</a></div><div class="product"><a href="https://www.amazon.com/dp/B07J1WWBHN?tag=eloabder-20&linkCode=osi&th=1&psc=1"><img src="https://m.media-amazon.com/images/I/51gmkDrnR2L._SL500_.jpg" alt="Product Image"></a><p>Bissell Powerforce Helix Bagless Washable Premotor Filter #1608225, Black</p><p>$7.78</p><a href="https://www.amazon.com/dp/B07J1WWBHN?tag=eloabder-20&linkCode=osi&th=1&psc=1">View Product</a></div><div class="product"><a href="https://www.amazon.com/dp/B0BK64TMMK?tag=eloabder-20&linkCode=osi&th=1&psc=1"><img src="https://m.media-amazon.com/images/I/41OBMvET7eL._SL500_.jpg" alt="Product Image"></a><p>Vacuum Belt Replacement for Bissell Cleanview Swivel Pet Upright Bagless/Powerlifter Vacuum Cleaner, fits model: 2252, 2254, 22543, 2258,2259, 2260,2316, 2739, 1793, Parts # 3031120, 32074</p><p>$6.99</p><a href="https://www.amazon.com/dp/B0BK64TMMK?tag=eloabder-20&linkCode=osi&th=1&psc=1">View Product</a></div><div class="product"><a href="https://www.amazon.com/dp/B0BKKL3WRB?tag=eloabder-20&linkCode=osi&th=1&psc=1"><img src="https://m.media-amazon.com/images/I/410jMe-FjIL._SL500_.jpg" alt="Product Image"></a><p>Aolleteau F1 HEPA Filter Compatible with Dirt Devil Bagless Upright Cleaner Models Extra Lite, Breeze, Featherlite Bagless, Jaguar Bagless,Platinum Force Vision, Scorpion and Vision Bagless (2 Pack)</p><p>$13.99 ($7.00 / Count)</p><a href="https://www.amazon.com/dp/B0BKKL3WRB?tag=eloabder-20&linkCode=osi&th=1&psc=1">View Product</a></div><div class="product"><a href="https://www.amazon.com/dp/B09SG1P4WN?tag=eloabder-20&linkCode=osi&th=1&psc=1"><img src="https://m.media-amazon.com/images/I/51+Mr+Wq5ML._SL500_.jpg" alt="Product Image"></a><p>NEN110A Vacuum Filter, Inlet Frame and Sponge Filter Compatible with Eureka Whirlwind Bagless Canister Vacuum Cleaner, Fits NEN110A, NEN110B, NEN110D(4-Pack)</p><p>$15.99 ($4.00 / Count)</p><a href="https://www.amazon.com/dp/B09SG1P4WN?tag=eloabder-20&linkCode=osi&th=1&psc=1">View Product</a></div>
<div class="product"><a href="https://www.amazon.com/dp/B07GT9VB9X?tag=eloabder-20&linkCode=osi&th=1&psc=1"><img src="https://m.media-amazon.com/images/I/41IokheYtNL._SL500_.jpg" alt="Product Image"></a><p>6 Pack 1940 Bissell Steam Mop Pads for Bissell PowerFresh Steam Mop 1806 1544 1440 2075A 2685A 1940W 19404 Series, Model 19402 19408 1940a 1940f 1940q 1940t B0006 B0017, Part #5938#203-2633</p><p>$16.99 ($2.83 / Count)</p><a href="https://www.amazon.com/dp/B07GT9VB9X?tag=eloabder-20&linkCode=osi&th=1&psc=1">View Product</a></div><div class="product"><a href="https://www.amazon.com/dp/B07H3MYZLD?tag=eloabder-20&linkCode=osi&th=1&psc=1"><img src="https://m.media-amazon.com/images/I/511p6MPxQ0L._SL500_.jpg" alt="Product Image"></a><p>Flammi Steam Pocket Mop Replacement Pads for Shark S3500 Series S3501 S3601 S3550 S3901 SE450 S3801CO S3601D S2901 S2902 Steam Pocket Mop, 4 Pack</p><p>$16.97 ($4.24 / Count)</p><a href="https://www.amazon.com/dp/B07H3MYZLD?tag=eloabder-20&linkCode=osi&th=1&psc=1">View Product</a></div><div class="product"><a href="https://www.amazon.com/dp/B0C8SH97HN?tag=eloabder-20&linkCode=osi&th=1&psc=1"><img src="https://m.media-amazon.com/images/I/31Mex4y7odL._SL500_.jpg" alt="Product Image"></a><p>HOMEXCEL Steam Mop Replacement Pads Compatible with Bissell Powerfresh Steam Mop 1940 1806 1440 1544 Series, Model 19402 19404 19408 2685A 2075A 1940A 1940Q 1940T 1940W, Steam Mop Pads Refills,4 Pack</p><p>$9.99 ($2.50 / Count)</p><a href="https://www.amazon.com/dp/B0C8SH97HN?tag=eloabder-20&linkCode=osi&th=1&psc=1">View Product</a></div><div class="product"><a href="https://www.amazon.com/dp/B0BFWTXS33?tag=eloabder-20&linkCode=osi&th=1&psc=1"><img src="https://m.media-amazon.com/images/I/51pa2h7o0EL._SL500_.jpg" alt="Product Image"></a><p>12 Pack 1940 Steam Mop Replacement Pads for Bissell Powerfresh Steam Mop 1940 1440 1806 1544 2075 2685A 2814 Series, Model 19402 19404 19408 19409 1940A 1940F 1940Q 1940T 1940W B0006 B0017 2075A 15441</p><p>$24.99</p><a href="https://www.amazon.com/dp/B0BFWTXS33?tag=eloabder-20&linkCode=osi&th=1&psc=1">View Product</a></div><div class="product"><a href="https://www.amazon.com/dp/B0CLP5QGTY?tag=eloabder-20&linkCode=osi&th=1&psc=1"><img src="https://m.media-amazon.com/images/I/414HqpKde9L._SL500_.jpg" alt="Product Image"></a><p>10 Pack 1940 1806 2685A Steam Mop Pads For Bissell Powerfresh Steam Mop Deluxe Pet Lift-Off Plus Slim Scrubbing Steam Mop Replacement Pad 1940A 2814 1544A 2075A Power Fresh Steamer Pad Refill Washable</p><p>$22.99 ($2.30 / Count)</p><a href="https://www.amazon.com/dp/B0CLP5QGTY?tag=eloabder-20&linkCode=osi&th=1&psc=1">View Product</a></div><div class="product"><a href="https://www.amazon.com/dp/B078BBKBPV?tag=eloabder-20&linkCode=osi&th=1&psc=1"><img src="https://m.media-amazon.com/images/I/51WcJqtOUIL._SL500_.jpg" alt="Product Image"></a><p>Tidy Monster Steam Mop Replacement Pads Compatible with Bissell Powerfresh Steam Mop 1940 1806 1544 1440 2075A 2685A Series, Part # 5938 & 203-2633, 1606668 & 1606669 (4 Pack Scrub Plush)</p><p>$9.99</p><a href="https://www.amazon.com/dp/B078BBKBPV?tag=eloabder-20&linkCode=osi&th=1&psc=1">View Product</a></div><div class="product"><a href="https://www.amazon.com/dp/B00A6G37SU?tag=eloabder-20&linkCode=osi&th=1&psc=1"><img src="https://m.media-amazon.com/images/I/51xo0LB-SpL._SL500_.jpg" alt="Product Image"></a><p>BISSELL PowerFresh Steam Mop Pads (Pack of 2) with Fragrance discs (4 ct), 5938</p><p>$21.26 ($10.63 / Count)</p><a href="https://www.amazon.com/dp/B00A6G37SU?tag=eloabder-20&linkCode=osi&th=1&psc=1">View Product</a></div>
<div class="product"><a href="https://www.amazon.com/dp/B0D2QFVY7H?tag=eloabder-20&linkCode=osi&th=1&psc=1"><img src="https://m.media-amazon.com/images/I/417B7H+vvML._SL500_.jpg" alt="Product Image"></a><p>Kenmore KS1010 Deep Clean & Revitalize Pet Carpet Cleaner Formula, 64 oz, White, 64 Fl Oz</p><p>$22.73 ($0.36 / Fl Oz)</p><a href="https://www.amazon.com/dp/B0D2QFVY7H?tag=eloabder-20&linkCode=osi&th=1&psc=1">View Product</a></div><div class="product"><a href="https://www.amazon.com/dp/B0BNK8ZJJ1?tag=eloabder-20&linkCode=osi&th=1&psc=1"><img src="https://m.media-amazon.com/images/I/51z0Pc4xcNL._SL500_.jpg" alt="Product Image"></a><p>Bissell Spotlifter Pet Carpet and Upholstery Cleaner with Brush Head - 4 Pack, 93523</p><p>$23.88 ($0.50 / Fl Oz)</p><a href="https://www.amazon.com/dp/B0BNK8ZJJ1?tag=eloabder-20&linkCode=osi&th=1&psc=1">View Product</a></div><div class="product"><a href="https://www.amazon.com/dp/B0CX245D26?tag=eloabder-20&linkCode=osi&th=1&psc=1"><img src="https://m.media-amazon.com/images/I/411CSXvvO1L._SL500_.jpg" alt="Product Image"></a><p>BISSELLÂ® Spot & Stain with Febreze + Gain Original Scent Formula for Little Green Devices, Portable Carpet Cleaners (3968)</p><p>$12.99 ($0.41 / Fl Oz)</p><a href="https://www.amazon.com/dp/B0CX245D26?tag=eloabder-20&linkCode=osi&th=1&psc=1">View Product</a></div><div class="product"><a href="https://www.amazon.com/dp/B083VZW4R5?tag=eloabder-20&linkCode=osi&th=1&psc=1"><img src="https://m.media-amazon.com/images/I/413BULPLmBL._SL500_.jpg" alt="Product Image"></a><p>BISSELL Multi-Surface Pet Formula with Febreze Freshness for Crosswave (80 oz), 2295L</p><p>$22.99 ($0.29 / Fl Oz)</p><a href="https://www.amazon.com/dp/B083VZW4R5?tag=eloabder-20&linkCode=osi&th=1&psc=1">View Product</a></div><div class="product"><a href="https://www.amazon.com/dp/B0D2RGW219?tag=eloabder-20&linkCode=osi&th=1&psc=1"><img src="https://m.media-amazon.com/images/I/41gD+82tnAL._SL500_.jpg" alt="Product Image"></a><p>Vacmaster Clean & Restore Carpet Cleaner Formula â€“ CCS03</p><p>$19.99 ($0.31 / Fl Oz)</p><a href="https://www.amazon.com/dp/B0D2RGW219?tag=eloabder-20&linkCode=osi&th=1&psc=1">View Product</a></div>






<div class="product"><a href="https://www.amazon.com/dp/B0BY64HQTP?tag=eloabder-20&linkCode=osi&th=1&psc=1"><img src="https://m.media-amazon.com/images/I/41hUxHuASYL._SL500_.jpg" alt="Product Image"></a><p>Air Conditioning Motor WZDK13-38G-1(RD-310-13-8) DC Brushless Fan Motor, 13W Inverter air Conditioner Motor DC Motor for Central air Conditioner</p><p>$39.95</p><a href="https://www.amazon.com/dp/B0BY64HQTP?tag=eloabder-20&linkCode=osi&th=1&psc=1">View Product</a></div><div class="product"><a href="https://www.amazon.com/dp/B0CM5YB884?tag=eloabder-20&linkCode=osi&th=1&psc=1"><img src="https://m.media-amazon.com/images/I/310lQ2tAvLL._SL500_.jpg" alt="Product Image"></a><p>Sparkfix OEM WZDK20-38G (ZKFP-20-8-6) Air Conditioner Replacement Motors DC280V 20W Air Conditioning Fan Motor Inverter Air Conditioner Brushless DC Motor 1300RPM CCW</p><p>$42.79</p><a href="https://www.amazon.com/dp/B0CM5YB884?tag=eloabder-20&linkCode=osi&th=1&psc=1">View Product</a></div>













<div class="product"><a href="https://www.amazon.com/dp/B009PCI2JU?tag=eloabder-20&linkCode=osi&th=1&psc=1"><img src="https://m.media-amazon.com/images/I/310ZJurANUL._SL500_.jpg" alt="Product Image"></a><p>GE RPWFE Refrigerator Water Filter | Certified to Reduce Lead, Sulfur, and 50+ Other Impurities | Replace Every 6 Months for Best Results | Pack of 1</p><p>$49.98</p><a href="https://www.amazon.com/dp/B009PCI2JU?tag=eloabder-20&linkCode=osi&th=1&psc=1">View Product</a></div><div class="product"><a href="https://www.amazon.com/dp/B0882ZJ48W?tag=eloabder-20&linkCode=osi&th=1&psc=1"><img src="https://m.media-amazon.com/images/I/41110o9sUoL._SL500_.jpg" alt="Product Image"></a><p>GE XWFE Refrigerator Water Filter | Certified to Reduce Lead, Sulfur, and 50+ Other Impurities | Replace Every 6 Months for Best Results | Pack of 1, White</p><p>$49.00</p><a href="https://www.amazon.com/dp/B0882ZJ48W?tag=eloabder-20&linkCode=osi&th=1&psc=1">View Product</a></div><div class="product"><a href="https://www.amazon.com/dp/B074HLRXMP?tag=eloabder-20&linkCode=osi&th=1&psc=1"><img src="https://m.media-amazon.com/images/I/21oDpGCQXiL._SL500_.jpg" alt="Product Image"></a><p>LG LT1000P - 6 Month / 200 Gallon Capacity Replacement Refrigerator Water Filter (NSF42, NSF53, and NSF401) ADQ74793501, ADQ75795105, or AGF80300704 , White</p><p>$47.00</p><a href="https://www.amazon.com/dp/B074HLRXMP?tag=eloabder-20&linkCode=osi&th=1&psc=1">View Product</a></div><div class="product"><a href="https://www.amazon.com/dp/B01BKWSHHE?tag=eloabder-20&linkCode=osi&th=1&psc=1"><img src="https://m.media-amazon.com/images/I/31E2+zlkvjL._SL500_.jpg" alt="Product Image"></a><p>Frigidaire EPTWFU01 Water Filtration Filter, 1 Count, White</p><p>$42.99</p><a href="https://www.amazon.com/dp/B01BKWSHHE?tag=eloabder-20&linkCode=osi&th=1&psc=1">View Product</a></div><div class="product"><a href="https://www.amazon.com/dp/B08V6JB9R7?tag=eloabder-20&linkCode=osi&th=1&psc=1"><img src="https://m.media-amazon.com/images/I/31PRPEffCZL._SL500_.jpg" alt="Product Image"></a><p>Frigidaire FPPWFU01 PurePour PWF-1 Water Filter 1 Count (Pack of 1)</p><p>$45.81</p><a href="https://www.amazon.com/dp/B08V6JB9R7?tag=eloabder-20&linkCode=osi&th=1&psc=1">View Product</a></div><div class="product"><a href="https://www.amazon.com/dp/B000AST3AK?tag=eloabder-20&linkCode=osi&th=1&psc=1"><img src="https://m.media-amazon.com/images/I/41DUoSxpwTS._SL500_.jpg" alt="Product Image"></a><p>GE MWF Refrigerator Water Filter | Certified to Reduce Lead, Sulfur, and 50+ Other Impurities | Replace Every 6 Months for Best Results | Pack of 1</p><p>$39.98</p><a href="https://www.amazon.com/dp/B000AST3AK?tag=eloabder-20&linkCode=osi&th=1&psc=1">View Product</a></div><div class="product"><a href="https://www.amazon.com/dp/B0CFZR7K8D?tag=eloabder-20&linkCode=osi&th=1&psc=1"><img src="https://m.media-amazon.com/images/I/31WM5sdhKLL._SL500_.jpg" alt="Product Image"></a><p>HMASAV W10295370A water filter replacement, Compatible with EDR1RXD1,EDR1RXD1B,W10295370,Filter 1,WHR1RXD1,KAD1RXD1,P4RFWB,P8RFWB2L,46-9930,46-9081 2PACK</p><p>$29.99 ($15.00 / Count)</p><a href="https://www.amazon.com/dp/B0CFZR7K8D?tag=eloabder-20&linkCode=osi&th=1&psc=1">View Product</a></div><div class="product"><a href="https://www.amazon.com/dp/B07JM9TTTT?tag=eloabder-20&linkCode=osi&th=1&psc=1"><img src="https://m.media-amazon.com/images/I/41CfAtJ8TPL._SL500_.jpg" alt="Product Image"></a><p>GLACIER FRESH LT1000PC Replacement Water Filter, Compatible with LT1000PC/PCS, LT1000PC, LT-1000PC, MDJ64844601, ADQ747935 ADQ74793504 Filter and LT120F ADQ73334008 Fresh Air (3+3)</p><p>$39.99 ($13.33 / Count)</p><a href="https://www.amazon.com/dp/B07JM9TTTT?tag=eloabder-20&linkCode=osi&th=1&psc=1">View Product</a></div><div class="product"><a href="https://www.amazon.com/dp/B003N1ZSYG?tag=eloabder-20&linkCode=osi&th=1&psc=1"><img src="https://m.media-amazon.com/images/I/31Mbrkrxu1L._SL500_.jpg" alt="Product Image"></a><p>SAMSUNG Genuine Filter for Refrigerator Water and Ice, Carbon Block Filtration for Clean, Clear Drinking Water, 6-Month Life, HAF-CIN/EXP, 1 Pack</p><p>$39.99</p><a href="https://www.amazon.com/dp/B003N1ZSYG?tag=eloabder-20&linkCode=osi&th=1&psc=1">View Product</a></div>









<div class="product"><a href="https://www.amazon.com/dp/B0B2NZ47HN?tag=eloabder-20&linkCode=osi&th=1&psc=1"><img src="https://m.media-amazon.com/images/I/41nC6c2XxJL._SL500_.jpg" alt="Product Image"></a><p>OTE Portable Sparkling Water Maker Soda Maker Machine for home with 20PCS Cylinders 450ml Personal seltzer Carbonators Electroless Double Layer PET Bottle BPA Free Double Pressure Relief Valves -Pink</p><p>$49.99</p><a href="https://www.amazon.com/dp/B0B2NZ47HN?tag=eloabder-20&linkCode=osi&th=1&psc=1">View Product</a></div><div class="product"><a href="https://www.amazon.com/dp/B09DY54L7M?tag=eloabder-20&linkCode=osi&th=1&psc=1"><img src="https://m.media-amazon.com/images/I/31LSpnm3G8L._SL500_.jpg" alt="Product Image"></a><p>MOSOLAN Bottle Cleaning Brush, 17 Inches Extra Long Handle Water Bottle Brush, Flexible Bendable Cleaner for Washing Narrow Neck Bottles, Wine Decanter, Kombucha, Pipes, Beer Brewing Supplies, 2 Pack</p><p>$11.95 ($5.98 / Count)</p><a href="https://www.amazon.com/dp/B09DY54L7M?tag=eloabder-20&linkCode=osi&th=1&psc=1">View Product</a></div><div class="product"><a href="https://www.amazon.com/dp/B0736CBNDN?tag=eloabder-20&linkCode=osi&th=1&psc=1"><img src="https://m.media-amazon.com/images/I/41tWXmwP5KL._SL500_.jpg" alt="Product Image"></a><p>#2 Filter Pads (10 Pack Bulk) Compatible with Mini Jet Machine | #2 1.8-2.5 micron | 2 Micron Filtering pads. Filter Wine Beer, Kombucha, Mead Mash. Polishing filtration| Not a Buon Vino product.</p><p>$18.99</p><a href="https://www.amazon.com/dp/B0736CBNDN?tag=eloabder-20&linkCode=osi&th=1&psc=1">View Product</a></div>









<div class="product"><a href="https://www.amazon.com/dp/B07YGN577Y?tag=eloabder-20&linkCode=osi&th=1&psc=1"><img src="https://m.media-amazon.com/images/I/31kfZiyDMUL._SL500_.jpg" alt="Product Image"></a><p>9870163 Trash Power Nut WP9870163 L8</p><p>$50.36</p><a href="https://www.amazon.com/dp/B07YGN577Y?tag=eloabder-20&linkCode=osi&th=1&psc=1">View Product</a></div>

<div class="product"><a href="https://www.amazon.com/dp/B0CWQLM4C7?tag=eloabder-20&linkCode=osi&th=1&psc=1"><img src="https://m.media-amazon.com/images/I/41gTEIOjtlL._SL500_.jpg" alt="Product Image"></a><p>7" Seven Seconds Lazy Kitchen Food Making Tools - Multifunctional Fruit Vegetable Chopper Quick Garlic Peeling Machine Convenient Food Chopper for Slicing,Juice,Grinding</p><p>$32.99</p><a href="https://www.amazon.com/dp/B0CWQLM4C7?tag=eloabder-20&linkCode=osi&th=1&psc=1">View Product</a></div>







<div class="product"><a href="https://www.amazon.com/dp/B0CNKFM9WR?tag=eloabder-20&linkCode=osi&th=1&psc=1"><img src="https://m.media-amazon.com/images/I/31sGGIDic9L._SL500_.jpg" alt="Product Image"></a><p>hobbyme Pack of 4 Plastic Coffee Scoops with Brush & Espresso Grinder Brush for Ground Coffee Cleaning Tea Power Coffee Grinder Spoon</p><p>$6.49</p><a href="https://www.amazon.com/dp/B0CNKFM9WR?tag=eloabder-20&linkCode=osi&th=1&psc=1">View Product</a></div>





<div class="product"><a href="https://www.amazon.com/dp/B07798328B?tag=eloabder-20&linkCode=osi&th=1&psc=1"><img src="https://m.media-amazon.com/images/I/31Vpin+sgUS._SL500_.jpg" alt="Product Image"></a><p>Prime-Line MP10513 Standard Plastic Ice Cube Trays (5 Pack)</p><p>$12.69</p><a href="https://www.amazon.com/dp/B07798328B?tag=eloabder-20&linkCode=osi&th=1&psc=1">View Product</a></div><div class="product"><a href="https://www.amazon.com/dp/B077965JDB?tag=eloabder-20&linkCode=osi&th=1&psc=1"><img src="https://m.media-amazon.com/images/I/31H1hNlH6RL._SL500_.jpg" alt="Product Image"></a><p>Prime-Line MP10863 Standard Plastic Ice Cube Trays (2 Pack)</p><p>$9.69</p><a href="https://www.amazon.com/dp/B077965JDB?tag=eloabder-20&linkCode=osi&th=1&psc=1">View Product</a></div>

<div class="product"><a href="https://www.amazon.com/dp/B08MPLY84K?tag=eloabder-20&linkCode=osi&th=1&psc=1"><img src="https://m.media-amazon.com/images/I/31kWTfzQJBL._SL500_.jpg" alt="Product Image"></a><p>Syntus Vacuum Sealer Bags, 6 Pack 3 Rolls 11" x 20' and 3 Rolls 8" x 20' Commercial Grade BPA Free Bag Rolls, Food Vac Bags for Storage, Meal Prep or Sous Vide</p><p>$19.99</p><a href="https://www.amazon.com/dp/B08MPLY84K?tag=eloabder-20&linkCode=osi&th=1&psc=1">View Product</a></div><div class="product"><a href="https://www.amazon.com/dp/B0C5BWRMQL?tag=eloabder-20&linkCode=osi&th=1&psc=1"><img src="https://m.media-amazon.com/images/I/41yPpkb6oeL._SL500_.jpg" alt="Product Image"></a><p>Bonsenkitchen Vacuum Sealer Rolls Bags, 6 Pack 3 Rolls 11" x 20' + 3 Rolls 8" x 20' Commercial Grade BPA Free Bag Rolls, Durable Customized Size Food Vac Bags for Storage and Sous Vide Cooking VB3211</p><p>$19.99 ($3.33 / Count)</p><a href="https://www.amazon.com/dp/B0C5BWRMQL?tag=eloabder-20&linkCode=osi&th=1&psc=1">View Product</a></div><div class="product"><a href="https://www.amazon.com/dp/B0C5C1JTC4?tag=eloabder-20&linkCode=osi&th=1&psc=1"><img src="https://m.media-amazon.com/images/I/31JpyYsm7YL._SL500_.jpg" alt="Product Image"></a><p>Bonsenkitchen Vacuum Food Sealer Bags 200 Quart 8" x 12", BPA Free, Commercial Grade Textured Food Vacuum Sealer Bag, Thick Embossed Bags for Food Storage and Sous Vide Cooking VB3208</p><p>$18.39 ($0.09 / Count)</p><a href="https://www.amazon.com/dp/B0C5C1JTC4?tag=eloabder-20&linkCode=osi&th=1&psc=1">View Product</a></div><div class="product"><a href="https://www.amazon.com/dp/B07TMZDGQ1?tag=eloabder-20&linkCode=osi&th=1&psc=1"><img src="https://m.media-amazon.com/images/I/31cRCu-JIsL._SL500_.jpg" alt="Product Image"></a><p>Wevac Vacuum Sealer Bags 11x50 Rolls 2 pack for Food Saver, Seal a Meal, Weston. Commercial Grade, BPA Free, Heavy Duty, Great for vac storage, Meal Prep or Sous Vide</p><p>$20.99 ($0.21 / Count)</p><a href="https://www.amazon.com/dp/B07TMZDGQ1?tag=eloabder-20&linkCode=osi&th=1&psc=1">View Product</a></div><div class="product"><a href="https://www.amazon.com/dp/B07TV4KRCL?tag=eloabder-20&linkCode=osi&th=1&psc=1"><img src="https://m.media-amazon.com/images/I/31uv3qtc9bL._SL500_.jpg" alt="Product Image"></a><p>Wevac Vacuum Sealer Bags 100 Gallon 11x16 Inch for Food Saver, Seal a Meal, Weston. Commercial Grade, BPA Free, Heavy Duty, Great for vac storage, Meal Prep and Sous Vide</p><p>$21.24</p><a href="https://www.amazon.com/dp/B07TV4KRCL?tag=eloabder-20&linkCode=osi&th=1&psc=1">View Product</a></div>


<div class="product"><a href="https://www.amazon.com/dp/B093G5XCVF?tag=eloabder-20&linkCode=osi&th=1&psc=1"><img src="https://m.media-amazon.com/images/I/313Cq6ASf0S._SL500_.jpg" alt="Product Image"></a><p>2 Multipurpose Pastry Brush Basting & Coffee Grinders Cleaning Brush Wooden Handle Natural Boar Bristles Baking Cooking Sauce egg wash Bakery Supply Espresso Bean Barista</p><p>$7.21</p><a href="https://www.amazon.com/dp/B093G5XCVF?tag=eloabder-20&linkCode=osi&th=1&psc=1">View Product</a></div><div class="product"><a href="https://www.amazon.com/dp/B07JGRYG31?tag=eloabder-20&linkCode=osi&th=1&psc=1"><img src="https://m.media-amazon.com/images/I/31nd-jhgzdL._SL500_.jpg" alt="Product Image"></a><p>Coffee Grinder Cleaning Brush + Coffee Brush Wood Handle & Natural Bristles Pastry Brush</p><p>$5.99</p><a href="https://www.amazon.com/dp/B07JGRYG31?tag=eloabder-20&linkCode=osi&th=1&psc=1">View Product</a></div><div class="product"><a href="https://www.amazon.com/dp/B0C53G4T7X?tag=eloabder-20&linkCode=osi&th=1&psc=1"><img src="https://m.media-amazon.com/images/I/21Hrgmpj8YL._SL500_.jpg" alt="Product Image"></a><p>Leadigol Cleaning Tool Coffee Machine Home Pastry Brush Multifunctional Wooden Handle Baking Soft Bristles Coffee Grinder Brush</p><p>$7.99</p><a href="https://www.amazon.com/dp/B0C53G4T7X?tag=eloabder-20&linkCode=osi&th=1&psc=1">View Product</a></div><div class="product"><a href="https://www.amazon.com/dp/B07W5WM2LF?tag=eloabder-20&linkCode=osi&th=1&psc=1"><img src="https://m.media-amazon.com/images/I/41-7fWE9tSL._SL500_.jpg" alt="Product Image"></a><p>Redecker Waffle Machine Brush with Oiled Beechwood Handle, Stiff Heat-resistant Tampico Fiber Bristles, 6-1/2 inches, Made in Germany</p><p>$21.99</p><a href="https://www.amazon.com/dp/B07W5WM2LF?tag=eloabder-20&linkCode=osi&th=1&psc=1">View Product</a></div>






Aucun rÃ©sultat trouvÃ©.


<div class="product"><a href="https://www.amazon.com/dp/B00LQKZQAW?tag=eloabder-20&linkCode=osi&th=1&psc=1"><img src="https://m.media-amazon.com/images/I/31nBii+cbiL._SL500_.jpg" alt="Product Image"></a><p>Electrolux 5308000716 Dish Replacement , White</p><p>$17.16</p><a href="https://www.amazon.com/dp/B00LQKZQAW?tag=eloabder-20&linkCode=osi&th=1&psc=1">View Product</a></div><div class="product"><a href="https://www.amazon.com/dp/B09BBPTSNK?tag=eloabder-20&linkCode=osi&th=1&psc=1"><img src="https://m.media-amazon.com/images/I/41kdVEnPDTL._SL500_.jpg" alt="Product Image"></a><p>Judeeâ€™s Butter Powder 5 lb - 100% Non-GMO and Keto-Friendly - rBST Hormone-Free - Gluten-Free and Nut-Free - Made from 100% Real Butter - Baking Ready Ingredient - Made in USA</p><p>$59.99 ($0.75 / Ounce)</p><a href="https://www.amazon.com/dp/B09BBPTSNK?tag=eloabder-20&linkCode=osi&th=1&psc=1">View Product</a></div>
<div class="product"><a href="https://www.amazon.com/dp/B0C1G9K19X?tag=eloabder-20&linkCode=osi&th=1&psc=1"><img src="https://m.media-amazon.com/images/I/41OVBrQ1wFL._SL500_.jpg" alt="Product Image"></a><p>Coffee Cup Design Coffee Filter Holder, Coffee Paper Rack Stand, Metal Coffee Filter Container Stand, Coffee Bar Accessories Vertical Paper Towel Napkin Holder for Cone Square Fan Shaped Size (Black)</p><p>$8.99</p><a href="https://www.amazon.com/dp/B0C1G9K19X?tag=eloabder-20&linkCode=osi&th=1&psc=1">View Product</a></div><div class="product"><a href="https://www.amazon.com/dp/B07TP1YN7G?tag=eloabder-20&linkCode=osi&th=1&psc=1"><img src="https://m.media-amazon.com/images/I/41BpYdpRyaL._SL500_.jpg" alt="Product Image"></a><p>CAFEMASY Coffee Filter Holder Storage Coffee Filter Paper Dispenser Rack with Dustproof Cover for V60 and Cone Coffee Filters</p><p>$9.99</p><a href="https://www.amazon.com/dp/B07TP1YN7G?tag=eloabder-20&linkCode=osi&th=1&psc=1">View Product</a></div><div class="product"><a href="https://www.amazon.com/dp/B0BFCTW7MY?tag=eloabder-20&linkCode=osi&th=1&psc=1"><img src="https://m.media-amazon.com/images/I/31s709IEZkL._SL500_.jpg" alt="Product Image"></a><p>Coffee Filter Holder, watchget Reusable Coffee Paper Filter Storage Bag for Cone-shaped Filter Papers V60 Waterproof Canvas Suitable for Outdoor Camping Traveling(02)</p><p>$11.99</p><a href="https://www.amazon.com/dp/B0BFCTW7MY?tag=eloabder-20&linkCode=osi&th=1&psc=1">View Product</a></div>





<div class="product"><a href="https://www.amazon.com/dp/B0CTJD9VK7?tag=eloabder-20&linkCode=osi&th=1&psc=1"><img src="https://m.media-amazon.com/images/I/31pqr-gIt8L._SL500_.jpg" alt="Product Image"></a><p>[4 Pack] Water Bottle Brush & Straw Cleaner Set,Stainless Steel Long Handle Baby Bottle Scrub Cleaning Brush for Sports Bottles, Cups, Dishes, Coffee Mugs, Glasswares, Tumblers, Wine Decanters</p><p>$6.50</p><a href="https://www.amazon.com/dp/B0CTJD9VK7?tag=eloabder-20&linkCode=osi&th=1&psc=1">View Product</a></div>




<div class="product"><a href="https://www.amazon.com/dp/B0BQSPKDN4?tag=eloabder-20&linkCode=osi&th=1&psc=1"><img src="https://m.media-amazon.com/images/I/416EnQJjKDL._SL500_.jpg" alt="Product Image"></a><p>Teflon Sheets for Baking (3-Pack) Bundled with ninja foodi air fryer liners (1-Pack) - Baking Sheets for Oven and Air Fryer Oven Mat 12" x 12" - Reusable & Heat Resistant</p><p>$9.99</p><a href="https://www.amazon.com/dp/B0BQSPKDN4?tag=eloabder-20&linkCode=osi&th=1&psc=1">View Product</a></div>















<div class="product"><a href="https://www.amazon.com/dp/B00UTFZAII?tag=eloabder-20&linkCode=osi&th=1&psc=1"><img src="https://m.media-amazon.com/images/I/31z7hZ6KbXL._SL500_.jpg" alt="Product Image"></a><p>Miele 10123210 AirClean 3D Efficiency Dust Bag, Type GN, 4 Bags & 2 Filters, White</p><p>$21.86 ($21.86 / Count)</p><a href="https://www.amazon.com/dp/B00UTFZAII?tag=eloabder-20&linkCode=osi&th=1&psc=1">View Product</a></div><div class="product"><a href="https://www.amazon.com/dp/B07WHG6J5S?tag=eloabder-20&linkCode=osi&th=1&psc=1"><img src="https://m.media-amazon.com/images/I/41hnaEOxB9L._SL500_.jpg" alt="Product Image"></a><p>KEEPOW Vacuum Filters for Eureka, Power Speed Vacuum Filters Replacement for Eureka NEU182A, NEU182B, NEU280, NEU180, NEU181, NEU188, NEU202 Bagless Upright Vacuum Cleaner, Part E0202 (4 Pack)</p><p>$9.99 ($2.50 / Count)</p><a href="https://www.amazon.com/dp/B07WHG6J5S?tag=eloabder-20&linkCode=osi&th=1&psc=1">View Product</a></div><div class="product"><a href="https://www.amazon.com/dp/B00UTFZB82?tag=eloabder-20&linkCode=osi&th=1&psc=1"><img src="https://m.media-amazon.com/images/I/41WdlL5T0dL._SL500_.jpg" alt="Product Image"></a><p>Miele AirClean 3D Efficiency Dust Bag, Type FJM, 4 Bags & 2 Filters, White</p><p>$18.99</p><a href="https://www.amazon.com/dp/B00UTFZB82?tag=eloabder-20&linkCode=osi&th=1&psc=1">View Product</a></div><div class="product"><a href="https://www.amazon.com/dp/B09NKP346M?tag=eloabder-20&linkCode=osi&th=1&psc=1"><img src="https://m.media-amazon.com/images/I/41o25nqkODL._SL500_.jpg" alt="Product Image"></a><p>Anewise 6 Pack Filter Replacement for Bissell Powerforce Compact Lightweight Upright 2112 1520 for Bissel Turbo Bagless 2690 Cleanview 3437 3508 Vacuum Cleaner, Compare to Parts #1604896/160-4896</p><p>$12.99</p><a href="https://www.amazon.com/dp/B09NKP346M?tag=eloabder-20&linkCode=osi&th=1&psc=1">View Product</a></div><div class="product"><a href="https://www.amazon.com/dp/B01MQ5NITB?tag=eloabder-20&linkCode=osi&th=1&psc=1"><img src="https://m.media-amazon.com/images/I/41J6lG4H1bL._SL500_.jpg" alt="Product Image"></a><p>Bissell Style 7 3 Pack Vacuum Cleaner Bags, White, 3 Count</p><p>$8.69 ($2.90 / Count)</p><a href="https://www.amazon.com/dp/B01MQ5NITB?tag=eloabder-20&linkCode=osi&th=1&psc=1">View Product</a></div><div class="product"><a href="https://www.amazon.com/dp/B0CDH1JY5D?tag=eloabder-20&linkCode=osi&th=1&psc=1"><img src="https://m.media-amazon.com/images/I/516DPXu4siL._SL500_.jpg" alt="Product Image"></a><p>4 Pack Replacement Filters Compatiable with Wyze Cordless Vacuum Cleaner, Removable and Washable HEPA Filter Accessories Part Set with 1 Cleaning Brush for Wyze Handheld Cordless Vacuum Cleaner</p><p>$15.99 ($4.00 / Count)</p><a href="https://www.amazon.com/dp/B0CDH1JY5D?tag=eloabder-20&linkCode=osi&th=1&psc=1">View Product</a></div><div class="product"><a href="https://www.amazon.com/dp/B07P3WB37F?tag=eloabder-20&linkCode=osi&th=1&psc=1"><img src="https://m.media-amazon.com/images/I/51WaYrkiVXL._SL500_.jpg" alt="Product Image"></a><p>Miele AirClean 3D Efficiency Dust Bag, Type GN, XL Value Pack, 8 Bags and 4 Filters</p><p>$36.99</p><a href="https://www.amazon.com/dp/B07P3WB37F?tag=eloabder-20&linkCode=osi&th=1&psc=1">View Product</a></div><div class="product"><a href="https://www.amazon.com/dp/B09DSY4Z2T?tag=eloabder-20&linkCode=osi&th=1&psc=1"><img src="https://m.media-amazon.com/images/I/51+ref3EeAL._SL500_.jpg" alt="Product Image"></a><p>Filter Replacement for Tineco A10 A11 Hero A10/A11 Master PURE ONE S11 Series, S12, X Cordless Vacuum Cleaner (3 PACK) â€¦</p><p>$12.99 ($4.33 / Count)</p><a href="https://www.amazon.com/dp/B09DSY4Z2T?tag=eloabder-20&linkCode=osi&th=1&psc=1">View Product</a></div>


<div class="product"><a href="https://www.amazon.com/dp/B0BXRR5QFV?tag=eloabder-20&linkCode=osi&th=1&psc=1"><img src="https://m.media-amazon.com/images/I/41sjdBkCp8L._SL500_.jpg" alt="Product Image"></a><p>AC Infinity CLOUDFORGE T7, Plant Humidifier 15L with VPD Humidity Controls, 10-Level Precision Vaporizer, Extendable Hose, Targeting Pipe, and No-Leak Seal for Grow Tents</p><p>$159.00</p><a href="https://www.amazon.com/dp/B0BXRR5QFV?tag=eloabder-20&linkCode=osi&th=1&psc=1">View Product</a></div><div class="product"><a href="https://www.amazon.com/dp/B01N6MV8SA?tag=eloabder-20&linkCode=osi&th=1&psc=1"><img src="https://m.media-amazon.com/images/I/41hX08+W1xL._SL500_.jpg" alt="Product Image"></a><p>Protec Humidifier Tank Cleaner, 1 Count - Colors May Vary</p><p>$5.98</p><a href="https://www.amazon.com/dp/B01N6MV8SA?tag=eloabder-20&linkCode=osi&th=1&psc=1">View Product</a></div><div class="product"><a href="https://www.amazon.com/dp/B07GXBTH82?tag=eloabder-20&linkCode=osi&th=1&psc=1"><img src="https://m.media-amazon.com/images/I/41ibxK12JPL._SL500_.jpg" alt="Product Image"></a><p>Essick Air 1970-2 Humidifier, 2-Quart Bacteriostatic Treatment, 2 Pack, Clear, 2</p><p>$22.99</p><a href="https://www.amazon.com/dp/B07GXBTH82?tag=eloabder-20&linkCode=osi&th=1&psc=1">View Product</a></div><div class="product"><a href="https://www.amazon.com/dp/B08TTT3K9B?tag=eloabder-20&linkCode=osi&th=1&psc=1"><img src="https://m.media-amazon.com/images/I/41U6j9SexmL._SL500_.jpg" alt="Product Image"></a><p>Leemone Humidifier Cleaner 12 Pack, Demineralization Cleaning Ball, Works in All humidifiers and Fish Tanks, Purifies Water, Prevents Hard Water Build-Up, Eliminates White Dust and Odor</p><p>$14.44</p><a href="https://www.amazon.com/dp/B08TTT3K9B?tag=eloabder-20&linkCode=osi&th=1&psc=1">View Product</a></div>
<div class="product"><a href="https://www.amazon.com/dp/B07YD4XCT3?tag=eloabder-20&linkCode=osi&th=1&psc=1"><img src="https://m.media-amazon.com/images/I/41hR81iKyJL._SL500_.jpg" alt="Product Image"></a><p>Vacplus Moisture Absorber Packets, Fragrance Free(10 Pack), Humidity Packs, Hanging Closet Dehumidifier Bags, Desiccant 9.8OZ</p><p>$21.99</p><a href="https://www.amazon.com/dp/B07YD4XCT3?tag=eloabder-20&linkCode=osi&th=1&psc=1">View Product</a></div><div class="product"><a href="https://www.amazon.com/dp/B09LQF5V5K?tag=eloabder-20&linkCode=osi&th=1&psc=1"><img src="https://m.media-amazon.com/images/I/51Cx5ECAotL._SL500_.jpg" alt="Product Image"></a><p>CLEVAST Moisture Absorbers Packets 10 Pack, Dehumidifier Bags for Closet, Unscented Hanging Humidity Absorber in Wardrobes, Bedrooms, Bathrooms(230g/pack)</p><p>$16.98</p><a href="https://www.amazon.com/dp/B09LQF5V5K?tag=eloabder-20&linkCode=osi&th=1&psc=1">View Product</a></div><div class="product"><a href="https://www.amazon.com/dp/B0B8L9QRW8?tag=eloabder-20&linkCode=osi&th=1&psc=1"><img src="https://m.media-amazon.com/images/I/518LgtpPi8L._SL500_.jpg" alt="Product Image"></a><p>Arm & Hammer Essentials Disposable Moisture Absorber and Odor Eliminator Tub, Fragrance Free, 1 lb, 3-Pack, Attracts and Traps Excess Moisture, Ideal Closet Dehumidifier, White</p><p>$24.94 ($0.52 / Ounce)</p><a href="https://www.amazon.com/dp/B0B8L9QRW8?tag=eloabder-20&linkCode=osi&th=1&psc=1">View Product</a></div><div class="product"><a href="https://www.amazon.com/dp/B09W9TPJGZ?tag=eloabder-20&linkCode=osi&th=1&psc=1"><img src="https://m.media-amazon.com/images/I/51pVTVMwHbL._SL500_.jpg" alt="Product Image"></a><p>THECOSKY Dehumidifier and Air Purifier Combo,HEPA H13 Filter and Negative Air Ion Function,54oz(1.6L) Water Tank with Drain Hose,24hrs Auto-Off Timer,Idea for Bedroom,Bathroom,Closet,RV</p><p>$109.99</p><a href="https://www.amazon.com/dp/B09W9TPJGZ?tag=eloabder-20&linkCode=osi&th=1&psc=1">View Product</a></div><div class="product"><a href="https://www.amazon.com/dp/B0CXDG65LZ?tag=eloabder-20&linkCode=osi&th=1&psc=1"><img src="https://m.media-amazon.com/images/I/41HNflmbKHL._SL500_.jpg" alt="Product Image"></a><p>14 x 17.5 x1.75 MERV 13 Replacement Dehumidifier Filter Compatible with Santa Fe Advance90, Advance100, Advance120, Honeywell DR90 & DR120 dehumidifier models, 2 Pack</p><p>$42.99</p><a href="https://www.amazon.com/dp/B0CXDG65LZ?tag=eloabder-20&linkCode=osi&th=1&psc=1">View Product</a></div>
<div class="product"><a href="https://www.amazon.com/dp/B088B921NQ?tag=eloabder-20&linkCode=osi&th=1&psc=1"><img src="https://m.media-amazon.com/images/I/612e4cT3RYL._SL500_.jpg" alt="Product Image"></a><p>ULTTY H13 HEPA Replacement Filter with Medical Coating, True HEPA Filter For R021/ R020 Purifying Fan, Medium</p><p>$29.99</p><a href="https://www.amazon.com/dp/B088B921NQ?tag=eloabder-20&linkCode=osi&th=1&psc=1">View Product</a></div><div class="product"><a href="https://www.amazon.com/dp/B0D2MZ4Y7Z?tag=eloabder-20&linkCode=osi&th=1&psc=1"><img src="https://m.media-amazon.com/images/I/51KgTHizWyL._SL500_.jpg" alt="Product Image"></a><p>Butto 5-Pack Ceiling Fan Filters for Blades - Strong Adhesive Ceiling Fan Filters for Common Household Contaminants - Unscented Coconut Carbon Fan Air Purifier Pads to Make Air Fresh and Natural</p><p>$9.98</p><a href="https://www.amazon.com/dp/B0D2MZ4Y7Z?tag=eloabder-20&linkCode=osi&th=1&psc=1">View Product</a></div><div class="product"><a href="https://www.amazon.com/dp/B0C42HCM21?tag=eloabder-20&linkCode=osi&th=1&psc=1"><img src="https://m.media-amazon.com/images/I/31jk3lpoygL._SL500_.jpg" alt="Product Image"></a><p>Barnakl Ceiling Fan Filters | Activated Coconut Shell Carbon Filter | Easy-Stick Universal Ceiling Fan Air Filters | Unscented Ceiling Fan Blade Filters for Common Household Contaminants, (3-Count)</p><p>$19.99 ($6.66 / Count)</p><a href="https://www.amazon.com/dp/B0C42HCM21?tag=eloabder-20&linkCode=osi&th=1&psc=1">View Product</a></div>
<div class="product"><a href="https://www.amazon.com/dp/B08LZWP29P?tag=eloabder-20&linkCode=osi&th=1&psc=1"><img src="https://m.media-amazon.com/images/I/41NLuzzFW9L._SL500_.jpg" alt="Product Image"></a><p>Chromex Tankless Water Heater Descaling Solution | Highly Effective Descaler Restores Heating Efficiency, Quart, 32 fl oz (1)</p><p>$26.99</p><a href="https://www.amazon.com/dp/B08LZWP29P?tag=eloabder-20&linkCode=osi&th=1&psc=1">View Product</a></div>

<div class="product"><a href="https://www.amazon.com/dp/B005UO4OWQ?tag=eloabder-20&linkCode=osi&th=1&psc=1"><img src="https://m.media-amazon.com/images/I/41oQPKFofoL._SL500_.jpg" alt="Product Image"></a><p>Bissell 203-7458 Brushroll, Bg10/86T3, Black</p><p>$21.26 ($21.26 / Count)</p><a href="https://www.amazon.com/dp/B005UO4OWQ?tag=eloabder-20&linkCode=osi&th=1&psc=1">View Product</a></div>





















<div class="product"><a href="https://www.amazon.com/dp/B0014J7FUY?tag=eloabder-20&linkCode=osi&th=1&psc=1"><img src="https://m.media-amazon.com/images/I/31QrM+IPxOL._SL500_.jpg" alt="Product Image"></a><p>Urnex Grindz Professional Coffee Grinder Cleaning Tablets - 430 Grams - All Natural Food Safe Gluten Free - Cleans Burr and Casing - Help Extend Life of Your Grinder</p><p>$25.99 ($1.71 / Ounce)</p><a href="https://www.amazon.com/dp/B0014J7FUY?tag=eloabder-20&linkCode=osi&th=1&psc=1">View Product</a></div>



<div class="product"><a href="https://www.amazon.com/dp/B0CHW317SG?tag=eloabder-20&linkCode=osi&th=1&psc=1"><img src="https://m.media-amazon.com/images/I/41Qd5Iu3qBL._SL500_.jpg" alt="Product Image"></a><p>EUHOMY 55 Can Beverage Refrigerator cooler-Mini Fridge Glass Door for Beer Drinks Wines, Freestanding Beverage Fridge with Adjustable Shelves Blue LED for Home/Office/Dorm/Bar (1.3cu.ft)</p><p>$128.99</p><a href="https://www.amazon.com/dp/B0CHW317SG?tag=eloabder-20&linkCode=osi&th=1&psc=1">View Product</a></div>

<div class="product"><a href="https://www.amazon.com/dp/B099CN2MRK?tag=eloabder-20&linkCode=osi&th=1&psc=1"><img src="https://m.media-amazon.com/images/I/31CvUCIUX5L._SL500_.jpg" alt="Product Image"></a><p>Genuine PuroAir 240 Replacement Filter - Replacement HEPA Filter for PuroAir 240 Purifier - Captures up to 99% of Pollen, Smoke, Pollen, Dust and Common Household Pollutants</p><p>$48.00</p><a href="https://www.amazon.com/dp/B099CN2MRK?tag=eloabder-20&linkCode=osi&th=1&psc=1">View Product</a></div><div class="product"><a href="https://www.amazon.com/dp/B0055521W0?tag=eloabder-20&linkCode=osi&th=1&psc=1"><img src="https://m.media-amazon.com/images/I/41Hs7ixdyXL._SL500_.jpg" alt="Product Image"></a><p>GermGuardian Filter B HEPA Pure Genuine Air Purifier Replacement Filter, Removes 99.97% of Pollutants for AC4825, AC4300, AC4900, AC4825DLX, AC4850, CDAP4500, AP2200, Black/Yellow, FLT4825</p><p>$17.90 ($17.90 / Count)</p><a href="https://www.amazon.com/dp/B0055521W0?tag=eloabder-20&linkCode=osi&th=1&psc=1">View Product</a></div><div class="product"><a href="https://www.amazon.com/dp/B0BNMYKZPV?tag=eloabder-20&linkCode=osi&th=1&psc=1"><img src="https://m.media-amazon.com/images/I/41-K3mB6KkL._SL500_.jpg" alt="Product Image"></a><p>2 Pack True HEPA KILO Filter Compatible with Afloia KILO, KILOPLUS, KILOPRO, MIRO,MIRO PRO and MORENTO MR-Kilo, Kalo Air Purifier, 360Â° 3-Stage Filtration</p><p>$34.99 ($17.50 / Count)</p><a href="https://www.amazon.com/dp/B0BNMYKZPV?tag=eloabder-20&linkCode=osi&th=1&psc=1">View Product</a></div><div class="product"><a href="https://www.amazon.com/dp/B0D3M4Y9W7?tag=eloabder-20&linkCode=osi&th=1&psc=1"><img src="https://m.media-amazon.com/images/I/41tzW+mkZuL._SL500_.jpg" alt="Product Image"></a><p>Breshair 14 True HEPA Filter Replacement Compatible with PuroAir 240 Air Purifier, 3-in-1 Filtration System with Activated Carbon Filter, 2-Pack</p><p>$31.56 ($15.78 / Count)</p><a href="https://www.amazon.com/dp/B0D3M4Y9W7?tag=eloabder-20&linkCode=osi&th=1&psc=1">View Product</a></div><div class="product"><a href="https://www.amazon.com/dp/B0CB18MVX6?tag=eloabder-20&linkCode=osi&th=1&psc=1"><img src="https://m.media-amazon.com/images/I/519ZmmLOrzL._SL500_.jpg" alt="Product Image"></a><p>2 Pack 3-in-1 H13 True HEPA Replacement Filter Compatible with Pure Enrichment PureZone Air Purifier Part# PEAIRPLG</p><p>$23.99 ($12.00 / Count)</p><a href="https://www.amazon.com/dp/B0CB18MVX6?tag=eloabder-20&linkCode=osi&th=1&psc=1">View Product</a></div><div class="product"><a href="https://www.amazon.com/dp/B08JTZMRML?tag=eloabder-20&linkCode=osi&th=1&psc=1"><img src="https://m.media-amazon.com/images/I/51yx60sCjHL._SL500_.jpg" alt="Product Image"></a><p>6 Pack HPA300 HEPA Filter Replacement for Honeywell HPA300 Series Air Purifiers HPA300, HPA300VP, HPA304, HPA3300, Replace HRF-R3 (6 Ture HEPA R Replacement Filter + 8 Activated Carbon Pre-Filter)</p><p>$47.99 ($3.43 / Count)</p><a href="https://www.amazon.com/dp/B08JTZMRML?tag=eloabder-20&linkCode=osi&th=1&psc=1">View Product</a></div><div class="product"><a href="https://www.amazon.com/dp/B0CF1GLSYS?tag=eloabder-20&linkCode=osi&th=1&psc=1"><img src="https://m.media-amazon.com/images/I/41709EXRzXL._SL500_.jpg" alt="Product Image"></a><p>CHIVALZ 4 Pack HY4866 True HEPA Replacement Filters Compatible with MORENTO HY4866 Air Purifier, WESTHEY HY4866 Air Purifier and YIOU M1 Air Cleaner Purifier, Original Version</p><p>$39.99 ($10.00 / Count)</p><a href="https://www.amazon.com/dp/B0CF1GLSYS?tag=eloabder-20&linkCode=osi&th=1&psc=1">View Product</a></div>







<div class="product"><a href="https://www.amazon.com/dp/B0CYKMFKR9?tag=eloabder-20&linkCode=osi&th=1&psc=1"><img src="https://m.media-amazon.com/images/I/316zU-ozoxL._SL500_.jpg" alt="Product Image"></a><p>Air Purifier Replacement Filter for Space Heater Bladeless Fan</p><p>$29.99</p><a href="https://www.amazon.com/dp/B0CYKMFKR9?tag=eloabder-20&linkCode=osi&th=1&psc=1">View Product</a></div>
<div class="product"><a href="https://www.amazon.com/dp/B07MRH6VY7?tag=eloabder-20&linkCode=osi&th=1&psc=1"><img src="https://m.media-amazon.com/images/I/51g-nuN4A5L._SL500_.jpg" alt="Product Image"></a><p>Colorfullife Replacement Air Purifier Filter for Dyson Tower Purifier Pure Cool Link TP01, TP02, TP03, BP01, Compare to Part 968126-03ï¼Œ2 Pack</p><p>$26.99</p><a href="https://www.amazon.com/dp/B07MRH6VY7?tag=eloabder-20&linkCode=osi&th=1&psc=1">View Product</a></div><div class="product"><a href="https://www.amazon.com/dp/B07TX5SW7J?tag=eloabder-20&linkCode=osi&th=1&psc=1"><img src="https://m.media-amazon.com/images/I/512Kn+cPglL._SL500_.jpg" alt="Product Image"></a><p>TP01 HEPA Filter Replacement Compatible with Dyson Tower Purifier Pure Cool Link TP01, TP02, TP03, AM11, BP01 Models, Compare to Part # 968126-03 (Pack of 2)</p><p>$27.95 ($13.98 / Count)</p><a href="https://www.amazon.com/dp/B07TX5SW7J?tag=eloabder-20&linkCode=osi&th=1&psc=1">View Product</a></div><div class="product"><a href="https://www.amazon.com/dp/B0CC24GZGB?tag=eloabder-20&linkCode=osi&th=1&psc=1"><img src="https://m.media-amazon.com/images/I/41woNpZ9VgL._SL500_.jpg" alt="Product Image"></a><p>TP01 TP02 Filter Compatible with Dyson Pure Cool Link Purifying Tower Fan TP00 TP03 AM11 and Cool Me BP01 Personal Series, 360Â° Air Purifier Filter Replacement 968126-03, 1-Pack</p><p>$25.99</p><a href="https://www.amazon.com/dp/B0CC24GZGB?tag=eloabder-20&linkCode=osi&th=1&psc=1">View Product</a></div><div class="product"><a href="https://www.amazon.com/dp/B0CX23N2JJ?tag=eloabder-20&linkCode=osi&th=1&psc=1"><img src="https://m.media-amazon.com/images/I/3145hmd5j7L._SL500_.jpg" alt="Product Image"></a><p>Dreo Air Purifiers Replacement Filter, HEPA Filter for Dreo Purifier Tower Fan MC710S, with 2 Stage Filtration, Black, Standard(DR-HPA019)</p><p>$39.99</p><a href="https://www.amazon.com/dp/B0CX23N2JJ?tag=eloabder-20&linkCode=osi&th=1&psc=1">View Product</a></div>










<div class="product"><a href="https://www.amazon.com/dp/B001U0OJ7O?tag=eloabder-20&linkCode=osi&th=1&psc=1"><img src="https://m.media-amazon.com/images/I/41XEg3QV-wL._SL500_.jpg" alt="Product Image"></a><p>Whirlpool W10165294RB 15-Inch Plastic Trash Compactor ct, 60 Bags, Count</p><p>$48.34</p><a href="https://www.amazon.com/dp/B001U0OJ7O?tag=eloabder-20&linkCode=osi&th=1&psc=1">View Product</a></div><div class="product"><a href="https://www.amazon.com/dp/B0CC3V4ZZ4?tag=eloabder-20&linkCode=osi&th=1&psc=1"><img src="https://m.media-amazon.com/images/I/31bbvodHnjL._SL500_.jpg" alt="Product Image"></a><p>Waste Smasher- Hand-Held Manual Trash Compactor Dishwasher Safe Black</p><p>$24.95</p><a href="https://www.amazon.com/dp/B0CC3V4ZZ4?tag=eloabder-20&linkCode=osi&th=1&psc=1">View Product</a></div><div class="product"><a href="https://www.amazon.com/dp/B00IYO5914?tag=eloabder-20&linkCode=osi&th=1&psc=1"><img src="https://m.media-amazon.com/images/I/51SLpTXIYNL._SL500_.jpg" alt="Product Image"></a><p>Kitchen Master Super Strong Compactor Bags Pre Cuffed (12 Pack)</p><p>$34.95</p><a href="https://www.amazon.com/dp/B00IYO5914?tag=eloabder-20&linkCode=osi&th=1&psc=1">View Product</a></div><div class="product"><a href="https://www.amazon.com/dp/B075DJ4ZVQ?tag=eloabder-20&linkCode=osi&th=1&psc=1"><img src="https://m.media-amazon.com/images/I/51Vaek4I89L._SL500_.jpg" alt="Product Image"></a><p>Dano Pre-Cuffed Compactor Bags</p><p>$32.95 ($2.75 / Count)</p><a href="https://www.amazon.com/dp/B075DJ4ZVQ?tag=eloabder-20&linkCode=osi&th=1&psc=1">View Product</a></div><div class="product"><a href="https://www.amazon.com/dp/B0C2DCVCBJ?tag=eloabder-20&linkCode=osi&th=1&psc=1"><img src="https://m.media-amazon.com/images/I/51072CtaKuL._SL500_.jpg" alt="Product Image"></a><p>60-pack W10165294RB Trash Compactor Bags - leak-proof trash compactor bags for kitchen 60-ct 15 inches - Fits 15-inch Rectangular Drawer Compactors</p><p>$45.99 ($0.77 / Count)</p><a href="https://www.amazon.com/dp/B0C2DCVCBJ?tag=eloabder-20&linkCode=osi&th=1&psc=1">View Product</a></div><div class="product"><a href="https://www.amazon.com/dp/B001U0OJ7E?tag=eloabder-20&linkCode=osi&th=1&psc=1"><img src="https://m.media-amazon.com/images/I/41c0z26RyvL._SL500_.jpg" alt="Product Image"></a><p>Whirlpool W10165293RB Genuine OEM 60 Pack-Plastic Compactor Bags-18" Models â€“ 1394369, 4178058, 4318932, 4318933, 4318935, 4318937, 4318939, AH1964576, EA1964576, PS1964576</p><p>$48.64 ($0.81 / Count)</p><a href="https://www.amazon.com/dp/B001U0OJ7E?tag=eloabder-20&linkCode=osi&th=1&psc=1">View Product</a></div><div class="product"><a href="https://www.amazon.com/dp/B00W27J16S?tag=eloabder-20&linkCode=osi&th=1&psc=1"><img src="https://m.media-amazon.com/images/I/41RaOjAGlrL._SL500_.jpg" alt="Product Image"></a><p>Compactor Bags Pre Cuffed (50 Pack)</p><p>$84.95 ($1.70 / count)</p><a href="https://www.amazon.com/dp/B00W27J16S?tag=eloabder-20&linkCode=osi&th=1&psc=1">View Product</a></div><div class="product"><a href="https://www.amazon.com/dp/B00MOCYY2W?tag=eloabder-20&linkCode=osi&th=1&psc=1"><img src="https://m.media-amazon.com/images/I/41SH8mDsAnL._SL500_.jpg" alt="Product Image"></a><p>GE WX60X1 Genuine OEM Universal Trash Compactor Bags for GE Trash Compactors</p><p>$19.00</p><a href="https://www.amazon.com/dp/B00MOCYY2W?tag=eloabder-20&linkCode=osi&th=1&psc=1">View Product</a></div><div class="product"><a href="https://www.amazon.com/dp/B0D7SFSTNG?tag=eloabder-20&linkCode=osi&th=1&psc=1"><img src="https://m.media-amazon.com/images/I/41szt9tZJPL._SL500_.jpg" alt="Product Image"></a><p>4PCS Trash Compactor Charcoal Air Filter Fit for Whirlpool/KitchenAid/Maytag/Jenn-Air/Amana/Inglis/Magic Chef Trash Compactor, Replaces 4151750 554358 WP4151750 AP6009134 PS11742279</p><p>$23.59 ($5.90 / Count)</p><a href="https://www.amazon.com/dp/B0D7SFSTNG?tag=eloabder-20&linkCode=osi&th=1&psc=1">View Product</a></div>
<div class="product"><a href="https://www.amazon.com/dp/B0CGLX5ZB9?tag=eloabder-20&linkCode=osi&th=1&psc=1"><img src="https://m.media-amazon.com/images/I/51qeRZQS98L._SL500_.jpg" alt="Product Image"></a><p>Spare Replacement Parts Compatible with MAMNV BR150 BR151, ZCWA BR150 BR151, MANVINS G20 Robot Vacuum and Mop Combo Accessories Include: 3 Hepa Filters 3 Mop Pads 6 Side Spin Brushes</p><p>$9.98</p><a href="https://www.amazon.com/dp/B0CGLX5ZB9?tag=eloabder-20&linkCode=osi&th=1&psc=1">View Product</a></div><div class="product"><a href="https://www.amazon.com/dp/B0B28DGZBG?tag=eloabder-20&linkCode=osi&th=1&psc=1"><img src="https://m.media-amazon.com/images/I/51ooMN4RqML._SL500_.jpg" alt="Product Image"></a><p>Replacement Parts for Shark AI AV2511AE AV2501S AV2610WA AV2501AE RV2502AE RV2610WA RV2520 AV2510 2-In-1 AI Ultra Robot Vacuum Cleaner Accessories Kits. Main Brush, HEPA Filter, Foam Filter,Side Brush</p><p>$19.99 ($1.05 / Count)</p><a href="https://www.amazon.com/dp/B0B28DGZBG?tag=eloabder-20&linkCode=osi&th=1&psc=1">View Product</a></div><div class="product"><a href="https://www.amazon.com/dp/B0782T7L6P?tag=eloabder-20&linkCode=osi&th=1&psc=1"><img src="https://m.media-amazon.com/images/I/41hTVkuzMJL._SL500_.jpg" alt="Product Image"></a><p>10pcs HEPA Filters Replacement for ILIFE V3s V3s pro V5 V5s V5s Pro V5s Pro 2 V5s Plus Noisz S5 Robotic Vacuum Cleaner ILIFE V3s pro Filters ILIFE Robot Vacuum Filter</p><p>$9.80 ($0.98 / Count)</p><a href="https://www.amazon.com/dp/B0782T7L6P?tag=eloabder-20&linkCode=osi&th=1&psc=1">View Product</a></div><div class="product"><a href="https://www.amazon.com/dp/B0CXLVHTTC?tag=eloabder-20&linkCode=osi&th=1&psc=1"><img src="https://m.media-amazon.com/images/I/51BT3phYzKL._SL500_.jpg" alt="Product Image"></a><p>HUIZHEN Spare Accessories for MAMNV BR150/BR151, for ZCWA BR150/BR151, for MANVINS G20,for GTTVO BR150/BR151,for ONSON BR150/BR151 Robot Vacuum Replacement Parts,6 Side Brush,4 HEPA Filters,4 Mop Pads</p><p>$9.99</p><a href="https://www.amazon.com/dp/B0CXLVHTTC?tag=eloabder-20&linkCode=osi&th=1&psc=1">View Product</a></div><div class="product"><a href="https://www.amazon.com/dp/B08RYDDQL8?tag=eloabder-20&linkCode=osi&th=1&psc=1"><img src="https://m.media-amazon.com/images/I/314Xd7+oBXL._SL500_.jpg" alt="Product Image"></a><p>AirClean 4 Pack 3.7" High Replacement Base Pre-Motor Foam Filters Compatible with Shark IQ Robot Vacuum R101AE RV1001AE UR1005AE Self-Empty Base</p><p>$12.99 ($3.25 / Count)</p><a href="https://www.amazon.com/dp/B08RYDDQL8?tag=eloabder-20&linkCode=osi&th=1&psc=1">View Product</a></div><div class="product"><a href="https://www.amazon.com/dp/B0CJLHJ557?tag=eloabder-20&linkCode=osi&th=1&psc=1"><img src="https://m.media-amazon.com/images/I/41iQm8hUjiL._SL500_.jpg" alt="Product Image"></a><p>Replacement Parts Compatible with WYZE Robot Vacuum Cleaner WVCR200S Accessories, 2 Main Brushes, 6 Hepa Filters, 8 Side Brushes Attachment Spare Pack</p><p>$14.99 ($0.94 / Count)</p><a href="https://www.amazon.com/dp/B0CJLHJ557?tag=eloabder-20&linkCode=osi&th=1&psc=1">View Product</a></div>
<div class="product"><a href="https://www.amazon.com/dp/B0C4595Q8P?tag=eloabder-20&linkCode=osi&th=1&psc=1"><img src="https://m.media-amazon.com/images/I/51k23SAtRxL._SL500_.jpg" alt="Product Image"></a><p>4 Pack FSV001 HEPA Filter Compatiable with Fabuletta FSV101, FSV001, Girnoor G160&G165, Afoddon A300, Lubluelu 202, Oraimo Cordless Vacuum Cleaner, Besswin W26 Cordless Stick Vacuum Cleaners</p><p>$15.99 ($4.00 / Count)</p><a href="https://www.amazon.com/dp/B0C4595Q8P?tag=eloabder-20&linkCode=osi&th=1&psc=1">View Product</a></div>
<div class="product"><a href="https://www.amazon.com/dp/B0BNKJX96X?tag=eloabder-20&linkCode=osi&th=1&psc=1"><img src="https://m.media-amazon.com/images/I/41OPeLFppoL._SL500_.jpg" alt="Product Image"></a><p>6 PACK 2033 Replacement Filter Compatible with Bissell Featherweight Stick Lightweight Bagless Vacuum Cleaner 20331, 20333, 20334, 20336, 20339, 2033M,6 Mesh Filter 6 Foam Filters, Replace # 1611508</p><p>$14.99 ($2.50 / Count)</p><a href="https://www.amazon.com/dp/B0BNKJX96X?tag=eloabder-20&linkCode=osi&th=1&psc=1">View Product</a></div><div class="product"><a href="https://www.amazon.com/dp/B0CMBWLTSM?tag=eloabder-20&linkCode=osi&th=1&psc=1"><img src="https://m.media-amazon.com/images/I/41PHqKaLTDL._SL500_.jpg" alt="Product Image"></a><p>18V ONE + Cordless Pet Stick Vacuum Filter for Ryobi, PCL720, PBLSV716, PBLSV717 Stick Vacuum, Reusable Washable Filters, Compare to Part A32SV720N, 6 Pack</p><p>$15.99 ($2.66 / Count)</p><a href="https://www.amazon.com/dp/B0CMBWLTSM?tag=eloabder-20&linkCode=osi&th=1&psc=1">View Product</a></div><div class="product"><a href="https://www.amazon.com/dp/B0CXDYWWT9?tag=eloabder-20&linkCode=osi&th=1&psc=1"><img src="https://m.media-amazon.com/images/I/41F1csTT8jL._SL500_.jpg" alt="Product Image"></a><p>2 Replacement Filters for Craftsman V20 Cordless Stick Vacuum CMCVS001D1, for Black Decker BSVF1 BSV2020 BSV2020G BSV2020P Cordless Stick Vacuum Cleaner with 1 Cleaning Brush</p><p>$14.99</p><a href="https://www.amazon.com/dp/B0CXDYWWT9?tag=eloabder-20&linkCode=osi&th=1&psc=1">View Product</a></div><div class="product"><a href="https://www.amazon.com/dp/B0CCJ5N5DH?tag=eloabder-20&linkCode=osi&th=1&psc=1"><img src="https://m.media-amazon.com/images/I/41xmhDPqk8L._SL500_.jpg" alt="Product Image"></a><p>Aolleteau 1 Pack Brush Roller Compatible with Black + Decker BSV2020, BSV2020P, BSV2020G Powerseries Extreme Cordless Stick Vacuum and Compatible with Craftsman V20 Cordless Stick Vacuum CMCVS001D1</p><p>$17.99</p><a href="https://www.amazon.com/dp/B0CCJ5N5DH?tag=eloabder-20&linkCode=osi&th=1&psc=1">View Product</a></div><div class="product"><a href="https://www.amazon.com/dp/B0CQY61LFD?tag=eloabder-20&linkCode=osi&th=1&psc=1"><img src="https://m.media-amazon.com/images/I/31swBBC444L._SL500_.jpg" alt="Product Image"></a><p>Tablenco for Shark HZ602 Filter Replacement Ultralight Pet Pro Corded Stick Vacuum and HZ2002 Vertex DuoClean PowerFins fit HZ2000 HZ251 HZ250 HH200 HH202,4 Foam Felt 4 Motor Kit (No cleaning brush)</p><p>$9.98</p><a href="https://www.amazon.com/dp/B0CQY61LFD?tag=eloabder-20&linkCode=osi&th=1&psc=1">View Product</a></div><div class="product"><a href="https://www.amazon.com/dp/B09Q55KW8W?tag=eloabder-20&linkCode=osi&th=1&psc=1"><img src="https://m.media-amazon.com/images/I/51MKsJy6nSL._SL500_.jpg" alt="Product Image"></a><p>Anicell 2033 Featherweight Filter for Bissell Featherweight Stick Lightweight Bagless Vacuum 20331 20333 20334 20336 20339 2033M, 4 Mesh Filters 6 Foam Filters Replacement, Replace part# 1611508</p><p>$11.99</p><a href="https://www.amazon.com/dp/B09Q55KW8W?tag=eloabder-20&linkCode=osi&th=1&psc=1">View Product</a></div><div class="product"><a href="https://www.amazon.com/dp/B0CDVG7LHD?tag=eloabder-20&linkCode=osi&th=1&psc=1"><img src="https://m.media-amazon.com/images/I/41hjN1Te6sL._SL500_.jpg" alt="Product Image"></a><p>Moreffi 3 Pack Filter Replacement For HART Cordless Stick Vacuum HPSV01 and HPSV50, Compare to Part Number HASV01</p><p>$19.99 ($6.66 / Count)</p><a href="https://www.amazon.com/dp/B0CDVG7LHD?tag=eloabder-20&linkCode=osi&th=1&psc=1">View Product</a></div>
<div class="product"><a href="https://www.amazon.com/dp/B07DQ9TZC8?tag=eloabder-20&linkCode=osi&th=1&psc=1"><img src="https://m.media-amazon.com/images/I/41PHyZ20FuL._SL500_.jpg" alt="Product Image"></a><p>Kenmore 53294 Style O HEPA Cloth Vacuum Bags for Kenmore Upright Vacuum Cleaners 6 Pack,White</p><p>$20.99 ($3.50 / Count)</p><a href="https://www.amazon.com/dp/B07DQ9TZC8?tag=eloabder-20&linkCode=osi&th=1&psc=1">View Product</a></div><div class="product"><a href="https://www.amazon.com/dp/B08MXVTTT2?tag=eloabder-20&linkCode=osi&th=1&psc=1"><img src="https://m.media-amazon.com/images/I/41T6wRpIMzL._SL500_.jpg" alt="Product Image"></a><p>Kenmore IB600 HEPA Replacement Intuition Upright Vacuum Cleaner Bags for BU4022, BU4020, BU4018, BU4050, BU3040,White</p><p>$18.75</p><a href="https://www.amazon.com/dp/B08MXVTTT2?tag=eloabder-20&linkCode=osi&th=1&psc=1">View Product</a></div><div class="product"><a href="https://www.amazon.com/dp/B01010JVYO?tag=eloabder-20&linkCode=osi&th=1&psc=1"><img src="https://m.media-amazon.com/images/I/51Anluh47GL._SL500_.jpg" alt="Product Image"></a><p>EnviroCare Replacement Micro Filtration Vacuum Cleaner Dust Bags Designed to fit Hoover Windtunnel Upright Type Y 9 pack</p><p>$9.89 ($1.10 / Count)</p><a href="https://www.amazon.com/dp/B01010JVYO?tag=eloabder-20&linkCode=osi&th=1&psc=1">View Product</a></div><div class="product"><a href="https://www.amazon.com/dp/B0D5CP3WBY?tag=eloabder-20&linkCode=osi&th=1&psc=1"><img src="https://m.media-amazon.com/images/I/31MaGmsVOwL._SL500_.jpg" alt="Product Image"></a><p>Bagless Upright Kenmore Vacuum HEPA Filters, Compatible with Foam Filters, Felt Filters and Upright vacuum cleaner for Models K4010,DU2015,DU2012(includes 1 Hepa Filters,2 Foam and 2 Felt Filters)</p><p>$12.99</p><a href="https://www.amazon.com/dp/B0D5CP3WBY?tag=eloabder-20&linkCode=osi&th=1&psc=1">View Product</a></div><div class="product"><a href="https://www.amazon.com/dp/B0CBFV28WX?tag=eloabder-20&linkCode=osi&th=1&psc=1"><img src="https://m.media-amazon.com/images/I/51LIYI0wXSL._SL500_.jpg" alt="Product Image"></a><p>16 Packs Vacuum Bags for Oreck Type CC, Compatible with All Oreck XL Upright Vacuum Cleaner - Replaces Part # CCPK8DW</p><p>$21.99 ($1.37 / Count)</p><a href="https://www.amazon.com/dp/B0CBFV28WX?tag=eloabder-20&linkCode=osi&th=1&psc=1">View Product</a></div><div class="product"><a href="https://www.amazon.com/dp/B00F9GQMHA?tag=eloabder-20&linkCode=osi&th=1&psc=1"><img src="https://m.media-amazon.com/images/I/51lhelurelL._SL500_.jpg" alt="Product Image"></a><p>EnviroCare Replacement Premium Vacuum Cleaner Dust Bags made to fit Eureka F&G Uprights 9 bags</p><p>$11.09</p><a href="https://www.amazon.com/dp/B00F9GQMHA?tag=eloabder-20&linkCode=osi&th=1&psc=1">View Product</a></div><div class="product"><a href="https://www.amazon.com/dp/B002CI8G1I?tag=eloabder-20&linkCode=osi&th=1&psc=1"><img src="https://m.media-amazon.com/images/I/51PYQrQpbSL._SL500_.jpg" alt="Product Image"></a><p>EnviroCare Replacement Micro Filtration Vacuum Cleaner Dust Bags made to fit Kenmore Upright Type U/L/O 50688 and 50690, Panasonic Type U-2, Miele Type Z. 9 pack</p><p>$9.99</p><a href="https://www.amazon.com/dp/B002CI8G1I?tag=eloabder-20&linkCode=osi&th=1&psc=1">View Product</a></div>
<div class="product"><a href="https://www.amazon.com/dp/B07GNQJ67P?tag=eloabder-20&linkCode=osi&th=1&psc=1"><img src="https://m.media-amazon.com/images/I/41XHnKbgjAL._SL500_.jpg" alt="Product Image"></a><p>Kenmore 53292 Type Q HEPA Replacement Dust Bags for Canister Vacuum 81214, 81414, 81714, 21814, BC2005, BC3005, 81615, BC7005, 6 Count (Pack of 1)</p><p>$13.24 ($2.21 / Count)</p><a href="https://www.amazon.com/dp/B07GNQJ67P?tag=eloabder-20&linkCode=osi&th=1&psc=1">View Product</a></div><div class="product"><a href="https://www.amazon.com/dp/B01L0C0FVK?tag=eloabder-20&linkCode=osi&th=1&psc=1"><img src="https://m.media-amazon.com/images/I/51ZIjbo9NVL._SL500_.jpg" alt="Product Image"></a><p>Envirocare Replacement Vacuum Bags Compatible with Kenmore Canister Type C/Q. 5055, 50557 and 50558 Panasonic Type C-5 Vacuums,15 pack</p><p>$16.16</p><a href="https://www.amazon.com/dp/B01L0C0FVK?tag=eloabder-20&linkCode=osi&th=1&psc=1">View Product</a></div><div class="product"><a href="https://www.amazon.com/dp/B0BTRTP2PM?tag=eloabder-20&linkCode=osi&th=1&psc=1"><img src="https://m.media-amazon.com/images/I/41K295aRv9L._SL500_.jpg" alt="Product Image"></a><p>Vacuum Cleaner Bags Fit for Kenmore Canister Type C/Q 50555 50557 50558 and Type C-5, 10PCs</p><p>$15.99</p><a href="https://www.amazon.com/dp/B0BTRTP2PM?tag=eloabder-20&linkCode=osi&th=1&psc=1">View Product</a></div><div class="product"><a href="https://www.amazon.com/dp/B0CRQYGLZX?tag=eloabder-20&linkCode=osi&th=1&psc=1"><img src="https://m.media-amazon.com/images/I/413iXp+j3ML._SL500_.jpg" alt="Product Image"></a><p>15 Pack Canister Vacuum Cleaner Bags Compatible with Kenmore Canister Type C/Q 5055, 50555, 50557, 50558 and Type C-5, C-18, 53292, 200 Series, 400 Series, 600 Series, 700 Series, 800 Series Vacuum</p><p>$11.69</p><a href="https://www.amazon.com/dp/B0CRQYGLZX?tag=eloabder-20&linkCode=osi&th=1&psc=1">View Product</a></div><div class="product"><a href="https://www.amazon.com/dp/B00QGD3SBI?tag=eloabder-20&linkCode=osi&th=1&psc=1"><img src="https://m.media-amazon.com/images/I/51xw0asyqTL._SL500_.jpg" alt="Product Image"></a><p>EnviroCare Replacement Vacuum Bags made to fit Kenmore Canister Type C or Q 50555, 50558, 50557 and Panasonic Type C-5 Vacuums, 9 pack</p><p>$9.79</p><a href="https://www.amazon.com/dp/B00QGD3SBI?tag=eloabder-20&linkCode=osi&th=1&psc=1">View Product</a></div><div class="product"><a href="https://www.amazon.com/dp/B0CQP9NP5N?tag=eloabder-20&linkCode=osi&th=1&psc=1"><img src="https://m.media-amazon.com/images/I/41WnNkTz8zL._SL500_.jpg" alt="Product Image"></a><p>8 Pack Replacement Vacuum Bags Compatible with Kenmore Canister Type C/Q. 5055, 50104, 50557 and 50558 Panasonic Type C-5 Vacuums</p><p>$9.99 ($1.25 / Count)</p><a href="https://www.amazon.com/dp/B0CQP9NP5N?tag=eloabder-20&linkCode=osi&th=1&psc=1">View Product</a></div>
<div class="product"><a href="https://www.amazon.com/dp/B09M3Y2BHR?tag=eloabder-20&linkCode=osi&th=1&psc=1"><img src="https://m.media-amazon.com/images/I/31tevngai1L._SL500_.jpg" alt="Product Image"></a><p>Ymimi Vacuum Filter Compatible with Eureka WhirlWind Bagless Canister Vacuum Cleaner,Fits NEN110A,NEN110B,NEN110Dï¼ˆ2-Packï¼‰</p><p>$11.99 ($6.00 / Count)</p><a href="https://www.amazon.com/dp/B09M3Y2BHR?tag=eloabder-20&linkCode=osi&th=1&psc=1">View Product</a></div><div class="product"><a href="https://www.amazon.com/dp/B07J1WWBHN?tag=eloabder-20&linkCode=osi&th=1&psc=1"><img src="https://m.media-amazon.com/images/I/51gmkDrnR2L._SL500_.jpg" alt="Product Image"></a><p>Bissell Powerforce Helix Bagless Washable Premotor Filter #1608225, Black</p><p>$7.78</p><a href="https://www.amazon.com/dp/B07J1WWBHN?tag=eloabder-20&linkCode=osi&th=1&psc=1">View Product</a></div><div class="product"><a href="https://www.amazon.com/dp/B0BK64TMMK?tag=eloabder-20&linkCode=osi&th=1&psc=1"><img src="https://m.media-amazon.com/images/I/41OBMvET7eL._SL500_.jpg" alt="Product Image"></a><p>Vacuum Belt Replacement for Bissell Cleanview Swivel Pet Upright Bagless/Powerlifter Vacuum Cleaner, fits model: 2252, 2254, 22543, 2258,2259, 2260,2316, 2739, 1793, Parts # 3031120, 32074</p><p>$6.99</p><a href="https://www.amazon.com/dp/B0BK64TMMK?tag=eloabder-20&linkCode=osi&th=1&psc=1">View Product</a></div><div class="product"><a href="https://www.amazon.com/dp/B0BKKL3WRB?tag=eloabder-20&linkCode=osi&th=1&psc=1"><img src="https://m.media-amazon.com/images/I/410jMe-FjIL._SL500_.jpg" alt="Product Image"></a><p>Aolleteau F1 HEPA Filter Compatible with Dirt Devil Bagless Upright Cleaner Models Extra Lite, Breeze, Featherlite Bagless, Jaguar Bagless,Platinum Force Vision, Scorpion and Vision Bagless (2 Pack)</p><p>$13.99 ($7.00 / Count)</p><a href="https://www.amazon.com/dp/B0BKKL3WRB?tag=eloabder-20&linkCode=osi&th=1&psc=1">View Product</a></div><div class="product"><a href="https://www.amazon.com/dp/B09SG1P4WN?tag=eloabder-20&linkCode=osi&th=1&psc=1"><img src="https://m.media-amazon.com/images/I/51+Mr+Wq5ML._SL500_.jpg" alt="Product Image"></a><p>NEN110A Vacuum Filter, Inlet Frame and Sponge Filter Compatible with Eureka Whirlwind Bagless Canister Vacuum Cleaner, Fits NEN110A, NEN110B, NEN110D(4-Pack)</p><p>$15.99 ($4.00 / Count)</p><a href="https://www.amazon.com/dp/B09SG1P4WN?tag=eloabder-20&linkCode=osi&th=1&psc=1">View Product</a></div>
<div class="product"><a href="https://www.amazon.com/dp/B07GT9VB9X?tag=eloabder-20&linkCode=osi&th=1&psc=1"><img src="https://m.media-amazon.com/images/I/41IokheYtNL._SL500_.jpg" alt="Product Image"></a><p>6 Pack 1940 Bissell Steam Mop Pads for Bissell PowerFresh Steam Mop 1806 1544 1440 2075A 2685A 1940W 19404 Series, Model 19402 19408 1940a 1940f 1940q 1940t B0006 B0017, Part #5938#203-2633</p><p>$16.99 ($2.83 / Count)</p><a href="https://www.amazon.com/dp/B07GT9VB9X?tag=eloabder-20&linkCode=osi&th=1&psc=1">View Product</a></div><div class="product"><a href="https://www.amazon.com/dp/B07H3MYZLD?tag=eloabder-20&linkCode=osi&th=1&psc=1"><img src="https://m.media-amazon.com/images/I/511p6MPxQ0L._SL500_.jpg" alt="Product Image"></a><p>Flammi Steam Pocket Mop Replacement Pads for Shark S3500 Series S3501 S3601 S3550 S3901 SE450 S3801CO S3601D S2901 S2902 Steam Pocket Mop, 4 Pack</p><p>$16.97 ($4.24 / Count)</p><a href="https://www.amazon.com/dp/B07H3MYZLD?tag=eloabder-20&linkCode=osi&th=1&psc=1">View Product</a></div><div class="product"><a href="https://www.amazon.com/dp/B0C8SH97HN?tag=eloabder-20&linkCode=osi&th=1&psc=1"><img src="https://m.media-amazon.com/images/I/31Mex4y7odL._SL500_.jpg" alt="Product Image"></a><p>HOMEXCEL Steam Mop Replacement Pads Compatible with Bissell Powerfresh Steam Mop 1940 1806 1440 1544 Series, Model 19402 19404 19408 2685A 2075A 1940A 1940Q 1940T 1940W, Steam Mop Pads Refills,4 Pack</p><p>$9.99 ($2.50 / Count)</p><a href="https://www.amazon.com/dp/B0C8SH97HN?tag=eloabder-20&linkCode=osi&th=1&psc=1">View Product</a></div><div class="product"><a href="https://www.amazon.com/dp/B0BFWTXS33?tag=eloabder-20&linkCode=osi&th=1&psc=1"><img src="https://m.media-amazon.com/images/I/51pa2h7o0EL._SL500_.jpg" alt="Product Image"></a><p>12 Pack 1940 Steam Mop Replacement Pads for Bissell Powerfresh Steam Mop 1940 1440 1806 1544 2075 2685A 2814 Series, Model 19402 19404 19408 19409 1940A 1940F 1940Q 1940T 1940W B0006 B0017 2075A 15441</p><p>$24.99</p><a href="https://www.amazon.com/dp/B0BFWTXS33?tag=eloabder-20&linkCode=osi&th=1&psc=1">View Product</a></div><div class="product"><a href="https://www.amazon.com/dp/B0CLP5QGTY?tag=eloabder-20&linkCode=osi&th=1&psc=1"><img src="https://m.media-amazon.com/images/I/414HqpKde9L._SL500_.jpg" alt="Product Image"></a><p>10 Pack 1940 1806 2685A Steam Mop Pads For Bissell Powerfresh Steam Mop Deluxe Pet Lift-Off Plus Slim Scrubbing Steam Mop Replacement Pad 1940A 2814 1544A 2075A Power Fresh Steamer Pad Refill Washable</p><p>$22.99 ($2.30 / Count)</p><a href="https://www.amazon.com/dp/B0CLP5QGTY?tag=eloabder-20&linkCode=osi&th=1&psc=1">View Product</a></div><div class="product"><a href="https://www.amazon.com/dp/B078BBKBPV?tag=eloabder-20&linkCode=osi&th=1&psc=1"><img src="https://m.media-amazon.com/images/I/51WcJqtOUIL._SL500_.jpg" alt="Product Image"></a><p>Tidy Monster Steam Mop Replacement Pads Compatible with Bissell Powerfresh Steam Mop 1940 1806 1544 1440 2075A 2685A Series, Part # 5938 & 203-2633, 1606668 & 1606669 (4 Pack Scrub Plush)</p><p>$9.99</p><a href="https://www.amazon.com/dp/B078BBKBPV?tag=eloabder-20&linkCode=osi&th=1&psc=1">View Product</a></div><div class="product"><a href="https://www.amazon.com/dp/B00A6G37SU?tag=eloabder-20&linkCode=osi&th=1&psc=1"><img src="https://m.media-amazon.com/images/I/51xo0LB-SpL._SL500_.jpg" alt="Product Image"></a><p>BISSELL PowerFresh Steam Mop Pads (Pack of 2) with Fragrance discs (4 ct), 5938</p><p>$21.26 ($10.63 / Count)</p><a href="https://www.amazon.com/dp/B00A6G37SU?tag=eloabder-20&linkCode=osi&th=1&psc=1">View Product</a></div>
<div class="product"><a href="https://www.amazon.com/dp/B0D2QFVY7H?tag=eloabder-20&linkCode=osi&th=1&psc=1"><img src="https://m.media-amazon.com/images/I/417B7H+vvML._SL500_.jpg" alt="Product Image"></a><p>Kenmore KS1010 Deep Clean & Revitalize Pet Carpet Cleaner Formula, 64 oz, White, 64 Fl Oz</p><p>$22.73 ($0.36 / Fl Oz)</p><a href="https://www.amazon.com/dp/B0D2QFVY7H?tag=eloabder-20&linkCode=osi&th=1&psc=1">View Product</a></div><div class="product"><a href="https://www.amazon.com/dp/B0BNK8ZJJ1?tag=eloabder-20&linkCode=osi&th=1&psc=1"><img src="https://m.media-amazon.com/images/I/51z0Pc4xcNL._SL500_.jpg" alt="Product Image"></a><p>Bissell Spotlifter Pet Carpet and Upholstery Cleaner with Brush Head - 4 Pack, 93523</p><p>$23.88 ($0.50 / Fl Oz)</p><a href="https://www.amazon.com/dp/B0BNK8ZJJ1?tag=eloabder-20&linkCode=osi&th=1&psc=1">View Product</a></div><div class="product"><a href="https://www.amazon.com/dp/B0CX245D26?tag=eloabder-20&linkCode=osi&th=1&psc=1"><img src="https://m.media-amazon.com/images/I/411CSXvvO1L._SL500_.jpg" alt="Product Image"></a><p>BISSELLÂ® Spot & Stain with Febreze + Gain Original Scent Formula for Little Green Devices, Portable Carpet Cleaners (3968)</p><p>$12.99 ($0.41 / Fl Oz)</p><a href="https://www.amazon.com/dp/B0CX245D26?tag=eloabder-20&linkCode=osi&th=1&psc=1">View Product</a></div><div class="product"><a href="https://www.amazon.com/dp/B083VZW4R5?tag=eloabder-20&linkCode=osi&th=1&psc=1"><img src="https://m.media-amazon.com/images/I/413BULPLmBL._SL500_.jpg" alt="Product Image"></a><p>BISSELL Multi-Surface Pet Formula with Febreze Freshness for Crosswave (80 oz), 2295L</p><p>$22.99 ($0.29 / Fl Oz)</p><a href="https://www.amazon.com/dp/B083VZW4R5?tag=eloabder-20&linkCode=osi&th=1&psc=1">View Product</a></div><div class="product"><a href="https://www.amazon.com/dp/B0D2RGW219?tag=eloabder-20&linkCode=osi&th=1&psc=1"><img src="https://m.media-amazon.com/images/I/41gD+82tnAL._SL500_.jpg" alt="Product Image"></a><p>Vacmaster Clean & Restore Carpet Cleaner Formula â€“ CCS03</p><p>$19.99 ($0.31 / Fl Oz)</p><a href="https://www.amazon.com/dp/B0D2RGW219?tag=eloabder-20&linkCode=osi&th=1&psc=1">View Product</a></div>






<div class="product"><a href="https://www.amazon.com/dp/B0BY64HQTP?tag=eloabder-20&linkCode=osi&th=1&psc=1"><img src="https://m.media-amazon.com/images/I/41hUxHuASYL._SL500_.jpg" alt="Product Image"></a><p>Air Conditioning Motor WZDK13-38G-1(RD-310-13-8) DC Brushless Fan Motor, 13W Inverter air Conditioner Motor DC Motor for Central air Conditioner</p><p>$39.95</p><a href="https://www.amazon.com/dp/B0BY64HQTP?tag=eloabder-20&linkCode=osi&th=1&psc=1">View Product</a></div><div class="product"><a href="https://www.amazon.com/dp/B0CM5YB884?tag=eloabder-20&linkCode=osi&th=1&psc=1"><img src="https://m.media-amazon.com/images/I/310lQ2tAvLL._SL500_.jpg" alt="Product Image"></a><p>Sparkfix OEM WZDK20-38G (ZKFP-20-8-6) Air Conditioner Replacement Motors DC280V 20W Air Conditioning Fan Motor Inverter Air Conditioner Brushless DC Motor 1300RPM CCW</p><p>$42.79</p><a href="https://www.amazon.com/dp/B0CM5YB884?tag=eloabder-20&linkCode=osi&th=1&psc=1">View Product</a></div>













<div class="product"><a href="https://www.amazon.com/dp/B009PCI2JU?tag=eloabder-20&linkCode=osi&th=1&psc=1"><img src="https://m.media-amazon.com/images/I/310ZJurANUL._SL500_.jpg" alt="Product Image"></a><p>GE RPWFE Refrigerator Water Filter | Certified to Reduce Lead, Sulfur, and 50+ Other Impurities | Replace Every 6 Months for Best Results | Pack of 1</p><p>$49.98</p><a href="https://www.amazon.com/dp/B009PCI2JU?tag=eloabder-20&linkCode=osi&th=1&psc=1">View Product</a></div><div class="product"><a href="https://www.amazon.com/dp/B0882ZJ48W?tag=eloabder-20&linkCode=osi&th=1&psc=1"><img src="https://m.media-amazon.com/images/I/41110o9sUoL._SL500_.jpg" alt="Product Image"></a><p>GE XWFE Refrigerator Water Filter | Certified to Reduce Lead, Sulfur, and 50+ Other Impurities | Replace Every 6 Months for Best Results | Pack of 1, White</p><p>$49.00</p><a href="https://www.amazon.com/dp/B0882ZJ48W?tag=eloabder-20&linkCode=osi&th=1&psc=1">View Product</a></div><div class="product"><a href="https://www.amazon.com/dp/B074HLRXMP?tag=eloabder-20&linkCode=osi&th=1&psc=1"><img src="https://m.media-amazon.com/images/I/21oDpGCQXiL._SL500_.jpg" alt="Product Image"></a><p>LG LT1000P - 6 Month / 200 Gallon Capacity Replacement Refrigerator Water Filter (NSF42, NSF53, and NSF401) ADQ74793501, ADQ75795105, or AGF80300704 , White</p><p>$47.00</p><a href="https://www.amazon.com/dp/B074HLRXMP?tag=eloabder-20&linkCode=osi&th=1&psc=1">View Product</a></div><div class="product"><a href="https://www.amazon.com/dp/B01BKWSHHE?tag=eloabder-20&linkCode=osi&th=1&psc=1"><img src="https://m.media-amazon.com/images/I/31E2+zlkvjL._SL500_.jpg" alt="Product Image"></a><p>Frigidaire EPTWFU01 Water Filtration Filter, 1 Count, White</p><p>$42.99</p><a href="https://www.amazon.com/dp/B01BKWSHHE?tag=eloabder-20&linkCode=osi&th=1&psc=1">View Product</a></div><div class="product"><a href="https://www.amazon.com/dp/B08V6JB9R7?tag=eloabder-20&linkCode=osi&th=1&psc=1"><img src="https://m.media-amazon.com/images/I/31PRPEffCZL._SL500_.jpg" alt="Product Image"></a><p>Frigidaire FPPWFU01 PurePour PWF-1 Water Filter 1 Count (Pack of 1)</p><p>$45.81</p><a href="https://www.amazon.com/dp/B08V6JB9R7?tag=eloabder-20&linkCode=osi&th=1&psc=1">View Product</a></div><div class="product"><a href="https://www.amazon.com/dp/B000AST3AK?tag=eloabder-20&linkCode=osi&th=1&psc=1"><img src="https://m.media-amazon.com/images/I/41DUoSxpwTS._SL500_.jpg" alt="Product Image"></a><p>GE MWF Refrigerator Water Filter | Certified to Reduce Lead, Sulfur, and 50+ Other Impurities | Replace Every 6 Months for Best Results | Pack of 1</p><p>$39.98</p><a href="https://www.amazon.com/dp/B000AST3AK?tag=eloabder-20&linkCode=osi&th=1&psc=1">View Product</a></div><div class="product"><a href="https://www.amazon.com/dp/B0CFZR7K8D?tag=eloabder-20&linkCode=osi&th=1&psc=1"><img src="https://m.media-amazon.com/images/I/31WM5sdhKLL._SL500_.jpg" alt="Product Image"></a><p>HMASAV W10295370A water filter replacement, Compatible with EDR1RXD1,EDR1RXD1B,W10295370,Filter 1,WHR1RXD1,KAD1RXD1,P4RFWB,P8RFWB2L,46-9930,46-9081 2PACK</p><p>$29.99 ($15.00 / Count)</p><a href="https://www.amazon.com/dp/B0CFZR7K8D?tag=eloabder-20&linkCode=osi&th=1&psc=1">View Product</a></div><div class="product"><a href="https://www.amazon.com/dp/B07JM9TTTT?tag=eloabder-20&linkCode=osi&th=1&psc=1"><img src="https://m.media-amazon.com/images/I/41CfAtJ8TPL._SL500_.jpg" alt="Product Image"></a><p>GLACIER FRESH LT1000PC Replacement Water Filter, Compatible with LT1000PC/PCS, LT1000PC, LT-1000PC, MDJ64844601, ADQ747935 ADQ74793504 Filter and LT120F ADQ73334008 Fresh Air (3+3)</p><p>$39.99 ($13.33 / Count)</p><a href="https://www.amazon.com/dp/B07JM9TTTT?tag=eloabder-20&linkCode=osi&th=1&psc=1">View Product</a></div><div class="product"><a href="https://www.amazon.com/dp/B003N1ZSYG?tag=eloabder-20&linkCode=osi&th=1&psc=1"><img src="https://m.media-amazon.com/images/I/31Mbrkrxu1L._SL500_.jpg" alt="Product Image"></a><p>SAMSUNG Genuine Filter for Refrigerator Water and Ice, Carbon Block Filtration for Clean, Clear Drinking Water, 6-Month Life, HAF-CIN/EXP, 1 Pack</p><p>$39.99</p><a href="https://www.amazon.com/dp/B003N1ZSYG?tag=eloabder-20&linkCode=osi&th=1&psc=1">View Product</a></div>









<div class="product"><a href="https://www.amazon.com/dp/B0B2NZ47HN?tag=eloabder-20&linkCode=osi&th=1&psc=1"><img src="https://m.media-amazon.com/images/I/41nC6c2XxJL._SL500_.jpg" alt="Product Image"></a><p>OTE Portable Sparkling Water Maker Soda Maker Machine for home with 20PCS Cylinders 450ml Personal seltzer Carbonators Electroless Double Layer PET Bottle BPA Free Double Pressure Relief Valves -Pink</p><p>$49.99</p><a href="https://www.amazon.com/dp/B0B2NZ47HN?tag=eloabder-20&linkCode=osi&th=1&psc=1">View Product</a></div><div class="product"><a href="https://www.amazon.com/dp/B09DY54L7M?tag=eloabder-20&linkCode=osi&th=1&psc=1"><img src="https://m.media-amazon.com/images/I/31LSpnm3G8L._SL500_.jpg" alt="Product Image"></a><p>MOSOLAN Bottle Cleaning Brush, 17 Inches Extra Long Handle Water Bottle Brush, Flexible Bendable Cleaner for Washing Narrow Neck Bottles, Wine Decanter, Kombucha, Pipes, Beer Brewing Supplies, 2 Pack</p><p>$11.95 ($5.98 / Count)</p><a href="https://www.amazon.com/dp/B09DY54L7M?tag=eloabder-20&linkCode=osi&th=1&psc=1">View Product</a></div><div class="product"><a href="https://www.amazon.com/dp/B0736CBNDN?tag=eloabder-20&linkCode=osi&th=1&psc=1"><img src="https://m.media-amazon.com/images/I/41tWXmwP5KL._SL500_.jpg" alt="Product Image"></a><p>#2 Filter Pads (10 Pack Bulk) Compatible with Mini Jet Machine | #2 1.8-2.5 micron | 2 Micron Filtering pads. Filter Wine Beer, Kombucha, Mead Mash. Polishing filtration| Not a Buon Vino product.</p><p>$18.99</p><a href="https://www.amazon.com/dp/B0736CBNDN?tag=eloabder-20&linkCode=osi&th=1&psc=1">View Product</a></div>









<div class="product"><a href="https://www.amazon.com/dp/B07YGN577Y?tag=eloabder-20&linkCode=osi&th=1&psc=1"><img src="https://m.media-amazon.com/images/I/31kfZiyDMUL._SL500_.jpg" alt="Product Image"></a><p>9870163 Trash Power Nut WP9870163 L8</p><p>$50.36</p><a href="https://www.amazon.com/dp/B07YGN577Y?tag=eloabder-20&linkCode=osi&th=1&psc=1">View Product</a></div>

<div class="product"><a href="https://www.amazon.com/dp/B0CWQLM4C7?tag=eloabder-20&linkCode=osi&th=1&psc=1"><img src="https://m.media-amazon.com/images/I/41gTEIOjtlL._SL500_.jpg" alt="Product Image"></a><p>7" Seven Seconds Lazy Kitchen Food Making Tools - Multifunctional Fruit Vegetable Chopper Quick Garlic Peeling Machine Convenient Food Chopper for Slicing,Juice,Grinding</p><p>$32.99</p><a href="https://www.amazon.com/dp/B0CWQLM4C7?tag=eloabder-20&linkCode=osi&th=1&psc=1">View Product</a></div>







<div class="product"><a href="https://www.amazon.com/dp/B0CNKFM9WR?tag=eloabder-20&linkCode=osi&th=1&psc=1"><img src="https://m.media-amazon.com/images/I/31sGGIDic9L._SL500_.jpg" alt="Product Image"></a><p>hobbyme Pack of 4 Plastic Coffee Scoops with Brush & Espresso Grinder Brush for Ground Coffee Cleaning Tea Power Coffee Grinder Spoon</p><p>$6.49</p><a href="https://www.amazon.com/dp/B0CNKFM9WR?tag=eloabder-20&linkCode=osi&th=1&psc=1">View Product</a></div>





<div class="product"><a href="https://www.amazon.com/dp/B07798328B?tag=eloabder-20&linkCode=osi&th=1&psc=1"><img src="https://m.media-amazon.com/images/I/31Vpin+sgUS._SL500_.jpg" alt="Product Image"></a><p>Prime-Line MP10513 Standard Plastic Ice Cube Trays (5 Pack)</p><p>$12.69</p><a href="https://www.amazon.com/dp/B07798328B?tag=eloabder-20&linkCode=osi&th=1&psc=1">View Product</a></div><div class="product"><a href="https://www.amazon.com/dp/B077965JDB?tag=eloabder-20&linkCode=osi&th=1&psc=1"><img src="https://m.media-amazon.com/images/I/31H1hNlH6RL._SL500_.jpg" alt="Product Image"></a><p>Prime-Line MP10863 Standard Plastic Ice Cube Trays (2 Pack)</p><p>$9.69</p><a href="https://www.amazon.com/dp/B077965JDB?tag=eloabder-20&linkCode=osi&th=1&psc=1">View Product</a></div>

<div class="product"><a href="https://www.amazon.com/dp/B08MPLY84K?tag=eloabder-20&linkCode=osi&th=1&psc=1"><img src="https://m.media-amazon.com/images/I/31kWTfzQJBL._SL500_.jpg" alt="Product Image"></a><p>Syntus Vacuum Sealer Bags, 6 Pack 3 Rolls 11" x 20' and 3 Rolls 8" x 20' Commercial Grade BPA Free Bag Rolls, Food Vac Bags for Storage, Meal Prep or Sous Vide</p><p>$19.99</p><a href="https://www.amazon.com/dp/B08MPLY84K?tag=eloabder-20&linkCode=osi&th=1&psc=1">View Product</a></div><div class="product"><a href="https://www.amazon.com/dp/B0C5BWRMQL?tag=eloabder-20&linkCode=osi&th=1&psc=1"><img src="https://m.media-amazon.com/images/I/41yPpkb6oeL._SL500_.jpg" alt="Product Image"></a><p>Bonsenkitchen Vacuum Sealer Rolls Bags, 6 Pack 3 Rolls 11" x 20' + 3 Rolls 8" x 20' Commercial Grade BPA Free Bag Rolls, Durable Customized Size Food Vac Bags for Storage and Sous Vide Cooking VB3211</p><p>$19.99 ($3.33 / Count)</p><a href="https://www.amazon.com/dp/B0C5BWRMQL?tag=eloabder-20&linkCode=osi&th=1&psc=1">View Product</a></div><div class="product"><a href="https://www.amazon.com/dp/B0C5C1JTC4?tag=eloabder-20&linkCode=osi&th=1&psc=1"><img src="https://m.media-amazon.com/images/I/31JpyYsm7YL._SL500_.jpg" alt="Product Image"></a><p>Bonsenkitchen Vacuum Food Sealer Bags 200 Quart 8" x 12", BPA Free, Commercial Grade Textured Food Vacuum Sealer Bag, Thick Embossed Bags for Food Storage and Sous Vide Cooking VB3208</p><p>$18.39 ($0.09 / Count)</p><a href="https://www.amazon.com/dp/B0C5C1JTC4?tag=eloabder-20&linkCode=osi&th=1&psc=1">View Product</a></div><div class="product"><a href="https://www.amazon.com/dp/B07TMZDGQ1?tag=eloabder-20&linkCode=osi&th=1&psc=1"><img src="https://m.media-amazon.com/images/I/31cRCu-JIsL._SL500_.jpg" alt="Product Image"></a><p>Wevac Vacuum Sealer Bags 11x50 Rolls 2 pack for Food Saver, Seal a Meal, Weston. Commercial Grade, BPA Free, Heavy Duty, Great for vac storage, Meal Prep or Sous Vide</p><p>$20.99 ($0.21 / Count)</p><a href="https://www.amazon.com/dp/B07TMZDGQ1?tag=eloabder-20&linkCode=osi&th=1&psc=1">View Product</a></div><div class="product"><a href="https://www.amazon.com/dp/B07TV4KRCL?tag=eloabder-20&linkCode=osi&th=1&psc=1"><img src="https://m.media-amazon.com/images/I/31uv3qtc9bL._SL500_.jpg" alt="Product Image"></a><p>Wevac Vacuum Sealer Bags 100 Gallon 11x16 Inch for Food Saver, Seal a Meal, Weston. Commercial Grade, BPA Free, Heavy Duty, Great for vac storage, Meal Prep and Sous Vide</p><p>$21.24</p><a href="https://www.amazon.com/dp/B07TV4KRCL?tag=eloabder-20&linkCode=osi&th=1&psc=1">View Product</a></div>


<div class="product"><a href="https://www.amazon.com/dp/B093G5XCVF?tag=eloabder-20&linkCode=osi&th=1&psc=1"><img src="https://m.media-amazon.com/images/I/313Cq6ASf0S._SL500_.jpg" alt="Product Image"></a><p>2 Multipurpose Pastry Brush Basting & Coffee Grinders Cleaning Brush Wooden Handle Natural Boar Bristles Baking Cooking Sauce egg wash Bakery Supply Espresso Bean Barista</p><p>$7.21</p><a href="https://www.amazon.com/dp/B093G5XCVF?tag=eloabder-20&linkCode=osi&th=1&psc=1">View Product</a></div><div class="product"><a href="https://www.amazon.com/dp/B07JGRYG31?tag=eloabder-20&linkCode=osi&th=1&psc=1"><img src="https://m.media-amazon.com/images/I/31nd-jhgzdL._SL500_.jpg" alt="Product Image"></a><p>Coffee Grinder Cleaning Brush + Coffee Brush Wood Handle & Natural Bristles Pastry Brush</p><p>$5.99</p><a href="https://www.amazon.com/dp/B07JGRYG31?tag=eloabder-20&linkCode=osi&th=1&psc=1">View Product</a></div><div class="product"><a href="https://www.amazon.com/dp/B0C53G4T7X?tag=eloabder-20&linkCode=osi&th=1&psc=1"><img src="https://m.media-amazon.com/images/I/21Hrgmpj8YL._SL500_.jpg" alt="Product Image"></a><p>Leadigol Cleaning Tool Coffee Machine Home Pastry Brush Multifunctional Wooden Handle Baking Soft Bristles Coffee Grinder Brush</p><p>$7.99</p><a href="https://www.amazon.com/dp/B0C53G4T7X?tag=eloabder-20&linkCode=osi&th=1&psc=1">View Product</a></div><div class="product"><a href="https://www.amazon.com/dp/B07W5WM2LF?tag=eloabder-20&linkCode=osi&th=1&psc=1"><img src="https://m.media-amazon.com/images/I/41-7fWE9tSL._SL500_.jpg" alt="Product Image"></a><p>Redecker Waffle Machine Brush with Oiled Beechwood Handle, Stiff Heat-resistant Tampico Fiber Bristles, 6-1/2 inches, Made in Germany</p><p>$21.99</p><a href="https://www.amazon.com/dp/B07W5WM2LF?tag=eloabder-20&linkCode=osi&th=1&psc=1">View Product</a></div>






Aucun rÃ©sultat trouvÃ©.


<div class="product"><a href="https://www.amazon.com/dp/B00LQKZQAW?tag=eloabder-20&linkCode=osi&th=1&psc=1"><img src="https://m.media-amazon.com/images/I/31nBii+cbiL._SL500_.jpg" alt="Product Image"></a><p>Electrolux 5308000716 Dish Replacement , White</p><p>$17.16</p><a href="https://www.amazon.com/dp/B00LQKZQAW?tag=eloabder-20&linkCode=osi&th=1&psc=1">View Product</a></div><div class="product"><a href="https://www.amazon.com/dp/B09BBPTSNK?tag=eloabder-20&linkCode=osi&th=1&psc=1"><img src="https://m.media-amazon.com/images/I/41kdVEnPDTL._SL500_.jpg" alt="Product Image"></a><p>Judeeâ€™s Butter Powder 5 lb - 100% Non-GMO and Keto-Friendly - rBST Hormone-Free - Gluten-Free and Nut-Free - Made from 100% Real Butter - Baking Ready Ingredient - Made in USA</p><p>$59.99 ($0.75 / Ounce)</p><a href="https://www.amazon.com/dp/B09BBPTSNK?tag=eloabder-20&linkCode=osi&th=1&psc=1">View Product</a></div>
<div class="product"><a href="https://www.amazon.com/dp/B0C1G9K19X?tag=eloabder-20&linkCode=osi&th=1&psc=1"><img src="https://m.media-amazon.com/images/I/41OVBrQ1wFL._SL500_.jpg" alt="Product Image"></a><p>Coffee Cup Design Coffee Filter Holder, Coffee Paper Rack Stand, Metal Coffee Filter Container Stand, Coffee Bar Accessories Vertical Paper Towel Napkin Holder for Cone Square Fan Shaped Size (Black)</p><p>$8.99</p><a href="https://www.amazon.com/dp/B0C1G9K19X?tag=eloabder-20&linkCode=osi&th=1&psc=1">View Product</a></div><div class="product"><a href="https://www.amazon.com/dp/B07TP1YN7G?tag=eloabder-20&linkCode=osi&th=1&psc=1"><img src="https://m.media-amazon.com/images/I/41BpYdpRyaL._SL500_.jpg" alt="Product Image"></a><p>CAFEMASY Coffee Filter Holder Storage Coffee Filter Paper Dispenser Rack with Dustproof Cover for V60 and Cone Coffee Filters</p><p>$9.99</p><a href="https://www.amazon.com/dp/B07TP1YN7G?tag=eloabder-20&linkCode=osi&th=1&psc=1">View Product</a></div><div class="product"><a href="https://www.amazon.com/dp/B0BFCTW7MY?tag=eloabder-20&linkCode=osi&th=1&psc=1"><img src="https://m.media-amazon.com/images/I/31s709IEZkL._SL500_.jpg" alt="Product Image"></a><p>Coffee Filter Holder, watchget Reusable Coffee Paper Filter Storage Bag for Cone-shaped Filter Papers V60 Waterproof Canvas Suitable for Outdoor Camping Traveling(02)</p><p>$11.99</p><a href="https://www.amazon.com/dp/B0BFCTW7MY?tag=eloabder-20&linkCode=osi&th=1&psc=1">View Product</a></div>





<div class="product"><a href="https://www.amazon.com/dp/B0CTJD9VK7?tag=eloabder-20&linkCode=osi&th=1&psc=1"><img src="https://m.media-amazon.com/images/I/31pqr-gIt8L._SL500_.jpg" alt="Product Image"></a><p>[4 Pack] Water Bottle Brush & Straw Cleaner Set,Stainless Steel Long Handle Baby Bottle Scrub Cleaning Brush for Sports Bottles, Cups, Dishes, Coffee Mugs, Glasswares, Tumblers, Wine Decanters</p><p>$6.50</p><a href="https://www.amazon.com/dp/B0CTJD9VK7?tag=eloabder-20&linkCode=osi&th=1&psc=1">View Product</a></div>




<div class="product"><a href="https://www.amazon.com/dp/B0BQSPKDN4?tag=eloabder-20&linkCode=osi&th=1&psc=1"><img src="https://m.media-amazon.com/images/I/416EnQJjKDL._SL500_.jpg" alt="Product Image"></a><p>Teflon Sheets for Baking (3-Pack) Bundled with ninja foodi air fryer liners (1-Pack) - Baking Sheets for Oven and Air Fryer Oven Mat 12" x 12" - Reusable & Heat Resistant</p><p>$9.99</p><a href="https://www.amazon.com/dp/B0BQSPKDN4?tag=eloabder-20&linkCode=osi&th=1&psc=1">View Product</a></div>
















<div class="product"><a href="https://www.amazon.com/dp/B00UTFZAII?tag=eloabder-20&linkCode=osi&th=1&psc=1"><img src="https://m.media-amazon.com/images/I/31z7hZ6KbXL._SL500_.jpg" alt="Product Image"></a><p>Miele 10123210 AirClean 3D Efficiency Dust Bag, Type GN, 4 Bags & 2 Filters, White</p><p>$21.86 ($21.86 / Count)</p><a href="https://www.amazon.com/dp/B00UTFZAII?tag=eloabder-20&linkCode=osi&th=1&psc=1">View Product</a></div><div class="product"><a href="https://www.amazon.com/dp/B07WHG6J5S?tag=eloabder-20&linkCode=osi&th=1&psc=1"><img src="https://m.media-amazon.com/images/I/41hnaEOxB9L._SL500_.jpg" alt="Product Image"></a><p>KEEPOW Vacuum Filters for Eureka, Power Speed Vacuum Filters Replacement for Eureka NEU182A, NEU182B, NEU280, NEU180, NEU181, NEU188, NEU202 Bagless Upright Vacuum Cleaner, Part E0202 (4 Pack)</p><p>$9.99 ($2.50 / Count)</p><a href="https://www.amazon.com/dp/B07WHG6J5S?tag=eloabder-20&linkCode=osi&th=1&psc=1">View Product</a></div><div class="product"><a href="https://www.amazon.com/dp/B00UTFZB82?tag=eloabder-20&linkCode=osi&th=1&psc=1"><img src="https://m.media-amazon.com/images/I/41WdlL5T0dL._SL500_.jpg" alt="Product Image"></a><p>Miele AirClean 3D Efficiency Dust Bag, Type FJM, 4 Bags & 2 Filters, White</p><p>$18.99</p><a href="https://www.amazon.com/dp/B00UTFZB82?tag=eloabder-20&linkCode=osi&th=1&psc=1">View Product</a></div><div class="product"><a href="https://www.amazon.com/dp/B09NKP346M?tag=eloabder-20&linkCode=osi&th=1&psc=1"><img src="https://m.media-amazon.com/images/I/41o25nqkODL._SL500_.jpg" alt="Product Image"></a><p>Anewise 6 Pack Filter Replacement for Bissell Powerforce Compact Lightweight Upright 2112 1520 for Bissel Turbo Bagless 2690 Cleanview 3437 3508 Vacuum Cleaner, Compare to Parts #1604896/160-4896</p><p>$12.99</p><a href="https://www.amazon.com/dp/B09NKP346M?tag=eloabder-20&linkCode=osi&th=1&psc=1">View Product</a></div><div class="product"><a href="https://www.amazon.com/dp/B01MQ5NITB?tag=eloabder-20&linkCode=osi&th=1&psc=1"><img src="https://m.media-amazon.com/images/I/41J6lG4H1bL._SL500_.jpg" alt="Product Image"></a><p>Bissell Style 7 3 Pack Vacuum Cleaner Bags, White, 3 Count</p><p>$8.69 ($2.90 / Count)</p><a href="https://www.amazon.com/dp/B01MQ5NITB?tag=eloabder-20&linkCode=osi&th=1&psc=1">View Product</a></div><div class="product"><a href="https://www.amazon.com/dp/B0CDH1JY5D?tag=eloabder-20&linkCode=osi&th=1&psc=1"><img src="https://m.media-amazon.com/images/I/516DPXu4siL._SL500_.jpg" alt="Product Image"></a><p>4 Pack Replacement Filters Compatiable with Wyze Cordless Vacuum Cleaner, Removable and Washable HEPA Filter Accessories Part Set with 1 Cleaning Brush for Wyze Handheld Cordless Vacuum Cleaner</p><p>$15.99 ($4.00 / Count)</p><a href="https://www.amazon.com/dp/B0CDH1JY5D?tag=eloabder-20&linkCode=osi&th=1&psc=1">View Product</a></div><div class="product"><a href="https://www.amazon.com/dp/B07P3WB37F?tag=eloabder-20&linkCode=osi&th=1&psc=1"><img src="https://m.media-amazon.com/images/I/51WaYrkiVXL._SL500_.jpg" alt="Product Image"></a><p>Miele AirClean 3D Efficiency Dust Bag, Type GN, XL Value Pack, 8 Bags and 4 Filters</p><p>$36.99</p><a href="https://www.amazon.com/dp/B07P3WB37F?tag=eloabder-20&linkCode=osi&th=1&psc=1">View Product</a></div><div class="product"><a href="https://www.amazon.com/dp/B09DSY4Z2T?tag=eloabder-20&linkCode=osi&th=1&psc=1"><img src="https://m.media-amazon.com/images/I/51+ref3EeAL._SL500_.jpg" alt="Product Image"></a><p>Filter Replacement for Tineco A10 A11 Hero A10/A11 Master PURE ONE S11 Series, S12, X Cordless Vacuum Cleaner (3 PACK) â€¦</p><p>$12.99 ($4.33 / Count)</p><a href="https://www.amazon.com/dp/B09DSY4Z2T?tag=eloabder-20&linkCode=osi&th=1&psc=1">View Product</a></div>


<div class="product"><a href="https://www.amazon.com/dp/B0BXRR5QFV?tag=eloabder-20&linkCode=osi&th=1&psc=1"><img src="https://m.media-amazon.com/images/I/41sjdBkCp8L._SL500_.jpg" alt="Product Image"></a><p>AC Infinity CLOUDFORGE T7, Plant Humidifier 15L with VPD Humidity Controls, 10-Level Precision Vaporizer, Extendable Hose, Targeting Pipe, and No-Leak Seal for Grow Tents</p><p>$159.00</p><a href="https://www.amazon.com/dp/B0BXRR5QFV?tag=eloabder-20&linkCode=osi&th=1&psc=1">View Product</a></div><div class="product"><a href="https://www.amazon.com/dp/B01N6MV8SA?tag=eloabder-20&linkCode=osi&th=1&psc=1"><img src="https://m.media-amazon.com/images/I/41hX08+W1xL._SL500_.jpg" alt="Product Image"></a><p>Protec Humidifier Tank Cleaner, 1 Count - Colors May Vary</p><p>$5.98</p><a href="https://www.amazon.com/dp/B01N6MV8SA?tag=eloabder-20&linkCode=osi&th=1&psc=1">View Product</a></div><div class="product"><a href="https://www.amazon.com/dp/B07GXBTH82?tag=eloabder-20&linkCode=osi&th=1&psc=1"><img src="https://m.media-amazon.com/images/I/41ibxK12JPL._SL500_.jpg" alt="Product Image"></a><p>Essick Air 1970-2 Humidifier, 2-Quart Bacteriostatic Treatment, 2 Pack, Clear, 2</p><p>$22.99</p><a href="https://www.amazon.com/dp/B07GXBTH82?tag=eloabder-20&linkCode=osi&th=1&psc=1">View Product</a></div><div class="product"><a href="https://www.amazon.com/dp/B08TTT3K9B?tag=eloabder-20&linkCode=osi&th=1&psc=1"><img src="https://m.media-amazon.com/images/I/41U6j9SexmL._SL500_.jpg" alt="Product Image"></a><p>Leemone Humidifier Cleaner 12 Pack, Demineralization Cleaning Ball, Works in All humidifiers and Fish Tanks, Purifies Water, Prevents Hard Water Build-Up, Eliminates White Dust and Odor</p><p>$14.44</p><a href="https://www.amazon.com/dp/B08TTT3K9B?tag=eloabder-20&linkCode=osi&th=1&psc=1">View Product</a></div>
<div class="product"><a href="https://www.amazon.com/dp/B07YD4XCT3?tag=eloabder-20&linkCode=osi&th=1&psc=1"><img src="https://m.media-amazon.com/images/I/41hR81iKyJL._SL500_.jpg" alt="Product Image"></a><p>Vacplus Moisture Absorber Packets, Fragrance Free(10 Pack), Humidity Packs, Hanging Closet Dehumidifier Bags, Desiccant 9.8OZ</p><p>$21.99</p><a href="https://www.amazon.com/dp/B07YD4XCT3?tag=eloabder-20&linkCode=osi&th=1&psc=1">View Product</a></div><div class="product"><a href="https://www.amazon.com/dp/B09LQF5V5K?tag=eloabder-20&linkCode=osi&th=1&psc=1"><img src="https://m.media-amazon.com/images/I/51Cx5ECAotL._SL500_.jpg" alt="Product Image"></a><p>CLEVAST Moisture Absorbers Packets 10 Pack, Dehumidifier Bags for Closet, Unscented Hanging Humidity Absorber in Wardrobes, Bedrooms, Bathrooms(230g/pack)</p><p>$16.98</p><a href="https://www.amazon.com/dp/B09LQF5V5K?tag=eloabder-20&linkCode=osi&th=1&psc=1">View Product</a></div><div class="product"><a href="https://www.amazon.com/dp/B0B8L9QRW8?tag=eloabder-20&linkCode=osi&th=1&psc=1"><img src="https://m.media-amazon.com/images/I/518LgtpPi8L._SL500_.jpg" alt="Product Image"></a><p>Arm & Hammer Essentials Disposable Moisture Absorber and Odor Eliminator Tub, Fragrance Free, 1 lb, 3-Pack, Attracts and Traps Excess Moisture, Ideal Closet Dehumidifier, White</p><p>$24.94 ($0.52 / Ounce)</p><a href="https://www.amazon.com/dp/B0B8L9QRW8?tag=eloabder-20&linkCode=osi&th=1&psc=1">View Product</a></div><div class="product"><a href="https://www.amazon.com/dp/B09W9TPJGZ?tag=eloabder-20&linkCode=osi&th=1&psc=1"><img src="https://m.media-amazon.com/images/I/51pVTVMwHbL._SL500_.jpg" alt="Product Image"></a><p>THECOSKY Dehumidifier and Air Purifier Combo,HEPA H13 Filter and Negative Air Ion Function,54oz(1.6L) Water Tank with Drain Hose,24hrs Auto-Off Timer,Idea for Bedroom,Bathroom,Closet,RV</p><p>$109.99</p><a href="https://www.amazon.com/dp/B09W9TPJGZ?tag=eloabder-20&linkCode=osi&th=1&psc=1">View Product</a></div><div class="product"><a href="https://www.amazon.com/dp/B0CXDG65LZ?tag=eloabder-20&linkCode=osi&th=1&psc=1"><img src="https://m.media-amazon.com/images/I/41HNflmbKHL._SL500_.jpg" alt="Product Image"></a><p>14 x 17.5 x1.75 MERV 13 Replacement Dehumidifier Filter Compatible with Santa Fe Advance90, Advance100, Advance120, Honeywell DR90 & DR120 dehumidifier models, 2 Pack</p><p>$42.99</p><a href="https://www.amazon.com/dp/B0CXDG65LZ?tag=eloabder-20&linkCode=osi&th=1&psc=1">View Product</a></div>
<div class="product"><a href="https://www.amazon.com/dp/B088B921NQ?tag=eloabder-20&linkCode=osi&th=1&psc=1"><img src="https://m.media-amazon.com/images/I/612e4cT3RYL._SL500_.jpg" alt="Product Image"></a><p>ULTTY H13 HEPA Replacement Filter with Medical Coating, True HEPA Filter For R021/ R020 Purifying Fan, Medium</p><p>$29.99</p><a href="https://www.amazon.com/dp/B088B921NQ?tag=eloabder-20&linkCode=osi&th=1&psc=1">View Product</a></div><div class="product"><a href="https://www.amazon.com/dp/B0D2MZ4Y7Z?tag=eloabder-20&linkCode=osi&th=1&psc=1"><img src="https://m.media-amazon.com/images/I/51KgTHizWyL._SL500_.jpg" alt="Product Image"></a><p>Butto 5-Pack Ceiling Fan Filters for Blades - Strong Adhesive Ceiling Fan Filters for Common Household Contaminants - Unscented Coconut Carbon Fan Air Purifier Pads to Make Air Fresh and Natural</p><p>$9.98</p><a href="https://www.amazon.com/dp/B0D2MZ4Y7Z?tag=eloabder-20&linkCode=osi&th=1&psc=1">View Product</a></div><div class="product"><a href="https://www.amazon.com/dp/B0C42HCM21?tag=eloabder-20&linkCode=osi&th=1&psc=1"><img src="https://m.media-amazon.com/images/I/31jk3lpoygL._SL500_.jpg" alt="Product Image"></a><p>Barnakl Ceiling Fan Filters | Activated Coconut Shell Carbon Filter | Easy-Stick Universal Ceiling Fan Air Filters | Unscented Ceiling Fan Blade Filters for Common Household Contaminants, (3-Count)</p><p>$19.99 ($6.66 / Count)</p><a href="https://www.amazon.com/dp/B0C42HCM21?tag=eloabder-20&linkCode=osi&th=1&psc=1">View Product</a></div>
<div class="product"><a href="https://www.amazon.com/dp/B08LZWP29P?tag=eloabder-20&linkCode=osi&th=1&psc=1"><img src="https://m.media-amazon.com/images/I/41NLuzzFW9L._SL500_.jpg" alt="Product Image"></a><p>Chromex Tankless Water Heater Descaling Solution | Highly Effective Descaler Restores Heating Efficiency, Quart, 32 fl oz (1)</p><p>$26.99</p><a href="https://www.amazon.com/dp/B08LZWP29P?tag=eloabder-20&linkCode=osi&th=1&psc=1">View Product</a></div>

<div class="product"><a href="https://www.amazon.com/dp/B005UO4OWQ?tag=eloabder-20&linkCode=osi&th=1&psc=1"><img src="https://m.media-amazon.com/images/I/41oQPKFofoL._SL500_.jpg" alt="Product Image"></a><p>Bissell 203-7458 Brushroll, Bg10/86T3, Black</p><p>$21.26 ($21.26 / Count)</p><a href="https://www.amazon.com/dp/B005UO4OWQ?tag=eloabder-20&linkCode=osi&th=1&psc=1">View Product</a></div>





















<div class="product"><a href="https://www.amazon.com/dp/B0014J7FUY?tag=eloabder-20&linkCode=osi&th=1&psc=1"><img src="https://m.media-amazon.com/images/I/31QrM+IPxOL._SL500_.jpg" alt="Product Image"></a><p>Urnex Grindz Professional Coffee Grinder Cleaning Tablets - 430 Grams - All Natural Food Safe Gluten Free - Cleans Burr and Casing - Help Extend Life of Your Grinder</p><p>$25.99 ($1.71 / Ounce)</p><a href="https://www.amazon.com/dp/B0014J7FUY?tag=eloabder-20&linkCode=osi&th=1&psc=1">View Product</a></div>



<div class="product"><a href="https://www.amazon.com/dp/B0CHW317SG?tag=eloabder-20&linkCode=osi&th=1&psc=1"><img src="https://m.media-amazon.com/images/I/41Qd5Iu3qBL._SL500_.jpg" alt="Product Image"></a><p>EUHOMY 55 Can Beverage Refrigerator cooler-Mini Fridge Glass Door for Beer Drinks Wines, Freestanding Beverage Fridge with Adjustable Shelves Blue LED for Home/Office/Dorm/Bar (1.3cu.ft)</p><p>$128.99</p><a href="https://www.amazon.com/dp/B0CHW317SG?tag=eloabder-20&linkCode=osi&th=1&psc=1">View Product</a></div>

<div class="product"><a href="https://www.amazon.com/dp/B099CN2MRK?tag=eloabder-20&linkCode=osi&th=1&psc=1"><img src="https://m.media-amazon.com/images/I/31CvUCIUX5L._SL500_.jpg" alt="Product Image"></a><p>Genuine PuroAir 240 Replacement Filter - Replacement HEPA Filter for PuroAir 240 Purifier - Captures up to 99% of Pollen, Smoke, Pollen, Dust and Common Household Pollutants</p><p>$48.00</p><a href="https://www.amazon.com/dp/B099CN2MRK?tag=eloabder-20&linkCode=osi&th=1&psc=1">View Product</a></div><div class="product"><a href="https://www.amazon.com/dp/B0055521W0?tag=eloabder-20&linkCode=osi&th=1&psc=1"><img src="https://m.media-amazon.com/images/I/41Hs7ixdyXL._SL500_.jpg" alt="Product Image"></a><p>GermGuardian Filter B HEPA Pure Genuine Air Purifier Replacement Filter, Removes 99.97% of Pollutants for AC4825, AC4300, AC4900, AC4825DLX, AC4850, CDAP4500, AP2200, Black/Yellow, FLT4825</p><p>$17.90 ($17.90 / Count)</p><a href="https://www.amazon.com/dp/B0055521W0?tag=eloabder-20&linkCode=osi&th=1&psc=1">View Product</a></div><div class="product"><a href="https://www.amazon.com/dp/B0BNMYKZPV?tag=eloabder-20&linkCode=osi&th=1&psc=1"><img src="https://m.media-amazon.com/images/I/41-K3mB6KkL._SL500_.jpg" alt="Product Image"></a><p>2 Pack True HEPA KILO Filter Compatible with Afloia KILO, KILOPLUS, KILOPRO, MIRO,MIRO PRO and MORENTO MR-Kilo, Kalo Air Purifier, 360Â° 3-Stage Filtration</p><p>$34.99 ($17.50 / Count)</p><a href="https://www.amazon.com/dp/B0BNMYKZPV?tag=eloabder-20&linkCode=osi&th=1&psc=1">View Product</a></div><div class="product"><a href="https://www.amazon.com/dp/B0D3M4Y9W7?tag=eloabder-20&linkCode=osi&th=1&psc=1"><img src="https://m.media-amazon.com/images/I/41tzW+mkZuL._SL500_.jpg" alt="Product Image"></a><p>Breshair 14 True HEPA Filter Replacement Compatible with PuroAir 240 Air Purifier, 3-in-1 Filtration System with Activated Carbon Filter, 2-Pack</p><p>$31.56 ($15.78 / Count)</p><a href="https://www.amazon.com/dp/B0D3M4Y9W7?tag=eloabder-20&linkCode=osi&th=1&psc=1">View Product</a></div><div class="product"><a href="https://www.amazon.com/dp/B0CB18MVX6?tag=eloabder-20&linkCode=osi&th=1&psc=1"><img src="https://m.media-amazon.com/images/I/519ZmmLOrzL._SL500_.jpg" alt="Product Image"></a><p>2 Pack 3-in-1 H13 True HEPA Replacement Filter Compatible with Pure Enrichment PureZone Air Purifier Part# PEAIRPLG</p><p>$23.99 ($12.00 / Count)</p><a href="https://www.amazon.com/dp/B0CB18MVX6?tag=eloabder-20&linkCode=osi&th=1&psc=1">View Product</a></div><div class="product"><a href="https://www.amazon.com/dp/B08JTZMRML?tag=eloabder-20&linkCode=osi&th=1&psc=1"><img src="https://m.media-amazon.com/images/I/51yx60sCjHL._SL500_.jpg" alt="Product Image"></a><p>6 Pack HPA300 HEPA Filter Replacement for Honeywell HPA300 Series Air Purifiers HPA300, HPA300VP, HPA304, HPA3300, Replace HRF-R3 (6 Ture HEPA R Replacement Filter + 8 Activated Carbon Pre-Filter)</p><p>$47.99 ($3.43 / Count)</p><a href="https://www.amazon.com/dp/B08JTZMRML?tag=eloabder-20&linkCode=osi&th=1&psc=1">View Product</a></div><div class="product"><a href="https://www.amazon.com/dp/B0CF1GLSYS?tag=eloabder-20&linkCode=osi&th=1&psc=1"><img src="https://m.media-amazon.com/images/I/41709EXRzXL._SL500_.jpg" alt="Product Image"></a><p>CHIVALZ 4 Pack HY4866 True HEPA Replacement Filters Compatible with MORENTO HY4866 Air Purifier, WESTHEY HY4866 Air Purifier and YIOU M1 Air Cleaner Purifier, Original Version</p><p>$39.99 ($10.00 / Count)</p><a href="https://www.amazon.com/dp/B0CF1GLSYS?tag=eloabder-20&linkCode=osi&th=1&psc=1">View Product</a></div>







<div class="product"><a href="https://www.amazon.com/dp/B0CYKMFKR9?tag=eloabder-20&linkCode=osi&th=1&psc=1"><img src="https://m.media-amazon.com/images/I/316zU-ozoxL._SL500_.jpg" alt="Product Image"></a><p>Air Purifier Replacement Filter for Space Heater Bladeless Fan</p><p>$29.99</p><a href="https://www.amazon.com/dp/B0CYKMFKR9?tag=eloabder-20&linkCode=osi&th=1&psc=1">View Product</a></div>
<div class="product"><a href="https://www.amazon.com/dp/B07MRH6VY7?tag=eloabder-20&linkCode=osi&th=1&psc=1"><img src="https://m.media-amazon.com/images/I/51g-nuN4A5L._SL500_.jpg" alt="Product Image"></a><p>Colorfullife Replacement Air Purifier Filter for Dyson Tower Purifier Pure Cool Link TP01, TP02, TP03, BP01, Compare to Part 968126-03ï¼Œ2 Pack</p><p>$26.99</p><a href="https://www.amazon.com/dp/B07MRH6VY7?tag=eloabder-20&linkCode=osi&th=1&psc=1">View Product</a></div><div class="product"><a href="https://www.amazon.com/dp/B07TX5SW7J?tag=eloabder-20&linkCode=osi&th=1&psc=1"><img src="https://m.media-amazon.com/images/I/512Kn+cPglL._SL500_.jpg" alt="Product Image"></a><p>TP01 HEPA Filter Replacement Compatible with Dyson Tower Purifier Pure Cool Link TP01, TP02, TP03, AM11, BP01 Models, Compare to Part # 968126-03 (Pack of 2)</p><p>$27.95 ($13.98 / Count)</p><a href="https://www.amazon.com/dp/B07TX5SW7J?tag=eloabder-20&linkCode=osi&th=1&psc=1">View Product</a></div><div class="product"><a href="https://www.amazon.com/dp/B0CC24GZGB?tag=eloabder-20&linkCode=osi&th=1&psc=1"><img src="https://m.media-amazon.com/images/I/41woNpZ9VgL._SL500_.jpg" alt="Product Image"></a><p>TP01 TP02 Filter Compatible with Dyson Pure Cool Link Purifying Tower Fan TP00 TP03 AM11 and Cool Me BP01 Personal Series, 360Â° Air Purifier Filter Replacement 968126-03, 1-Pack</p><p>$25.99</p><a href="https://www.amazon.com/dp/B0CC24GZGB?tag=eloabder-20&linkCode=osi&th=1&psc=1">View Product</a></div><div class="product"><a href="https://www.amazon.com/dp/B0CX23N2JJ?tag=eloabder-20&linkCode=osi&th=1&psc=1"><img src="https://m.media-amazon.com/images/I/3145hmd5j7L._SL500_.jpg" alt="Product Image"></a><p>Dreo Air Purifiers Replacement Filter, HEPA Filter for Dreo Purifier Tower Fan MC710S, with 2 Stage Filtration, Black, Standard(DR-HPA019)</p><p>$39.99</p><a href="https://www.amazon.com/dp/B0CX23N2JJ?tag=eloabder-20&linkCode=osi&th=1&psc=1">View Product</a></div>










<div class="product"><a href="https://www.amazon.com/dp/B001U0OJ7O?tag=eloabder-20&linkCode=osi&th=1&psc=1"><img src="https://m.media-amazon.com/images/I/41XEg3QV-wL._SL500_.jpg" alt="Product Image"></a><p>Whirlpool W10165294RB 15-Inch Plastic Trash Compactor ct, 60 Bags, Count</p><p>$48.34</p><a href="https://www.amazon.com/dp/B001U0OJ7O?tag=eloabder-20&linkCode=osi&th=1&psc=1">View Product</a></div><div class="product"><a href="https://www.amazon.com/dp/B0CC3V4ZZ4?tag=eloabder-20&linkCode=osi&th=1&psc=1"><img src="https://m.media-amazon.com/images/I/31bbvodHnjL._SL500_.jpg" alt="Product Image"></a><p>Waste Smasher- Hand-Held Manual Trash Compactor Dishwasher Safe Black</p><p>$24.95</p><a href="https://www.amazon.com/dp/B0CC3V4ZZ4?tag=eloabder-20&linkCode=osi&th=1&psc=1">View Product</a></div><div class="product"><a href="https://www.amazon.com/dp/B00IYO5914?tag=eloabder-20&linkCode=osi&th=1&psc=1"><img src="https://m.media-amazon.com/images/I/51SLpTXIYNL._SL500_.jpg" alt="Product Image"></a><p>Kitchen Master Super Strong Compactor Bags Pre Cuffed (12 Pack)</p><p>$34.95</p><a href="https://www.amazon.com/dp/B00IYO5914?tag=eloabder-20&linkCode=osi&th=1&psc=1">View Product</a></div><div class="product"><a href="https://www.amazon.com/dp/B075DJ4ZVQ?tag=eloabder-20&linkCode=osi&th=1&psc=1"><img src="https://m.media-amazon.com/images/I/51Vaek4I89L._SL500_.jpg" alt="Product Image"></a><p>Dano Pre-Cuffed Compactor Bags</p><p>$32.95 ($2.75 / Count)</p><a href="https://www.amazon.com/dp/B075DJ4ZVQ?tag=eloabder-20&linkCode=osi&th=1&psc=1">View Product</a></div><div class="product"><a href="https://www.amazon.com/dp/B0C2DCVCBJ?tag=eloabder-20&linkCode=osi&th=1&psc=1"><img src="https://m.media-amazon.com/images/I/51072CtaKuL._SL500_.jpg" alt="Product Image"></a><p>60-pack W10165294RB Trash Compactor Bags - leak-proof trash compactor bags for kitchen 60-ct 15 inches - Fits 15-inch Rectangular Drawer Compactors</p><p>$45.99 ($0.77 / Count)</p><a href="https://www.amazon.com/dp/B0C2DCVCBJ?tag=eloabder-20&linkCode=osi&th=1&psc=1">View Product</a></div><div class="product"><a href="https://www.amazon.com/dp/B001U0OJ7E?tag=eloabder-20&linkCode=osi&th=1&psc=1"><img src="https://m.media-amazon.com/images/I/41c0z26RyvL._SL500_.jpg" alt="Product Image"></a><p>Whirlpool W10165293RB Genuine OEM 60 Pack-Plastic Compactor Bags-18" Models â€“ 1394369, 4178058, 4318932, 4318933, 4318935, 4318937, 4318939, AH1964576, EA1964576, PS1964576</p><p>$48.64 ($0.81 / Count)</p><a href="https://www.amazon.com/dp/B001U0OJ7E?tag=eloabder-20&linkCode=osi&th=1&psc=1">View Product</a></div><div class="product"><a href="https://www.amazon.com/dp/B00W27J16S?tag=eloabder-20&linkCode=osi&th=1&psc=1"><img src="https://m.media-amazon.com/images/I/41RaOjAGlrL._SL500_.jpg" alt="Product Image"></a><p>Compactor Bags Pre Cuffed (50 Pack)</p><p>$84.95 ($1.70 / count)</p><a href="https://www.amazon.com/dp/B00W27J16S?tag=eloabder-20&linkCode=osi&th=1&psc=1">View Product</a></div><div class="product"><a href="https://www.amazon.com/dp/B00MOCYY2W?tag=eloabder-20&linkCode=osi&th=1&psc=1"><img src="https://m.media-amazon.com/images/I/41SH8mDsAnL._SL500_.jpg" alt="Product Image"></a><p>GE WX60X1 Genuine OEM Universal Trash Compactor Bags for GE Trash Compactors</p><p>$19.00</p><a href="https://www.amazon.com/dp/B00MOCYY2W?tag=eloabder-20&linkCode=osi&th=1&psc=1">View Product</a></div><div class="product"><a href="https://www.amazon.com/dp/B0D7SFSTNG?tag=eloabder-20&linkCode=osi&th=1&psc=1"><img src="https://m.media-amazon.com/images/I/41szt9tZJPL._SL500_.jpg" alt="Product Image"></a><p>4PCS Trash Compactor Charcoal Air Filter Fit for Whirlpool/KitchenAid/Maytag/Jenn-Air/Amana/Inglis/Magic Chef Trash Compactor, Replaces 4151750 554358 WP4151750 AP6009134 PS11742279</p><p>$23.59 ($5.90 / Count)</p><a href="https://www.amazon.com/dp/B0D7SFSTNG?tag=eloabder-20&linkCode=osi&th=1&psc=1">View Product</a></div>
<div class="product"><a href="https://www.amazon.com/dp/B0CGLX5ZB9?tag=eloabder-20&linkCode=osi&th=1&psc=1"><img src="https://m.media-amazon.com/images/I/51qeRZQS98L._SL500_.jpg" alt="Product Image"></a><p>Spare Replacement Parts Compatible with MAMNV BR150 BR151, ZCWA BR150 BR151, MANVINS G20 Robot Vacuum and Mop Combo Accessories Include: 3 Hepa Filters 3 Mop Pads 6 Side Spin Brushes</p><p>$9.98</p><a href="https://www.amazon.com/dp/B0CGLX5ZB9?tag=eloabder-20&linkCode=osi&th=1&psc=1">View Product</a></div><div class="product"><a href="https://www.amazon.com/dp/B0B28DGZBG?tag=eloabder-20&linkCode=osi&th=1&psc=1"><img src="https://m.media-amazon.com/images/I/51ooMN4RqML._SL500_.jpg" alt="Product Image"></a><p>Replacement Parts for Shark AI AV2511AE AV2501S AV2610WA AV2501AE RV2502AE RV2610WA RV2520 AV2510 2-In-1 AI Ultra Robot Vacuum Cleaner Accessories Kits. Main Brush, HEPA Filter, Foam Filter,Side Brush</p><p>$19.99 ($1.05 / Count)</p><a href="https://www.amazon.com/dp/B0B28DGZBG?tag=eloabder-20&linkCode=osi&th=1&psc=1">View Product</a></div><div class="product"><a href="https://www.amazon.com/dp/B0782T7L6P?tag=eloabder-20&linkCode=osi&th=1&psc=1"><img src="https://m.media-amazon.com/images/I/41hTVkuzMJL._SL500_.jpg" alt="Product Image"></a><p>10pcs HEPA Filters Replacement for ILIFE V3s V3s pro V5 V5s V5s Pro V5s Pro 2 V5s Plus Noisz S5 Robotic Vacuum Cleaner ILIFE V3s pro Filters ILIFE Robot Vacuum Filter</p><p>$9.80 ($0.98 / Count)</p><a href="https://www.amazon.com/dp/B0782T7L6P?tag=eloabder-20&linkCode=osi&th=1&psc=1">View Product</a></div><div class="product"><a href="https://www.amazon.com/dp/B0CXLVHTTC?tag=eloabder-20&linkCode=osi&th=1&psc=1"><img src="https://m.media-amazon.com/images/I/51BT3phYzKL._SL500_.jpg" alt="Product Image"></a><p>HUIZHEN Spare Accessories for MAMNV BR150/BR151, for ZCWA BR150/BR151, for MANVINS G20,for GTTVO BR150/BR151,for ONSON BR150/BR151 Robot Vacuum Replacement Parts,6 Side Brush,4 HEPA Filters,4 Mop Pads</p><p>$9.99</p><a href="https://www.amazon.com/dp/B0CXLVHTTC?tag=eloabder-20&linkCode=osi&th=1&psc=1">View Product</a></div><div class="product"><a href="https://www.amazon.com/dp/B08RYDDQL8?tag=eloabder-20&linkCode=osi&th=1&psc=1"><img src="https://m.media-amazon.com/images/I/314Xd7+oBXL._SL500_.jpg" alt="Product Image"></a><p>AirClean 4 Pack 3.7" High Replacement Base Pre-Motor Foam Filters Compatible with Shark IQ Robot Vacuum R101AE RV1001AE UR1005AE Self-Empty Base</p><p>$12.99 ($3.25 / Count)</p><a href="https://www.amazon.com/dp/B08RYDDQL8?tag=eloabder-20&linkCode=osi&th=1&psc=1">View Product</a></div><div class="product"><a href="https://www.amazon.com/dp/B0CJLHJ557?tag=eloabder-20&linkCode=osi&th=1&psc=1"><img src="https://m.media-amazon.com/images/I/41iQm8hUjiL._SL500_.jpg" alt="Product Image"></a><p>Replacement Parts Compatible with WYZE Robot Vacuum Cleaner WVCR200S Accessories, 2 Main Brushes, 6 Hepa Filters, 8 Side Brushes Attachment Spare Pack</p><p>$14.99 ($0.94 / Count)</p><a href="https://www.amazon.com/dp/B0CJLHJ557?tag=eloabder-20&linkCode=osi&th=1&psc=1">View Product</a></div>
<div class="product"><a href="https://www.amazon.com/dp/B0C4595Q8P?tag=eloabder-20&linkCode=osi&th=1&psc=1"><img src="https://m.media-amazon.com/images/I/51k23SAtRxL._SL500_.jpg" alt="Product Image"></a><p>4 Pack FSV001 HEPA Filter Compatiable with Fabuletta FSV101, FSV001, Girnoor G160&G165, Afoddon A300, Lubluelu 202, Oraimo Cordless Vacuum Cleaner, Besswin W26 Cordless Stick Vacuum Cleaners</p><p>$15.99 ($4.00 / Count)</p><a href="https://www.amazon.com/dp/B0C4595Q8P?tag=eloabder-20&linkCode=osi&th=1&psc=1">View Product</a></div>
<div class="product"><a href="https://www.amazon.com/dp/B0BNKJX96X?tag=eloabder-20&linkCode=osi&th=1&psc=1"><img src="https://m.media-amazon.com/images/I/41OPeLFppoL._SL500_.jpg" alt="Product Image"></a><p>6 PACK 2033 Replacement Filter Compatible with Bissell Featherweight Stick Lightweight Bagless Vacuum Cleaner 20331, 20333, 20334, 20336, 20339, 2033M,6 Mesh Filter 6 Foam Filters, Replace # 1611508</p><p>$14.99 ($2.50 / Count)</p><a href="https://www.amazon.com/dp/B0BNKJX96X?tag=eloabder-20&linkCode=osi&th=1&psc=1">View Product</a></div><div class="product"><a href="https://www.amazon.com/dp/B0CMBWLTSM?tag=eloabder-20&linkCode=osi&th=1&psc=1"><img src="https://m.media-amazon.com/images/I/41PHqKaLTDL._SL500_.jpg" alt="Product Image"></a><p>18V ONE + Cordless Pet Stick Vacuum Filter for Ryobi, PCL720, PBLSV716, PBLSV717 Stick Vacuum, Reusable Washable Filters, Compare to Part A32SV720N, 6 Pack</p><p>$15.99 ($2.66 / Count)</p><a href="https://www.amazon.com/dp/B0CMBWLTSM?tag=eloabder-20&linkCode=osi&th=1&psc=1">View Product</a></div><div class="product"><a href="https://www.amazon.com/dp/B0CXDYWWT9?tag=eloabder-20&linkCode=osi&th=1&psc=1"><img src="https://m.media-amazon.com/images/I/41F1csTT8jL._SL500_.jpg" alt="Product Image"></a><p>2 Replacement Filters for Craftsman V20 Cordless Stick Vacuum CMCVS001D1, for Black Decker BSVF1 BSV2020 BSV2020G BSV2020P Cordless Stick Vacuum Cleaner with 1 Cleaning Brush</p><p>$14.99</p><a href="https://www.amazon.com/dp/B0CXDYWWT9?tag=eloabder-20&linkCode=osi&th=1&psc=1">View Product</a></div><div class="product"><a href="https://www.amazon.com/dp/B0CCJ5N5DH?tag=eloabder-20&linkCode=osi&th=1&psc=1"><img src="https://m.media-amazon.com/images/I/41xmhDPqk8L._SL500_.jpg" alt="Product Image"></a><p>Aolleteau 1 Pack Brush Roller Compatible with Black + Decker BSV2020, BSV2020P, BSV2020G Powerseries Extreme Cordless Stick Vacuum and Compatible with Craftsman V20 Cordless Stick Vacuum CMCVS001D1</p><p>$17.99</p><a href="https://www.amazon.com/dp/B0CCJ5N5DH?tag=eloabder-20&linkCode=osi&th=1&psc=1">View Product</a></div><div class="product"><a href="https://www.amazon.com/dp/B0CQY61LFD?tag=eloabder-20&linkCode=osi&th=1&psc=1"><img src="https://m.media-amazon.com/images/I/31swBBC444L._SL500_.jpg" alt="Product Image"></a><p>Tablenco for Shark HZ602 Filter Replacement Ultralight Pet Pro Corded Stick Vacuum and HZ2002 Vertex DuoClean PowerFins fit HZ2000 HZ251 HZ250 HH200 HH202,4 Foam Felt 4 Motor Kit (No cleaning brush)</p><p>$9.98</p><a href="https://www.amazon.com/dp/B0CQY61LFD?tag=eloabder-20&linkCode=osi&th=1&psc=1">View Product</a></div><div class="product"><a href="https://www.amazon.com/dp/B09Q55KW8W?tag=eloabder-20&linkCode=osi&th=1&psc=1"><img src="https://m.media-amazon.com/images/I/51MKsJy6nSL._SL500_.jpg" alt="Product Image"></a><p>Anicell 2033 Featherweight Filter for Bissell Featherweight Stick Lightweight Bagless Vacuum 20331 20333 20334 20336 20339 2033M, 4 Mesh Filters 6 Foam Filters Replacement, Replace part# 1611508</p><p>$11.99</p><a href="https://www.amazon.com/dp/B09Q55KW8W?tag=eloabder-20&linkCode=osi&th=1&psc=1">View Product</a></div><div class="product"><a href="https://www.amazon.com/dp/B0CDVG7LHD?tag=eloabder-20&linkCode=osi&th=1&psc=1"><img src="https://m.media-amazon.com/images/I/41hjN1Te6sL._SL500_.jpg" alt="Product Image"></a><p>Moreffi 3 Pack Filter Replacement For HART Cordless Stick Vacuum HPSV01 and HPSV50, Compare to Part Number HASV01</p><p>$19.99 ($6.66 / Count)</p><a href="https://www.amazon.com/dp/B0CDVG7LHD?tag=eloabder-20&linkCode=osi&th=1&psc=1">View Product</a></div>
<div class="product"><a href="https://www.amazon.com/dp/B07DQ9TZC8?tag=eloabder-20&linkCode=osi&th=1&psc=1"><img src="https://m.media-amazon.com/images/I/41PHyZ20FuL._SL500_.jpg" alt="Product Image"></a><p>Kenmore 53294 Style O HEPA Cloth Vacuum Bags for Kenmore Upright Vacuum Cleaners 6 Pack,White</p><p>$20.99 ($3.50 / Count)</p><a href="https://www.amazon.com/dp/B07DQ9TZC8?tag=eloabder-20&linkCode=osi&th=1&psc=1">View Product</a></div><div class="product"><a href="https://www.amazon.com/dp/B08MXVTTT2?tag=eloabder-20&linkCode=osi&th=1&psc=1"><img src="https://m.media-amazon.com/images/I/41T6wRpIMzL._SL500_.jpg" alt="Product Image"></a><p>Kenmore IB600 HEPA Replacement Intuition Upright Vacuum Cleaner Bags for BU4022, BU4020, BU4018, BU4050, BU3040,White</p><p>$18.75</p><a href="https://www.amazon.com/dp/B08MXVTTT2?tag=eloabder-20&linkCode=osi&th=1&psc=1">View Product</a></div><div class="product"><a href="https://www.amazon.com/dp/B01010JVYO?tag=eloabder-20&linkCode=osi&th=1&psc=1"><img src="https://m.media-amazon.com/images/I/51Anluh47GL._SL500_.jpg" alt="Product Image"></a><p>EnviroCare Replacement Micro Filtration Vacuum Cleaner Dust Bags Designed to fit Hoover Windtunnel Upright Type Y 9 pack</p><p>$9.89 ($1.10 / Count)</p><a href="https://www.amazon.com/dp/B01010JVYO?tag=eloabder-20&linkCode=osi&th=1&psc=1">View Product</a></div><div class="product"><a href="https://www.amazon.com/dp/B0D5CP3WBY?tag=eloabder-20&linkCode=osi&th=1&psc=1"><img src="https://m.media-amazon.com/images/I/31MaGmsVOwL._SL500_.jpg" alt="Product Image"></a><p>Bagless Upright Kenmore Vacuum HEPA Filters, Compatible with Foam Filters, Felt Filters and Upright vacuum cleaner for Models K4010,DU2015,DU2012(includes 1 Hepa Filters,2 Foam and 2 Felt Filters)</p><p>$12.99</p><a href="https://www.amazon.com/dp/B0D5CP3WBY?tag=eloabder-20&linkCode=osi&th=1&psc=1">View Product</a></div><div class="product"><a href="https://www.amazon.com/dp/B0CBFV28WX?tag=eloabder-20&linkCode=osi&th=1&psc=1"><img src="https://m.media-amazon.com/images/I/51LIYI0wXSL._SL500_.jpg" alt="Product Image"></a><p>16 Packs Vacuum Bags for Oreck Type CC, Compatible with All Oreck XL Upright Vacuum Cleaner - Replaces Part # CCPK8DW</p><p>$21.99 ($1.37 / Count)</p><a href="https://www.amazon.com/dp/B0CBFV28WX?tag=eloabder-20&linkCode=osi&th=1&psc=1">View Product</a></div><div class="product"><a href="https://www.amazon.com/dp/B00F9GQMHA?tag=eloabder-20&linkCode=osi&th=1&psc=1"><img src="https://m.media-amazon.com/images/I/51lhelurelL._SL500_.jpg" alt="Product Image"></a><p>EnviroCare Replacement Premium Vacuum Cleaner Dust Bags made to fit Eureka F&G Uprights 9 bags</p><p>$11.09</p><a href="https://www.amazon.com/dp/B00F9GQMHA?tag=eloabder-20&linkCode=osi&th=1&psc=1">View Product</a></div><div class="product"><a href="https://www.amazon.com/dp/B002CI8G1I?tag=eloabder-20&linkCode=osi&th=1&psc=1"><img src="https://m.media-amazon.com/images/I/51PYQrQpbSL._SL500_.jpg" alt="Product Image"></a><p>EnviroCare Replacement Micro Filtration Vacuum Cleaner Dust Bags made to fit Kenmore Upright Type U/L/O 50688 and 50690, Panasonic Type U-2, Miele Type Z. 9 pack</p><p>$9.99</p><a href="https://www.amazon.com/dp/B002CI8G1I?tag=eloabder-20&linkCode=osi&th=1&psc=1">View Product</a></div>
<div class="product"><a href="https://www.amazon.com/dp/B07GNQJ67P?tag=eloabder-20&linkCode=osi&th=1&psc=1"><img src="https://m.media-amazon.com/images/I/41XHnKbgjAL._SL500_.jpg" alt="Product Image"></a><p>Kenmore 53292 Type Q HEPA Replacement Dust Bags for Canister Vacuum 81214, 81414, 81714, 21814, BC2005, BC3005, 81615, BC7005, 6 Count (Pack of 1)</p><p>$13.24 ($2.21 / Count)</p><a href="https://www.amazon.com/dp/B07GNQJ67P?tag=eloabder-20&linkCode=osi&th=1&psc=1">View Product</a></div><div class="product"><a href="https://www.amazon.com/dp/B01L0C0FVK?tag=eloabder-20&linkCode=osi&th=1&psc=1"><img src="https://m.media-amazon.com/images/I/51ZIjbo9NVL._SL500_.jpg" alt="Product Image"></a><p>Envirocare Replacement Vacuum Bags Compatible with Kenmore Canister Type C/Q. 5055, 50557 and 50558 Panasonic Type C-5 Vacuums,15 pack</p><p>$16.16</p><a href="https://www.amazon.com/dp/B01L0C0FVK?tag=eloabder-20&linkCode=osi&th=1&psc=1">View Product</a></div><div class="product"><a href="https://www.amazon.com/dp/B0BTRTP2PM?tag=eloabder-20&linkCode=osi&th=1&psc=1"><img src="https://m.media-amazon.com/images/I/41K295aRv9L._SL500_.jpg" alt="Product Image"></a><p>Vacuum Cleaner Bags Fit for Kenmore Canister Type C/Q 50555 50557 50558 and Type C-5, 10PCs</p><p>$15.99</p><a href="https://www.amazon.com/dp/B0BTRTP2PM?tag=eloabder-20&linkCode=osi&th=1&psc=1">View Product</a></div><div class="product"><a href="https://www.amazon.com/dp/B0CRQYGLZX?tag=eloabder-20&linkCode=osi&th=1&psc=1"><img src="https://m.media-amazon.com/images/I/413iXp+j3ML._SL500_.jpg" alt="Product Image"></a><p>15 Pack Canister Vacuum Cleaner Bags Compatible with Kenmore Canister Type C/Q 5055, 50555, 50557, 50558 and Type C-5, C-18, 53292, 200 Series, 400 Series, 600 Series, 700 Series, 800 Series Vacuum</p><p>$11.69</p><a href="https://www.amazon.com/dp/B0CRQYGLZX?tag=eloabder-20&linkCode=osi&th=1&psc=1">View Product</a></div><div class="product"><a href="https://www.amazon.com/dp/B00QGD3SBI?tag=eloabder-20&linkCode=osi&th=1&psc=1"><img src="https://m.media-amazon.com/images/I/51xw0asyqTL._SL500_.jpg" alt="Product Image"></a><p>EnviroCare Replacement Vacuum Bags made to fit Kenmore Canister Type C or Q 50555, 50558, 50557 and Panasonic Type C-5 Vacuums, 9 pack</p><p>$9.79</p><a href="https://www.amazon.com/dp/B00QGD3SBI?tag=eloabder-20&linkCode=osi&th=1&psc=1">View Product</a></div><div class="product"><a href="https://www.amazon.com/dp/B0CQP9NP5N?tag=eloabder-20&linkCode=osi&th=1&psc=1"><img src="https://m.media-amazon.com/images/I/41WnNkTz8zL._SL500_.jpg" alt="Product Image"></a><p>8 Pack Replacement Vacuum Bags Compatible with Kenmore Canister Type C/Q. 5055, 50104, 50557 and 50558 Panasonic Type C-5 Vacuums</p><p>$9.99 ($1.25 / Count)</p><a href="https://www.amazon.com/dp/B0CQP9NP5N?tag=eloabder-20&linkCode=osi&th=1&psc=1">View Product</a></div>
<div class="product"><a href="https://www.amazon.com/dp/B09M3Y2BHR?tag=eloabder-20&linkCode=osi&th=1&psc=1"><img src="https://m.media-amazon.com/images/I/31tevngai1L._SL500_.jpg" alt="Product Image"></a><p>Ymimi Vacuum Filter Compatible with Eureka WhirlWind Bagless Canister Vacuum Cleaner,Fits NEN110A,NEN110B,NEN110Dï¼ˆ2-Packï¼‰</p><p>$11.99 ($6.00 / Count)</p><a href="https://www.amazon.com/dp/B09M3Y2BHR?tag=eloabder-20&linkCode=osi&th=1&psc=1">View Product</a></div><div class="product"><a href="https://www.amazon.com/dp/B07J1WWBHN?tag=eloabder-20&linkCode=osi&th=1&psc=1"><img src="https://m.media-amazon.com/images/I/51gmkDrnR2L._SL500_.jpg" alt="Product Image"></a><p>Bissell Powerforce Helix Bagless Washable Premotor Filter #1608225, Black</p><p>$7.78</p><a href="https://www.amazon.com/dp/B07J1WWBHN?tag=eloabder-20&linkCode=osi&th=1&psc=1">View Product</a></div><div class="product"><a href="https://www.amazon.com/dp/B0BK64TMMK?tag=eloabder-20&linkCode=osi&th=1&psc=1"><img src="https://m.media-amazon.com/images/I/41OBMvET7eL._SL500_.jpg" alt="Product Image"></a><p>Vacuum Belt Replacement for Bissell Cleanview Swivel Pet Upright Bagless/Powerlifter Vacuum Cleaner, fits model: 2252, 2254, 22543, 2258,2259, 2260,2316, 2739, 1793, Parts # 3031120, 32074</p><p>$6.99</p><a href="https://www.amazon.com/dp/B0BK64TMMK?tag=eloabder-20&linkCode=osi&th=1&psc=1">View Product</a></div><div class="product"><a href="https://www.amazon.com/dp/B0BKKL3WRB?tag=eloabder-20&linkCode=osi&th=1&psc=1"><img src="https://m.media-amazon.com/images/I/410jMe-FjIL._SL500_.jpg" alt="Product Image"></a><p>Aolleteau F1 HEPA Filter Compatible with Dirt Devil Bagless Upright Cleaner Models Extra Lite, Breeze, Featherlite Bagless, Jaguar Bagless,Platinum Force Vision, Scorpion and Vision Bagless (2 Pack)</p><p>$13.99 ($7.00 / Count)</p><a href="https://www.amazon.com/dp/B0BKKL3WRB?tag=eloabder-20&linkCode=osi&th=1&psc=1">View Product</a></div><div class="product"><a href="https://www.amazon.com/dp/B09SG1P4WN?tag=eloabder-20&linkCode=osi&th=1&psc=1"><img src="https://m.media-amazon.com/images/I/51+Mr+Wq5ML._SL500_.jpg" alt="Product Image"></a><p>NEN110A Vacuum Filter, Inlet Frame and Sponge Filter Compatible with Eureka Whirlwind Bagless Canister Vacuum Cleaner, Fits NEN110A, NEN110B, NEN110D(4-Pack)</p><p>$15.99 ($4.00 / Count)</p><a href="https://www.amazon.com/dp/B09SG1P4WN?tag=eloabder-20&linkCode=osi&th=1&psc=1">View Product</a></div>
<div class="product"><a href="https://www.amazon.com/dp/B07GT9VB9X?tag=eloabder-20&linkCode=osi&th=1&psc=1"><img src="https://m.media-amazon.com/images/I/41IokheYtNL._SL500_.jpg" alt="Product Image"></a><p>6 Pack 1940 Bissell Steam Mop Pads for Bissell PowerFresh Steam Mop 1806 1544 1440 2075A 2685A 1940W 19404 Series, Model 19402 19408 1940a 1940f 1940q 1940t B0006 B0017, Part #5938#203-2633</p><p>$16.99 ($2.83 / Count)</p><a href="https://www.amazon.com/dp/B07GT9VB9X?tag=eloabder-20&linkCode=osi&th=1&psc=1">View Product</a></div><div class="product"><a href="https://www.amazon.com/dp/B07H3MYZLD?tag=eloabder-20&linkCode=osi&th=1&psc=1"><img src="https://m.media-amazon.com/images/I/511p6MPxQ0L._SL500_.jpg" alt="Product Image"></a><p>Flammi Steam Pocket Mop Replacement Pads for Shark S3500 Series S3501 S3601 S3550 S3901 SE450 S3801CO S3601D S2901 S2902 Steam Pocket Mop, 4 Pack</p><p>$16.97 ($4.24 / Count)</p><a href="https://www.amazon.com/dp/B07H3MYZLD?tag=eloabder-20&linkCode=osi&th=1&psc=1">View Product</a></div><div class="product"><a href="https://www.amazon.com/dp/B0C8SH97HN?tag=eloabder-20&linkCode=osi&th=1&psc=1"><img src="https://m.media-amazon.com/images/I/31Mex4y7odL._SL500_.jpg" alt="Product Image"></a><p>HOMEXCEL Steam Mop Replacement Pads Compatible with Bissell Powerfresh Steam Mop 1940 1806 1440 1544 Series, Model 19402 19404 19408 2685A 2075A 1940A 1940Q 1940T 1940W, Steam Mop Pads Refills,4 Pack</p><p>$9.99 ($2.50 / Count)</p><a href="https://www.amazon.com/dp/B0C8SH97HN?tag=eloabder-20&linkCode=osi&th=1&psc=1">View Product</a></div><div class="product"><a href="https://www.amazon.com/dp/B0BFWTXS33?tag=eloabder-20&linkCode=osi&th=1&psc=1"><img src="https://m.media-amazon.com/images/I/51pa2h7o0EL._SL500_.jpg" alt="Product Image"></a><p>12 Pack 1940 Steam Mop Replacement Pads for Bissell Powerfresh Steam Mop 1940 1440 1806 1544 2075 2685A 2814 Series, Model 19402 19404 19408 19409 1940A 1940F 1940Q 1940T 1940W B0006 B0017 2075A 15441</p><p>$24.99</p><a href="https://www.amazon.com/dp/B0BFWTXS33?tag=eloabder-20&linkCode=osi&th=1&psc=1">View Product</a></div><div class="product"><a href="https://www.amazon.com/dp/B0CLP5QGTY?tag=eloabder-20&linkCode=osi&th=1&psc=1"><img src="https://m.media-amazon.com/images/I/414HqpKde9L._SL500_.jpg" alt="Product Image"></a><p>10 Pack 1940 1806 2685A Steam Mop Pads For Bissell Powerfresh Steam Mop Deluxe Pet Lift-Off Plus Slim Scrubbing Steam Mop Replacement Pad 1940A 2814 1544A 2075A Power Fresh Steamer Pad Refill Washable</p><p>$22.99 ($2.30 / Count)</p><a href="https://www.amazon.com/dp/B0CLP5QGTY?tag=eloabder-20&linkCode=osi&th=1&psc=1">View Product</a></div><div class="product"><a href="https://www.amazon.com/dp/B078BBKBPV?tag=eloabder-20&linkCode=osi&th=1&psc=1"><img src="https://m.media-amazon.com/images/I/51WcJqtOUIL._SL500_.jpg" alt="Product Image"></a><p>Tidy Monster Steam Mop Replacement Pads Compatible with Bissell Powerfresh Steam Mop 1940 1806 1544 1440 2075A 2685A Series, Part # 5938 & 203-2633, 1606668 & 1606669 (4 Pack Scrub Plush)</p><p>$9.99</p><a href="https://www.amazon.com/dp/B078BBKBPV?tag=eloabder-20&linkCode=osi&th=1&psc=1">View Product</a></div><div class="product"><a href="https://www.amazon.com/dp/B00A6G37SU?tag=eloabder-20&linkCode=osi&th=1&psc=1"><img src="https://m.media-amazon.com/images/I/51xo0LB-SpL._SL500_.jpg" alt="Product Image"></a><p>BISSELL PowerFresh Steam Mop Pads (Pack of 2) with Fragrance discs (4 ct), 5938</p><p>$21.26 ($10.63 / Count)</p><a href="https://www.amazon.com/dp/B00A6G37SU?tag=eloabder-20&linkCode=osi&th=1&psc=1">View Product</a></div>
<div class="product"><a href="https://www.amazon.com/dp/B0D2QFVY7H?tag=eloabder-20&linkCode=osi&th=1&psc=1"><img src="https://m.media-amazon.com/images/I/417B7H+vvML._SL500_.jpg" alt="Product Image"></a><p>Kenmore KS1010 Deep Clean & Revitalize Pet Carpet Cleaner Formula, 64 oz, White, 64 Fl Oz</p><p>$22.73 ($0.36 / Fl Oz)</p><a href="https://www.amazon.com/dp/B0D2QFVY7H?tag=eloabder-20&linkCode=osi&th=1&psc=1">View Product</a></div><div class="product"><a href="https://www.amazon.com/dp/B0BNK8ZJJ1?tag=eloabder-20&linkCode=osi&th=1&psc=1"><img src="https://m.media-amazon.com/images/I/51z0Pc4xcNL._SL500_.jpg" alt="Product Image"></a><p>Bissell Spotlifter Pet Carpet and Upholstery Cleaner with Brush Head - 4 Pack, 93523</p><p>$23.88 ($0.50 / Fl Oz)</p><a href="https://www.amazon.com/dp/B0BNK8ZJJ1?tag=eloabder-20&linkCode=osi&th=1&psc=1">View Product</a></div><div class="product"><a href="https://www.amazon.com/dp/B0CX245D26?tag=eloabder-20&linkCode=osi&th=1&psc=1"><img src="https://m.media-amazon.com/images/I/411CSXvvO1L._SL500_.jpg" alt="Product Image"></a><p>BISSELLÂ® Spot & Stain with Febreze + Gain Original Scent Formula for Little Green Devices, Portable Carpet Cleaners (3968)</p><p>$12.99 ($0.41 / Fl Oz)</p><a href="https://www.amazon.com/dp/B0CX245D26?tag=eloabder-20&linkCode=osi&th=1&psc=1">View Product</a></div><div class="product"><a href="https://www.amazon.com/dp/B083VZW4R5?tag=eloabder-20&linkCode=osi&th=1&psc=1"><img src="https://m.media-amazon.com/images/I/413BULPLmBL._SL500_.jpg" alt="Product Image"></a><p>BISSELL Multi-Surface Pet Formula with Febreze Freshness for Crosswave (80 oz), 2295L</p><p>$22.99 ($0.29 / Fl Oz)</p><a href="https://www.amazon.com/dp/B083VZW4R5?tag=eloabder-20&linkCode=osi&th=1&psc=1">View Product</a></div><div class="product"><a href="https://www.amazon.com/dp/B0D2RGW219?tag=eloabder-20&linkCode=osi&th=1&psc=1"><img src="https://m.media-amazon.com/images/I/41gD+82tnAL._SL500_.jpg" alt="Product Image"></a><p>Vacmaster Clean & Restore Carpet Cleaner Formula â€“ CCS03</p><p>$19.99 ($0.31 / Fl Oz)</p><a href="https://www.amazon.com/dp/B0D2RGW219?tag=eloabder-20&linkCode=osi&th=1&psc=1">View Product</a></div>






<div class="product"><a href="https://www.amazon.com/dp/B0BY64HQTP?tag=eloabder-20&linkCode=osi&th=1&psc=1"><img src="https://m.media-amazon.com/images/I/41hUxHuASYL._SL500_.jpg" alt="Product Image"></a><p>Air Conditioning Motor WZDK13-38G-1(RD-310-13-8) DC Brushless Fan Motor, 13W Inverter air Conditioner Motor DC Motor for Central air Conditioner</p><p>$39.95</p><a href="https://www.amazon.com/dp/B0BY64HQTP?tag=eloabder-20&linkCode=osi&th=1&psc=1">View Product</a></div><div class="product"><a href="https://www.amazon.com/dp/B0CM5YB884?tag=eloabder-20&linkCode=osi&th=1&psc=1"><img src="https://m.media-amazon.com/images/I/310lQ2tAvLL._SL500_.jpg" alt="Product Image"></a><p>Sparkfix OEM WZDK20-38G (ZKFP-20-8-6) Air Conditioner Replacement Motors DC280V 20W Air Conditioning Fan Motor Inverter Air Conditioner Brushless DC Motor 1300RPM CCW</p><p>$42.79</p><a href="https://www.amazon.com/dp/B0CM5YB884?tag=eloabder-20&linkCode=osi&th=1&psc=1">View Product</a></div>













<div class="product"><a href="https://www.amazon.com/dp/B009PCI2JU?tag=eloabder-20&linkCode=osi&th=1&psc=1"><img src="https://m.media-amazon.com/images/I/310ZJurANUL._SL500_.jpg" alt="Product Image"></a><p>GE RPWFE Refrigerator Water Filter | Certified to Reduce Lead, Sulfur, and 50+ Other Impurities | Replace Every 6 Months for Best Results | Pack of 1</p><p>$49.98</p><a href="https://www.amazon.com/dp/B009PCI2JU?tag=eloabder-20&linkCode=osi&th=1&psc=1">View Product</a></div><div class="product"><a href="https://www.amazon.com/dp/B0882ZJ48W?tag=eloabder-20&linkCode=osi&th=1&psc=1"><img src="https://m.media-amazon.com/images/I/41110o9sUoL._SL500_.jpg" alt="Product Image"></a><p>GE XWFE Refrigerator Water Filter | Certified to Reduce Lead, Sulfur, and 50+ Other Impurities | Replace Every 6 Months for Best Results | Pack of 1, White</p><p>$49.00</p><a href="https://www.amazon.com/dp/B0882ZJ48W?tag=eloabder-20&linkCode=osi&th=1&psc=1">View Product</a></div><div class="product"><a href="https://www.amazon.com/dp/B074HLRXMP?tag=eloabder-20&linkCode=osi&th=1&psc=1"><img src="https://m.media-amazon.com/images/I/21oDpGCQXiL._SL500_.jpg" alt="Product Image"></a><p>LG LT1000P - 6 Month / 200 Gallon Capacity Replacement Refrigerator Water Filter (NSF42, NSF53, and NSF401) ADQ74793501, ADQ75795105, or AGF80300704 , White</p><p>$47.00</p><a href="https://www.amazon.com/dp/B074HLRXMP?tag=eloabder-20&linkCode=osi&th=1&psc=1">View Product</a></div><div class="product"><a href="https://www.amazon.com/dp/B01BKWSHHE?tag=eloabder-20&linkCode=osi&th=1&psc=1"><img src="https://m.media-amazon.com/images/I/31E2+zlkvjL._SL500_.jpg" alt="Product Image"></a><p>Frigidaire EPTWFU01 Water Filtration Filter, 1 Count, White</p><p>$42.99</p><a href="https://www.amazon.com/dp/B01BKWSHHE?tag=eloabder-20&linkCode=osi&th=1&psc=1">View Product</a></div><div class="product"><a href="https://www.amazon.com/dp/B08V6JB9R7?tag=eloabder-20&linkCode=osi&th=1&psc=1"><img src="https://m.media-amazon.com/images/I/31PRPEffCZL._SL500_.jpg" alt="Product Image"></a><p>Frigidaire FPPWFU01 PurePour PWF-1 Water Filter 1 Count (Pack of 1)</p><p>$45.81</p><a href="https://www.amazon.com/dp/B08V6JB9R7?tag=eloabder-20&linkCode=osi&th=1&psc=1">View Product</a></div><div class="product"><a href="https://www.amazon.com/dp/B000AST3AK?tag=eloabder-20&linkCode=osi&th=1&psc=1"><img src="https://m.media-amazon.com/images/I/41DUoSxpwTS._SL500_.jpg" alt="Product Image"></a><p>GE MWF Refrigerator Water Filter | Certified to Reduce Lead, Sulfur, and 50+ Other Impurities | Replace Every 6 Months for Best Results | Pack of 1</p><p>$39.98</p><a href="https://www.amazon.com/dp/B000AST3AK?tag=eloabder-20&linkCode=osi&th=1&psc=1">View Product</a></div><div class="product"><a href="https://www.amazon.com/dp/B0CFZR7K8D?tag=eloabder-20&linkCode=osi&th=1&psc=1"><img src="https://m.media-amazon.com/images/I/31WM5sdhKLL._SL500_.jpg" alt="Product Image"></a><p>HMASAV W10295370A water filter replacement, Compatible with EDR1RXD1,EDR1RXD1B,W10295370,Filter 1,WHR1RXD1,KAD1RXD1,P4RFWB,P8RFWB2L,46-9930,46-9081 2PACK</p><p>$29.99 ($15.00 / Count)</p><a href="https://www.amazon.com/dp/B0CFZR7K8D?tag=eloabder-20&linkCode=osi&th=1&psc=1">View Product</a></div><div class="product"><a href="https://www.amazon.com/dp/B07JM9TTTT?tag=eloabder-20&linkCode=osi&th=1&psc=1"><img src="https://m.media-amazon.com/images/I/41CfAtJ8TPL._SL500_.jpg" alt="Product Image"></a><p>GLACIER FRESH LT1000PC Replacement Water Filter, Compatible with LT1000PC/PCS, LT1000PC, LT-1000PC, MDJ64844601, ADQ747935 ADQ74793504 Filter and LT120F ADQ73334008 Fresh Air (3+3)</p><p>$39.99 ($13.33 / Count)</p><a href="https://www.amazon.com/dp/B07JM9TTTT?tag=eloabder-20&linkCode=osi&th=1&psc=1">View Product</a></div><div class="product"><a href="https://www.amazon.com/dp/B003N1ZSYG?tag=eloabder-20&linkCode=osi&th=1&psc=1"><img src="https://m.media-amazon.com/images/I/31Mbrkrxu1L._SL500_.jpg" alt="Product Image"></a><p>SAMSUNG Genuine Filter for Refrigerator Water and Ice, Carbon Block Filtration for Clean, Clear Drinking Water, 6-Month Life, HAF-CIN/EXP, 1 Pack</p><p>$39.99</p><a href="https://www.amazon.com/dp/B003N1ZSYG?tag=eloabder-20&linkCode=osi&th=1&psc=1">View Product</a></div>









<div class="product"><a href="https://www.amazon.com/dp/B0B2NZ47HN?tag=eloabder-20&linkCode=osi&th=1&psc=1"><img src="https://m.media-amazon.com/images/I/41nC6c2XxJL._SL500_.jpg" alt="Product Image"></a><p>OTE Portable Sparkling Water Maker Soda Maker Machine for home with 20PCS Cylinders 450ml Personal seltzer Carbonators Electroless Double Layer PET Bottle BPA Free Double Pressure Relief Valves -Pink</p><p>$49.99</p><a href="https://www.amazon.com/dp/B0B2NZ47HN?tag=eloabder-20&linkCode=osi&th=1&psc=1">View Product</a></div><div class="product"><a href="https://www.amazon.com/dp/B09DY54L7M?tag=eloabder-20&linkCode=osi&th=1&psc=1"><img src="https://m.media-amazon.com/images/I/31LSpnm3G8L._SL500_.jpg" alt="Product Image"></a><p>MOSOLAN Bottle Cleaning Brush, 17 Inches Extra Long Handle Water Bottle Brush, Flexible Bendable Cleaner for Washing Narrow Neck Bottles, Wine Decanter, Kombucha, Pipes, Beer Brewing Supplies, 2 Pack</p><p>$11.95 ($5.98 / Count)</p><a href="https://www.amazon.com/dp/B09DY54L7M?tag=eloabder-20&linkCode=osi&th=1&psc=1">View Product</a></div><div class="product"><a href="https://www.amazon.com/dp/B0736CBNDN?tag=eloabder-20&linkCode=osi&th=1&psc=1"><img src="https://m.media-amazon.com/images/I/41tWXmwP5KL._SL500_.jpg" alt="Product Image"></a><p>#2 Filter Pads (10 Pack Bulk) Compatible with Mini Jet Machine | #2 1.8-2.5 micron | 2 Micron Filtering pads. Filter Wine Beer, Kombucha, Mead Mash. Polishing filtration| Not a Buon Vino product.</p><p>$18.99</p><a href="https://www.amazon.com/dp/B0736CBNDN?tag=eloabder-20&linkCode=osi&th=1&psc=1">View Product</a></div>









<div class="product"><a href="https://www.amazon.com/dp/B07YGN577Y?tag=eloabder-20&linkCode=osi&th=1&psc=1"><img src="https://m.media-amazon.com/images/I/31kfZiyDMUL._SL500_.jpg" alt="Product Image"></a><p>9870163 Trash Power Nut WP9870163 L8</p><p>$50.36</p><a href="https://www.amazon.com/dp/B07YGN577Y?tag=eloabder-20&linkCode=osi&th=1&psc=1">View Product</a></div>

<div class="product"><a href="https://www.amazon.com/dp/B0CWQLM4C7?tag=eloabder-20&linkCode=osi&th=1&psc=1"><img src="https://m.media-amazon.com/images/I/41gTEIOjtlL._SL500_.jpg" alt="Product Image"></a><p>7" Seven Seconds Lazy Kitchen Food Making Tools - Multifunctional Fruit Vegetable Chopper Quick Garlic Peeling Machine Convenient Food Chopper for Slicing,Juice,Grinding</p><p>$32.99</p><a href="https://www.amazon.com/dp/B0CWQLM4C7?tag=eloabder-20&linkCode=osi&th=1&psc=1">View Product</a></div>







<div class="product"><a href="https://www.amazon.com/dp/B0CNKFM9WR?tag=eloabder-20&linkCode=osi&th=1&psc=1"><img src="https://m.media-amazon.com/images/I/31sGGIDic9L._SL500_.jpg" alt="Product Image"></a><p>hobbyme Pack of 4 Plastic Coffee Scoops with Brush & Espresso Grinder Brush for Ground Coffee Cleaning Tea Power Coffee Grinder Spoon</p><p>$6.49</p><a href="https://www.amazon.com/dp/B0CNKFM9WR?tag=eloabder-20&linkCode=osi&th=1&psc=1">View Product</a></div>





<div class="product"><a href="https://www.amazon.com/dp/B07798328B?tag=eloabder-20&linkCode=osi&th=1&psc=1"><img src="https://m.media-amazon.com/images/I/31Vpin+sgUS._SL500_.jpg" alt="Product Image"></a><p>Prime-Line MP10513 Standard Plastic Ice Cube Trays (5 Pack)</p><p>$12.69</p><a href="https://www.amazon.com/dp/B07798328B?tag=eloabder-20&linkCode=osi&th=1&psc=1">View Product</a></div><div class="product"><a href="https://www.amazon.com/dp/B077965JDB?tag=eloabder-20&linkCode=osi&th=1&psc=1"><img src="https://m.media-amazon.com/images/I/31H1hNlH6RL._SL500_.jpg" alt="Product Image"></a><p>Prime-Line MP10863 Standard Plastic Ice Cube Trays (2 Pack)</p><p>$9.69</p><a href="https://www.amazon.com/dp/B077965JDB?tag=eloabder-20&linkCode=osi&th=1&psc=1">View Product</a></div>

<div class="product"><a href="https://www.amazon.com/dp/B08MPLY84K?tag=eloabder-20&linkCode=osi&th=1&psc=1"><img src="https://m.media-amazon.com/images/I/31kWTfzQJBL._SL500_.jpg" alt="Product Image"></a><p>Syntus Vacuum Sealer Bags, 6 Pack 3 Rolls 11" x 20' and 3 Rolls 8" x 20' Commercial Grade BPA Free Bag Rolls, Food Vac Bags for Storage, Meal Prep or Sous Vide</p><p>$19.99</p><a href="https://www.amazon.com/dp/B08MPLY84K?tag=eloabder-20&linkCode=osi&th=1&psc=1">View Product</a></div><div class="product"><a href="https://www.amazon.com/dp/B0C5BWRMQL?tag=eloabder-20&linkCode=osi&th=1&psc=1"><img src="https://m.media-amazon.com/images/I/41yPpkb6oeL._SL500_.jpg" alt="Product Image"></a><p>Bonsenkitchen Vacuum Sealer Rolls Bags, 6 Pack 3 Rolls 11" x 20' + 3 Rolls 8" x 20' Commercial Grade BPA Free Bag Rolls, Durable Customized Size Food Vac Bags for Storage and Sous Vide Cooking VB3211</p><p>$19.99 ($3.33 / Count)</p><a href="https://www.amazon.com/dp/B0C5BWRMQL?tag=eloabder-20&linkCode=osi&th=1&psc=1">View Product</a></div><div class="product"><a href="https://www.amazon.com/dp/B0C5C1JTC4?tag=eloabder-20&linkCode=osi&th=1&psc=1"><img src="https://m.media-amazon.com/images/I/31JpyYsm7YL._SL500_.jpg" alt="Product Image"></a><p>Bonsenkitchen Vacuum Food Sealer Bags 200 Quart 8" x 12", BPA Free, Commercial Grade Textured Food Vacuum Sealer Bag, Thick Embossed Bags for Food Storage and Sous Vide Cooking VB3208</p><p>$18.39 ($0.09 / Count)</p><a href="https://www.amazon.com/dp/B0C5C1JTC4?tag=eloabder-20&linkCode=osi&th=1&psc=1">View Product</a></div><div class="product"><a href="https://www.amazon.com/dp/B07TMZDGQ1?tag=eloabder-20&linkCode=osi&th=1&psc=1"><img src="https://m.media-amazon.com/images/I/31cRCu-JIsL._SL500_.jpg" alt="Product Image"></a><p>Wevac Vacuum Sealer Bags 11x50 Rolls 2 pack for Food Saver, Seal a Meal, Weston. Commercial Grade, BPA Free, Heavy Duty, Great for vac storage, Meal Prep or Sous Vide</p><p>$20.99 ($0.21 / Count)</p><a href="https://www.amazon.com/dp/B07TMZDGQ1?tag=eloabder-20&linkCode=osi&th=1&psc=1">View Product</a></div><div class="product"><a href="https://www.amazon.com/dp/B07TV4KRCL?tag=eloabder-20&linkCode=osi&th=1&psc=1"><img src="https://m.media-amazon.com/images/I/31uv3qtc9bL._SL500_.jpg" alt="Product Image"></a><p>Wevac Vacuum Sealer Bags 100 Gallon 11x16 Inch for Food Saver, Seal a Meal, Weston. Commercial Grade, BPA Free, Heavy Duty, Great for vac storage, Meal Prep and Sous Vide</p><p>$21.24</p><a href="https://www.amazon.com/dp/B07TV4KRCL?tag=eloabder-20&linkCode=osi&th=1&psc=1">View Product</a></div>


<div class="product"><a href="https://www.amazon.com/dp/B093G5XCVF?tag=eloabder-20&linkCode=osi&th=1&psc=1"><img src="https://m.media-amazon.com/images/I/313Cq6ASf0S._SL500_.jpg" alt="Product Image"></a><p>2 Multipurpose Pastry Brush Basting & Coffee Grinders Cleaning Brush Wooden Handle Natural Boar Bristles Baking Cooking Sauce egg wash Bakery Supply Espresso Bean Barista</p><p>$7.21</p><a href="https://www.amazon.com/dp/B093G5XCVF?tag=eloabder-20&linkCode=osi&th=1&psc=1">View Product</a></div><div class="product"><a href="https://www.amazon.com/dp/B07JGRYG31?tag=eloabder-20&linkCode=osi&th=1&psc=1"><img src="https://m.media-amazon.com/images/I/31nd-jhgzdL._SL500_.jpg" alt="Product Image"></a><p>Coffee Grinder Cleaning Brush + Coffee Brush Wood Handle & Natural Bristles Pastry Brush</p><p>$5.99</p><a href="https://www.amazon.com/dp/B07JGRYG31?tag=eloabder-20&linkCode=osi&th=1&psc=1">View Product</a></div><div class="product"><a href="https://www.amazon.com/dp/B0C53G4T7X?tag=eloabder-20&linkCode=osi&th=1&psc=1"><img src="https://m.media-amazon.com/images/I/21Hrgmpj8YL._SL500_.jpg" alt="Product Image"></a><p>Leadigol Cleaning Tool Coffee Machine Home Pastry Brush Multifunctional Wooden Handle Baking Soft Bristles Coffee Grinder Brush</p><p>$7.99</p><a href="https://www.amazon.com/dp/B0C53G4T7X?tag=eloabder-20&linkCode=osi&th=1&psc=1">View Product</a></div><div class="product"><a href="https://www.amazon.com/dp/B07W5WM2LF?tag=eloabder-20&linkCode=osi&th=1&psc=1"><img src="https://m.media-amazon.com/images/I/41-7fWE9tSL._SL500_.jpg" alt="Product Image"></a><p>Redecker Waffle Machine Brush with Oiled Beechwood Handle, Stiff Heat-resistant Tampico Fiber Bristles, 6-1/2 inches, Made in Germany</p><p>$21.99</p><a href="https://www.amazon.com/dp/B07W5WM2LF?tag=eloabder-20&linkCode=osi&th=1&psc=1">View Product</a></div>






Aucun rÃ©sultat trouvÃ©.


<div class="product"><a href="https://www.amazon.com/dp/B00LQKZQAW?tag=eloabder-20&linkCode=osi&th=1&psc=1"><img src="https://m.media-amazon.com/images/I/31nBii+cbiL._SL500_.jpg" alt="Product Image"></a><p>Electrolux 5308000716 Dish Replacement , White</p><p>$17.16</p><a href="https://www.amazon.com/dp/B00LQKZQAW?tag=eloabder-20&linkCode=osi&th=1&psc=1">View Product</a></div><div class="product"><a href="https://www.amazon.com/dp/B09BBPTSNK?tag=eloabder-20&linkCode=osi&th=1&psc=1"><img src="https://m.media-amazon.com/images/I/41kdVEnPDTL._SL500_.jpg" alt="Product Image"></a><p>Judeeâ€™s Butter Powder 5 lb - 100% Non-GMO and Keto-Friendly - rBST Hormone-Free - Gluten-Free and Nut-Free - Made from 100% Real Butter - Baking Ready Ingredient - Made in USA</p><p>$59.99 ($0.75 / Ounce)</p><a href="https://www.amazon.com/dp/B09BBPTSNK?tag=eloabder-20&linkCode=osi&th=1&psc=1">View Product</a></div>
<div class="product"><a href="https://www.amazon.com/dp/B0C1G9K19X?tag=eloabder-20&linkCode=osi&th=1&psc=1"><img src="https://m.media-amazon.com/images/I/41OVBrQ1wFL._SL500_.jpg" alt="Product Image"></a><p>Coffee Cup Design Coffee Filter Holder, Coffee Paper Rack Stand, Metal Coffee Filter Container Stand, Coffee Bar Accessories Vertical Paper Towel Napkin Holder for Cone Square Fan Shaped Size (Black)</p><p>$8.99</p><a href="https://www.amazon.com/dp/B0C1G9K19X?tag=eloabder-20&linkCode=osi&th=1&psc=1">View Product</a></div><div class="product"><a href="https://www.amazon.com/dp/B07TP1YN7G?tag=eloabder-20&linkCode=osi&th=1&psc=1"><img src="https://m.media-amazon.com/images/I/41BpYdpRyaL._SL500_.jpg" alt="Product Image"></a><p>CAFEMASY Coffee Filter Holder Storage Coffee Filter Paper Dispenser Rack with Dustproof Cover for V60 and Cone Coffee Filters</p><p>$9.99</p><a href="https://www.amazon.com/dp/B07TP1YN7G?tag=eloabder-20&linkCode=osi&th=1&psc=1">View Product</a></div><div class="product"><a href="https://www.amazon.com/dp/B0BFCTW7MY?tag=eloabder-20&linkCode=osi&th=1&psc=1"><img src="https://m.media-amazon.com/images/I/31s709IEZkL._SL500_.jpg" alt="Product Image"></a><p>Coffee Filter Holder, watchget Reusable Coffee Paper Filter Storage Bag for Cone-shaped Filter Papers V60 Waterproof Canvas Suitable for Outdoor Camping Traveling(02)</p><p>$11.99</p><a href="https://www.amazon.com/dp/B0BFCTW7MY?tag=eloabder-20&linkCode=osi&th=1&psc=1">View Product</a></div>





<div class="product"><a href="https://www.amazon.com/dp/B0CTJD9VK7?tag=eloabder-20&linkCode=osi&th=1&psc=1"><img src="https://m.media-amazon.com/images/I/31pqr-gIt8L._SL500_.jpg" alt="Product Image"></a><p>[4 Pack] Water Bottle Brush & Straw Cleaner Set,Stainless Steel Long Handle Baby Bottle Scrub Cleaning Brush for Sports Bottles, Cups, Dishes, Coffee Mugs, Glasswares, Tumblers, Wine Decanters</p><p>$6.50</p><a href="https://www.amazon.com/dp/B0CTJD9VK7?tag=eloabder-20&linkCode=osi&th=1&psc=1">View Product</a></div>




<div class="product"><a href="https://www.amazon.com/dp/B0BQSPKDN4?tag=eloabder-20&linkCode=osi&th=1&psc=1"><img src="https://m.media-amazon.com/images/I/416EnQJjKDL._SL500_.jpg" alt="Product Image"></a><p>Teflon Sheets for Baking (3-Pack) Bundled with ninja foodi air fryer liners (1-Pack) - Baking Sheets for Oven and Air Fryer Oven Mat 12" x 12" - Reusable & Heat Resistant</p><p>$9.99</p><a href="https://www.amazon.com/dp/B0BQSPKDN4?tag=eloabder-20&linkCode=osi&th=1&psc=1">View Product</a></div>

















<div class="product"><a href="https://www.amazon.com/dp/B00UTFZAII?tag=eloabder-20&linkCode=osi&th=1&psc=1"><img src="https://m.media-amazon.com/images/I/31z7hZ6KbXL._SL500_.jpg" alt="Product Image"></a><p>Miele 10123210 AirClean 3D Efficiency Dust Bag, Type GN, 4 Bags & 2 Filters, White</p><p>$21.86 ($21.86 / Count)</p><a href="https://www.amazon.com/dp/B00UTFZAII?tag=eloabder-20&linkCode=osi&th=1&psc=1">View Product</a></div><div class="product"><a href="https://www.amazon.com/dp/B07WHG6J5S?tag=eloabder-20&linkCode=osi&th=1&psc=1"><img src="https://m.media-amazon.com/images/I/41hnaEOxB9L._SL500_.jpg" alt="Product Image"></a><p>KEEPOW Vacuum Filters for Eureka, Power Speed Vacuum Filters Replacement for Eureka NEU182A, NEU182B, NEU280, NEU180, NEU181, NEU188, NEU202 Bagless Upright Vacuum Cleaner, Part E0202 (4 Pack)</p><p>$9.99 ($2.50 / Count)</p><a href="https://www.amazon.com/dp/B07WHG6J5S?tag=eloabder-20&linkCode=osi&th=1&psc=1">View Product</a></div><div class="product"><a href="https://www.amazon.com/dp/B00UTFZB82?tag=eloabder-20&linkCode=osi&th=1&psc=1"><img src="https://m.media-amazon.com/images/I/41WdlL5T0dL._SL500_.jpg" alt="Product Image"></a><p>Miele AirClean 3D Efficiency Dust Bag, Type FJM, 4 Bags & 2 Filters, White</p><p>$18.99</p><a href="https://www.amazon.com/dp/B00UTFZB82?tag=eloabder-20&linkCode=osi&th=1&psc=1">View Product</a></div><div class="product"><a href="https://www.amazon.com/dp/B09NKP346M?tag=eloabder-20&linkCode=osi&th=1&psc=1"><img src="https://m.media-amazon.com/images/I/41o25nqkODL._SL500_.jpg" alt="Product Image"></a><p>Anewise 6 Pack Filter Replacement for Bissell Powerforce Compact Lightweight Upright 2112 1520 for Bissel Turbo Bagless 2690 Cleanview 3437 3508 Vacuum Cleaner, Compare to Parts #1604896/160-4896</p><p>$12.99</p><a href="https://www.amazon.com/dp/B09NKP346M?tag=eloabder-20&linkCode=osi&th=1&psc=1">View Product</a></div><div class="product"><a href="https://www.amazon.com/dp/B01MQ5NITB?tag=eloabder-20&linkCode=osi&th=1&psc=1"><img src="https://m.media-amazon.com/images/I/41J6lG4H1bL._SL500_.jpg" alt="Product Image"></a><p>Bissell Style 7 3 Pack Vacuum Cleaner Bags, White, 3 Count</p><p>$8.69 ($2.90 / Count)</p><a href="https://www.amazon.com/dp/B01MQ5NITB?tag=eloabder-20&linkCode=osi&th=1&psc=1">View Product</a></div><div class="product"><a href="https://www.amazon.com/dp/B0CDH1JY5D?tag=eloabder-20&linkCode=osi&th=1&psc=1"><img src="https://m.media-amazon.com/images/I/516DPXu4siL._SL500_.jpg" alt="Product Image"></a><p>4 Pack Replacement Filters Compatiable with Wyze Cordless Vacuum Cleaner, Removable and Washable HEPA Filter Accessories Part Set with 1 Cleaning Brush for Wyze Handheld Cordless Vacuum Cleaner</p><p>$15.99 ($4.00 / Count)</p><a href="https://www.amazon.com/dp/B0CDH1JY5D?tag=eloabder-20&linkCode=osi&th=1&psc=1">View Product</a></div><div class="product"><a href="https://www.amazon.com/dp/B07P3WB37F?tag=eloabder-20&linkCode=osi&th=1&psc=1"><img src="https://m.media-amazon.com/images/I/51WaYrkiVXL._SL500_.jpg" alt="Product Image"></a><p>Miele AirClean 3D Efficiency Dust Bag, Type GN, XL Value Pack, 8 Bags and 4 Filters</p><p>$36.99</p><a href="https://www.amazon.com/dp/B07P3WB37F?tag=eloabder-20&linkCode=osi&th=1&psc=1">View Product</a></div><div class="product"><a href="https://www.amazon.com/dp/B09DSY4Z2T?tag=eloabder-20&linkCode=osi&th=1&psc=1"><img src="https://m.media-amazon.com/images/I/51+ref3EeAL._SL500_.jpg" alt="Product Image"></a><p>Filter Replacement for Tineco A10 A11 Hero A10/A11 Master PURE ONE S11 Series, S12, X Cordless Vacuum Cleaner (3 PACK) â€¦</p><p>$12.99 ($4.33 / Count)</p><a href="https://www.amazon.com/dp/B09DSY4Z2T?tag=eloabder-20&linkCode=osi&th=1&psc=1">View Product</a></div>


<div class="product"><a href="https://www.amazon.com/dp/B0BXRR5QFV?tag=eloabder-20&linkCode=osi&th=1&psc=1"><img src="https://m.media-amazon.com/images/I/41sjdBkCp8L._SL500_.jpg" alt="Product Image"></a><p>AC Infinity CLOUDFORGE T7, Plant Humidifier 15L with VPD Humidity Controls, 10-Level Precision Vaporizer, Extendable Hose, Targeting Pipe, and No-Leak Seal for Grow Tents</p><p>$159.00</p><a href="https://www.amazon.com/dp/B0BXRR5QFV?tag=eloabder-20&linkCode=osi&th=1&psc=1">View Product</a></div><div class="product"><a href="https://www.amazon.com/dp/B01N6MV8SA?tag=eloabder-20&linkCode=osi&th=1&psc=1"><img src="https://m.media-amazon.com/images/I/41hX08+W1xL._SL500_.jpg" alt="Product Image"></a><p>Protec Humidifier Tank Cleaner, 1 Count - Colors May Vary</p><p>$5.98</p><a href="https://www.amazon.com/dp/B01N6MV8SA?tag=eloabder-20&linkCode=osi&th=1&psc=1">View Product</a></div><div class="product"><a href="https://www.amazon.com/dp/B07GXBTH82?tag=eloabder-20&linkCode=osi&th=1&psc=1"><img src="https://m.media-amazon.com/images/I/41ibxK12JPL._SL500_.jpg" alt="Product Image"></a><p>Essick Air 1970-2 Humidifier, 2-Quart Bacteriostatic Treatment, 2 Pack, Clear, 2</p><p>$22.99</p><a href="https://www.amazon.com/dp/B07GXBTH82?tag=eloabder-20&linkCode=osi&th=1&psc=1">View Product</a></div><div class="product"><a href="https://www.amazon.com/dp/B08TTT3K9B?tag=eloabder-20&linkCode=osi&th=1&psc=1"><img src="https://m.media-amazon.com/images/I/41U6j9SexmL._SL500_.jpg" alt="Product Image"></a><p>Leemone Humidifier Cleaner 12 Pack, Demineralization Cleaning Ball, Works in All humidifiers and Fish Tanks, Purifies Water, Prevents Hard Water Build-Up, Eliminates White Dust and Odor</p><p>$14.44</p><a href="https://www.amazon.com/dp/B08TTT3K9B?tag=eloabder-20&linkCode=osi&th=1&psc=1">View Product</a></div>
<div class="product"><a href="https://www.amazon.com/dp/B07YD4XCT3?tag=eloabder-20&linkCode=osi&th=1&psc=1"><img src="https://m.media-amazon.com/images/I/41hR81iKyJL._SL500_.jpg" alt="Product Image"></a><p>Vacplus Moisture Absorber Packets, Fragrance Free(10 Pack), Humidity Packs, Hanging Closet Dehumidifier Bags, Desiccant 9.8OZ</p><p>$21.99</p><a href="https://www.amazon.com/dp/B07YD4XCT3?tag=eloabder-20&linkCode=osi&th=1&psc=1">View Product</a></div><div class="product"><a href="https://www.amazon.com/dp/B09LQF5V5K?tag=eloabder-20&linkCode=osi&th=1&psc=1"><img src="https://m.media-amazon.com/images/I/51Cx5ECAotL._SL500_.jpg" alt="Product Image"></a><p>CLEVAST Moisture Absorbers Packets 10 Pack, Dehumidifier Bags for Closet, Unscented Hanging Humidity Absorber in Wardrobes, Bedrooms, Bathrooms(230g/pack)</p><p>$16.98</p><a href="https://www.amazon.com/dp/B09LQF5V5K?tag=eloabder-20&linkCode=osi&th=1&psc=1">View Product</a></div><div class="product"><a href="https://www.amazon.com/dp/B0B8L9QRW8?tag=eloabder-20&linkCode=osi&th=1&psc=1"><img src="https://m.media-amazon.com/images/I/518LgtpPi8L._SL500_.jpg" alt="Product Image"></a><p>Arm & Hammer Essentials Disposable Moisture Absorber and Odor Eliminator Tub, Fragrance Free, 1 lb, 3-Pack, Attracts and Traps Excess Moisture, Ideal Closet Dehumidifier, White</p><p>$24.94 ($0.52 / Ounce)</p><a href="https://www.amazon.com/dp/B0B8L9QRW8?tag=eloabder-20&linkCode=osi&th=1&psc=1">View Product</a></div><div class="product"><a href="https://www.amazon.com/dp/B09W9TPJGZ?tag=eloabder-20&linkCode=osi&th=1&psc=1"><img src="https://m.media-amazon.com/images/I/51pVTVMwHbL._SL500_.jpg" alt="Product Image"></a><p>THECOSKY Dehumidifier and Air Purifier Combo,HEPA H13 Filter and Negative Air Ion Function,54oz(1.6L) Water Tank with Drain Hose,24hrs Auto-Off Timer,Idea for Bedroom,Bathroom,Closet,RV</p><p>$109.99</p><a href="https://www.amazon.com/dp/B09W9TPJGZ?tag=eloabder-20&linkCode=osi&th=1&psc=1">View Product</a></div><div class="product"><a href="https://www.amazon.com/dp/B0CXDG65LZ?tag=eloabder-20&linkCode=osi&th=1&psc=1"><img src="https://m.media-amazon.com/images/I/41HNflmbKHL._SL500_.jpg" alt="Product Image"></a><p>14 x 17.5 x1.75 MERV 13 Replacement Dehumidifier Filter Compatible with Santa Fe Advance90, Advance100, Advance120, Honeywell DR90 & DR120 dehumidifier models, 2 Pack</p><p>$42.99</p><a href="https://www.amazon.com/dp/B0CXDG65LZ?tag=eloabder-20&linkCode=osi&th=1&psc=1">View Product</a></div>
<div class="product"><a href="https://www.amazon.com/dp/B088B921NQ?tag=eloabder-20&linkCode=osi&th=1&psc=1"><img src="https://m.media-amazon.com/images/I/612e4cT3RYL._SL500_.jpg" alt="Product Image"></a><p>ULTTY H13 HEPA Replacement Filter with Medical Coating, True HEPA Filter For R021/ R020 Purifying Fan, Medium</p><p>$29.99</p><a href="https://www.amazon.com/dp/B088B921NQ?tag=eloabder-20&linkCode=osi&th=1&psc=1">View Product</a></div><div class="product"><a href="https://www.amazon.com/dp/B0D2MZ4Y7Z?tag=eloabder-20&linkCode=osi&th=1&psc=1"><img src="https://m.media-amazon.com/images/I/51KgTHizWyL._SL500_.jpg" alt="Product Image"></a><p>Butto 5-Pack Ceiling Fan Filters for Blades - Strong Adhesive Ceiling Fan Filters for Common Household Contaminants - Unscented Coconut Carbon Fan Air Purifier Pads to Make Air Fresh and Natural</p><p>$9.98</p><a href="https://www.amazon.com/dp/B0D2MZ4Y7Z?tag=eloabder-20&linkCode=osi&th=1&psc=1">View Product</a></div><div class="product"><a href="https://www.amazon.com/dp/B0C42HCM21?tag=eloabder-20&linkCode=osi&th=1&psc=1"><img src="https://m.media-amazon.com/images/I/31jk3lpoygL._SL500_.jpg" alt="Product Image"></a><p>Barnakl Ceiling Fan Filters | Activated Coconut Shell Carbon Filter | Easy-Stick Universal Ceiling Fan Air Filters | Unscented Ceiling Fan Blade Filters for Common Household Contaminants, (3-Count)</p><p>$19.99 ($6.66 / Count)</p><a href="https://www.amazon.com/dp/B0C42HCM21?tag=eloabder-20&linkCode=osi&th=1&psc=1">View Product</a></div>
<div class="product"><a href="https://www.amazon.com/dp/B08LZWP29P?tag=eloabder-20&linkCode=osi&th=1&psc=1"><img src="https://m.media-amazon.com/images/I/41NLuzzFW9L._SL500_.jpg" alt="Product Image"></a><p>Chromex Tankless Water Heater Descaling Solution | Highly Effective Descaler Restores Heating Efficiency, Quart, 32 fl oz (1)</p><p>$26.99</p><a href="https://www.amazon.com/dp/B08LZWP29P?tag=eloabder-20&linkCode=osi&th=1&psc=1">View Product</a></div>

<div class="product"><a href="https://www.amazon.com/dp/B005UO4OWQ?tag=eloabder-20&linkCode=osi&th=1&psc=1"><img src="https://m.media-amazon.com/images/I/41oQPKFofoL._SL500_.jpg" alt="Product Image"></a><p>Bissell 203-7458 Brushroll, Bg10/86T3, Black</p><p>$21.26 ($21.26 / Count)</p><a href="https://www.amazon.com/dp/B005UO4OWQ?tag=eloabder-20&linkCode=osi&th=1&psc=1">View Product</a></div>





















<div class="product"><a href="https://www.amazon.com/dp/B0014J7FUY?tag=eloabder-20&linkCode=osi&th=1&psc=1"><img src="https://m.media-amazon.com/images/I/31QrM+IPxOL._SL500_.jpg" alt="Product Image"></a><p>Urnex Grindz Professional Coffee Grinder Cleaning Tablets - 430 Grams - All Natural Food Safe Gluten Free - Cleans Burr and Casing - Help Extend Life of Your Grinder</p><p>$25.99 ($1.71 / Ounce)</p><a href="https://www.amazon.com/dp/B0014J7FUY?tag=eloabder-20&linkCode=osi&th=1&psc=1">View Product</a></div>



<div class="product"><a href="https://www.amazon.com/dp/B0CHW317SG?tag=eloabder-20&linkCode=osi&th=1&psc=1"><img src="https://m.media-amazon.com/images/I/41Qd5Iu3qBL._SL500_.jpg" alt="Product Image"></a><p>EUHOMY 55 Can Beverage Refrigerator cooler-Mini Fridge Glass Door for Beer Drinks Wines, Freestanding Beverage Fridge with Adjustable Shelves Blue LED for Home/Office/Dorm/Bar (1.3cu.ft)</p><p>$128.99</p><a href="https://www.amazon.com/dp/B0CHW317SG?tag=eloabder-20&linkCode=osi&th=1&psc=1">View Product</a></div>

<div class="product"><a href="https://www.amazon.com/dp/B099CN2MRK?tag=eloabder-20&linkCode=osi&th=1&psc=1"><img src="https://m.media-amazon.com/images/I/31CvUCIUX5L._SL500_.jpg" alt="Product Image"></a><p>Genuine PuroAir 240 Replacement Filter - Replacement HEPA Filter for PuroAir 240 Purifier - Captures up to 99% of Pollen, Smoke, Pollen, Dust and Common Household Pollutants</p><p>$48.00</p><a href="https://www.amazon.com/dp/B099CN2MRK?tag=eloabder-20&linkCode=osi&th=1&psc=1">View Product</a></div><div class="product"><a href="https://www.amazon.com/dp/B0055521W0?tag=eloabder-20&linkCode=osi&th=1&psc=1"><img src="https://m.media-amazon.com/images/I/41Hs7ixdyXL._SL500_.jpg" alt="Product Image"></a><p>GermGuardian Filter B HEPA Pure Genuine Air Purifier Replacement Filter, Removes 99.97% of Pollutants for AC4825, AC4300, AC4900, AC4825DLX, AC4850, CDAP4500, AP2200, Black/Yellow, FLT4825</p><p>$17.90 ($17.90 / Count)</p><a href="https://www.amazon.com/dp/B0055521W0?tag=eloabder-20&linkCode=osi&th=1&psc=1">View Product</a></div><div class="product"><a href="https://www.amazon.com/dp/B0BNMYKZPV?tag=eloabder-20&linkCode=osi&th=1&psc=1"><img src="https://m.media-amazon.com/images/I/41-K3mB6KkL._SL500_.jpg" alt="Product Image"></a><p>2 Pack True HEPA KILO Filter Compatible with Afloia KILO, KILOPLUS, KILOPRO, MIRO,MIRO PRO and MORENTO MR-Kilo, Kalo Air Purifier, 360Â° 3-Stage Filtration</p><p>$34.99 ($17.50 / Count)</p><a href="https://www.amazon.com/dp/B0BNMYKZPV?tag=eloabder-20&linkCode=osi&th=1&psc=1">View Product</a></div><div class="product"><a href="https://www.amazon.com/dp/B0D3M4Y9W7?tag=eloabder-20&linkCode=osi&th=1&psc=1"><img src="https://m.media-amazon.com/images/I/41tzW+mkZuL._SL500_.jpg" alt="Product Image"></a><p>Breshair 14 True HEPA Filter Replacement Compatible with PuroAir 240 Air Purifier, 3-in-1 Filtration System with Activated Carbon Filter, 2-Pack</p><p>$31.56 ($15.78 / Count)</p><a href="https://www.amazon.com/dp/B0D3M4Y9W7?tag=eloabder-20&linkCode=osi&th=1&psc=1">View Product</a></div><div class="product"><a href="https://www.amazon.com/dp/B0CB18MVX6?tag=eloabder-20&linkCode=osi&th=1&psc=1"><img src="https://m.media-amazon.com/images/I/519ZmmLOrzL._SL500_.jpg" alt="Product Image"></a><p>2 Pack 3-in-1 H13 True HEPA Replacement Filter Compatible with Pure Enrichment PureZone Air Purifier Part# PEAIRPLG</p><p>$23.99 ($12.00 / Count)</p><a href="https://www.amazon.com/dp/B0CB18MVX6?tag=eloabder-20&linkCode=osi&th=1&psc=1">View Product</a></div><div class="product"><a href="https://www.amazon.com/dp/B08JTZMRML?tag=eloabder-20&linkCode=osi&th=1&psc=1"><img src="https://m.media-amazon.com/images/I/51yx60sCjHL._SL500_.jpg" alt="Product Image"></a><p>6 Pack HPA300 HEPA Filter Replacement for Honeywell HPA300 Series Air Purifiers HPA300, HPA300VP, HPA304, HPA3300, Replace HRF-R3 (6 Ture HEPA R Replacement Filter + 8 Activated Carbon Pre-Filter)</p><p>$47.99 ($3.43 / Count)</p><a href="https://www.amazon.com/dp/B08JTZMRML?tag=eloabder-20&linkCode=osi&th=1&psc=1">View Product</a></div><div class="product"><a href="https://www.amazon.com/dp/B0CF1GLSYS?tag=eloabder-20&linkCode=osi&th=1&psc=1"><img src="https://m.media-amazon.com/images/I/41709EXRzXL._SL500_.jpg" alt="Product Image"></a><p>CHIVALZ 4 Pack HY4866 True HEPA Replacement Filters Compatible with MORENTO HY4866 Air Purifier, WESTHEY HY4866 Air Purifier and YIOU M1 Air Cleaner Purifier, Original Version</p><p>$39.99 ($10.00 / Count)</p><a href="https://www.amazon.com/dp/B0CF1GLSYS?tag=eloabder-20&linkCode=osi&th=1&psc=1">View Product</a></div>







<div class="product"><a href="https://www.amazon.com/dp/B0CYKMFKR9?tag=eloabder-20&linkCode=osi&th=1&psc=1"><img src="https://m.media-amazon.com/images/I/316zU-ozoxL._SL500_.jpg" alt="Product Image"></a><p>Air Purifier Replacement Filter for Space Heater Bladeless Fan</p><p>$29.99</p><a href="https://www.amazon.com/dp/B0CYKMFKR9?tag=eloabder-20&linkCode=osi&th=1&psc=1">View Product</a></div>
<div class="product"><a href="https://www.amazon.com/dp/B07MRH6VY7?tag=eloabder-20&linkCode=osi&th=1&psc=1"><img src="https://m.media-amazon.com/images/I/51g-nuN4A5L._SL500_.jpg" alt="Product Image"></a><p>Colorfullife Replacement Air Purifier Filter for Dyson Tower Purifier Pure Cool Link TP01, TP02, TP03, BP01, Compare to Part 968126-03ï¼Œ2 Pack</p><p>$26.99</p><a href="https://www.amazon.com/dp/B07MRH6VY7?tag=eloabder-20&linkCode=osi&th=1&psc=1">View Product</a></div><div class="product"><a href="https://www.amazon.com/dp/B07TX5SW7J?tag=eloabder-20&linkCode=osi&th=1&psc=1"><img src="https://m.media-amazon.com/images/I/512Kn+cPglL._SL500_.jpg" alt="Product Image"></a><p>TP01 HEPA Filter Replacement Compatible with Dyson Tower Purifier Pure Cool Link TP01, TP02, TP03, AM11, BP01 Models, Compare to Part # 968126-03 (Pack of 2)</p><p>$27.95 ($13.98 / Count)</p><a href="https://www.amazon.com/dp/B07TX5SW7J?tag=eloabder-20&linkCode=osi&th=1&psc=1">View Product</a></div><div class="product"><a href="https://www.amazon.com/dp/B0CC24GZGB?tag=eloabder-20&linkCode=osi&th=1&psc=1"><img src="https://m.media-amazon.com/images/I/41woNpZ9VgL._SL500_.jpg" alt="Product Image"></a><p>TP01 TP02 Filter Compatible with Dyson Pure Cool Link Purifying Tower Fan TP00 TP03 AM11 and Cool Me BP01 Personal Series, 360Â° Air Purifier Filter Replacement 968126-03, 1-Pack</p><p>$25.99</p><a href="https://www.amazon.com/dp/B0CC24GZGB?tag=eloabder-20&linkCode=osi&th=1&psc=1">View Product</a></div><div class="product"><a href="https://www.amazon.com/dp/B0CX23N2JJ?tag=eloabder-20&linkCode=osi&th=1&psc=1"><img src="https://m.media-amazon.com/images/I/3145hmd5j7L._SL500_.jpg" alt="Product Image"></a><p>Dreo Air Purifiers Replacement Filter, HEPA Filter for Dreo Purifier Tower Fan MC710S, with 2 Stage Filtration, Black, Standard(DR-HPA019)</p><p>$39.99</p><a href="https://www.amazon.com/dp/B0CX23N2JJ?tag=eloabder-20&linkCode=osi&th=1&psc=1">View Product</a></div>










<div class="product"><a href="https://www.amazon.com/dp/B001U0OJ7O?tag=eloabder-20&linkCode=osi&th=1&psc=1"><img src="https://m.media-amazon.com/images/I/41XEg3QV-wL._SL500_.jpg" alt="Product Image"></a><p>Whirlpool W10165294RB 15-Inch Plastic Trash Compactor ct, 60 Bags, Count</p><p>$48.34</p><a href="https://www.amazon.com/dp/B001U0OJ7O?tag=eloabder-20&linkCode=osi&th=1&psc=1">View Product</a></div><div class="product"><a href="https://www.amazon.com/dp/B0CC3V4ZZ4?tag=eloabder-20&linkCode=osi&th=1&psc=1"><img src="https://m.media-amazon.com/images/I/31bbvodHnjL._SL500_.jpg" alt="Product Image"></a><p>Waste Smasher- Hand-Held Manual Trash Compactor Dishwasher Safe Black</p><p>$24.95</p><a href="https://www.amazon.com/dp/B0CC3V4ZZ4?tag=eloabder-20&linkCode=osi&th=1&psc=1">View Product</a></div><div class="product"><a href="https://www.amazon.com/dp/B00IYO5914?tag=eloabder-20&linkCode=osi&th=1&psc=1"><img src="https://m.media-amazon.com/images/I/51SLpTXIYNL._SL500_.jpg" alt="Product Image"></a><p>Kitchen Master Super Strong Compactor Bags Pre Cuffed (12 Pack)</p><p>$34.95</p><a href="https://www.amazon.com/dp/B00IYO5914?tag=eloabder-20&linkCode=osi&th=1&psc=1">View Product</a></div><div class="product"><a href="https://www.amazon.com/dp/B075DJ4ZVQ?tag=eloabder-20&linkCode=osi&th=1&psc=1"><img src="https://m.media-amazon.com/images/I/51Vaek4I89L._SL500_.jpg" alt="Product Image"></a><p>Dano Pre-Cuffed Compactor Bags</p><p>$32.95 ($2.75 / Count)</p><a href="https://www.amazon.com/dp/B075DJ4ZVQ?tag=eloabder-20&linkCode=osi&th=1&psc=1">View Product</a></div><div class="product"><a href="https://www.amazon.com/dp/B0C2DCVCBJ?tag=eloabder-20&linkCode=osi&th=1&psc=1"><img src="https://m.media-amazon.com/images/I/51072CtaKuL._SL500_.jpg" alt="Product Image"></a><p>60-pack W10165294RB Trash Compactor Bags - leak-proof trash compactor bags for kitchen 60-ct 15 inches - Fits 15-inch Rectangular Drawer Compactors</p><p>$45.99 ($0.77 / Count)</p><a href="https://www.amazon.com/dp/B0C2DCVCBJ?tag=eloabder-20&linkCode=osi&th=1&psc=1">View Product</a></div><div class="product"><a href="https://www.amazon.com/dp/B001U0OJ7E?tag=eloabder-20&linkCode=osi&th=1&psc=1"><img src="https://m.media-amazon.com/images/I/41c0z26RyvL._SL500_.jpg" alt="Product Image"></a><p>Whirlpool W10165293RB Genuine OEM 60 Pack-Plastic Compactor Bags-18" Models â€“ 1394369, 4178058, 4318932, 4318933, 4318935, 4318937, 4318939, AH1964576, EA1964576, PS1964576</p><p>$48.64 ($0.81 / Count)</p><a href="https://www.amazon.com/dp/B001U0OJ7E?tag=eloabder-20&linkCode=osi&th=1&psc=1">View Product</a></div><div class="product"><a href="https://www.amazon.com/dp/B00W27J16S?tag=eloabder-20&linkCode=osi&th=1&psc=1"><img src="https://m.media-amazon.com/images/I/41RaOjAGlrL._SL500_.jpg" alt="Product Image"></a><p>Compactor Bags Pre Cuffed (50 Pack)</p><p>$84.95 ($1.70 / count)</p><a href="https://www.amazon.com/dp/B00W27J16S?tag=eloabder-20&linkCode=osi&th=1&psc=1">View Product</a></div><div class="product"><a href="https://www.amazon.com/dp/B00MOCYY2W?tag=eloabder-20&linkCode=osi&th=1&psc=1"><img src="https://m.media-amazon.com/images/I/41SH8mDsAnL._SL500_.jpg" alt="Product Image"></a><p>GE WX60X1 Genuine OEM Universal Trash Compactor Bags for GE Trash Compactors</p><p>$19.00</p><a href="https://www.amazon.com/dp/B00MOCYY2W?tag=eloabder-20&linkCode=osi&th=1&psc=1">View Product</a></div><div class="product"><a href="https://www.amazon.com/dp/B0D7SFSTNG?tag=eloabder-20&linkCode=osi&th=1&psc=1"><img src="https://m.media-amazon.com/images/I/41szt9tZJPL._SL500_.jpg" alt="Product Image"></a><p>4PCS Trash Compactor Charcoal Air Filter Fit for Whirlpool/KitchenAid/Maytag/Jenn-Air/Amana/Inglis/Magic Chef Trash Compactor, Replaces 4151750 554358 WP4151750 AP6009134 PS11742279</p><p>$23.59 ($5.90 / Count)</p><a href="https://www.amazon.com/dp/B0D7SFSTNG?tag=eloabder-20&linkCode=osi&th=1&psc=1">View Product</a></div>
<div class="product"><a href="https://www.amazon.com/dp/B0CGLX5ZB9?tag=eloabder-20&linkCode=osi&th=1&psc=1"><img src="https://m.media-amazon.com/images/I/51qeRZQS98L._SL500_.jpg" alt="Product Image"></a><p>Spare Replacement Parts Compatible with MAMNV BR150 BR151, ZCWA BR150 BR151, MANVINS G20 Robot Vacuum and Mop Combo Accessories Include: 3 Hepa Filters 3 Mop Pads 6 Side Spin Brushes</p><p>$9.98</p><a href="https://www.amazon.com/dp/B0CGLX5ZB9?tag=eloabder-20&linkCode=osi&th=1&psc=1">View Product</a></div><div class="product"><a href="https://www.amazon.com/dp/B0B28DGZBG?tag=eloabder-20&linkCode=osi&th=1&psc=1"><img src="https://m.media-amazon.com/images/I/51ooMN4RqML._SL500_.jpg" alt="Product Image"></a><p>Replacement Parts for Shark AI AV2511AE AV2501S AV2610WA AV2501AE RV2502AE RV2610WA RV2520 AV2510 2-In-1 AI Ultra Robot Vacuum Cleaner Accessories Kits. Main Brush, HEPA Filter, Foam Filter,Side Brush</p><p>$19.99 ($1.05 / Count)</p><a href="https://www.amazon.com/dp/B0B28DGZBG?tag=eloabder-20&linkCode=osi&th=1&psc=1">View Product</a></div><div class="product"><a href="https://www.amazon.com/dp/B0782T7L6P?tag=eloabder-20&linkCode=osi&th=1&psc=1"><img src="https://m.media-amazon.com/images/I/41hTVkuzMJL._SL500_.jpg" alt="Product Image"></a><p>10pcs HEPA Filters Replacement for ILIFE V3s V3s pro V5 V5s V5s Pro V5s Pro 2 V5s Plus Noisz S5 Robotic Vacuum Cleaner ILIFE V3s pro Filters ILIFE Robot Vacuum Filter</p><p>$9.80 ($0.98 / Count)</p><a href="https://www.amazon.com/dp/B0782T7L6P?tag=eloabder-20&linkCode=osi&th=1&psc=1">View Product</a></div><div class="product"><a href="https://www.amazon.com/dp/B0CXLVHTTC?tag=eloabder-20&linkCode=osi&th=1&psc=1"><img src="https://m.media-amazon.com/images/I/51BT3phYzKL._SL500_.jpg" alt="Product Image"></a><p>HUIZHEN Spare Accessories for MAMNV BR150/BR151, for ZCWA BR150/BR151, for MANVINS G20,for GTTVO BR150/BR151,for ONSON BR150/BR151 Robot Vacuum Replacement Parts,6 Side Brush,4 HEPA Filters,4 Mop Pads</p><p>$9.99</p><a href="https://www.amazon.com/dp/B0CXLVHTTC?tag=eloabder-20&linkCode=osi&th=1&psc=1">View Product</a></div><div class="product"><a href="https://www.amazon.com/dp/B08RYDDQL8?tag=eloabder-20&linkCode=osi&th=1&psc=1"><img src="https://m.media-amazon.com/images/I/314Xd7+oBXL._SL500_.jpg" alt="Product Image"></a><p>AirClean 4 Pack 3.7" High Replacement Base Pre-Motor Foam Filters Compatible with Shark IQ Robot Vacuum R101AE RV1001AE UR1005AE Self-Empty Base</p><p>$12.99 ($3.25 / Count)</p><a href="https://www.amazon.com/dp/B08RYDDQL8?tag=eloabder-20&linkCode=osi&th=1&psc=1">View Product</a></div><div class="product"><a href="https://www.amazon.com/dp/B0CJLHJ557?tag=eloabder-20&linkCode=osi&th=1&psc=1"><img src="https://m.media-amazon.com/images/I/41iQm8hUjiL._SL500_.jpg" alt="Product Image"></a><p>Replacement Parts Compatible with WYZE Robot Vacuum Cleaner WVCR200S Accessories, 2 Main Brushes, 6 Hepa Filters, 8 Side Brushes Attachment Spare Pack</p><p>$14.99 ($0.94 / Count)</p><a href="https://www.amazon.com/dp/B0CJLHJ557?tag=eloabder-20&linkCode=osi&th=1&psc=1">View Product</a></div>
<div class="product"><a href="https://www.amazon.com/dp/B0C4595Q8P?tag=eloabder-20&linkCode=osi&th=1&psc=1"><img src="https://m.media-amazon.com/images/I/51k23SAtRxL._SL500_.jpg" alt="Product Image"></a><p>4 Pack FSV001 HEPA Filter Compatiable with Fabuletta FSV101, FSV001, Girnoor G160&G165, Afoddon A300, Lubluelu 202, Oraimo Cordless Vacuum Cleaner, Besswin W26 Cordless Stick Vacuum Cleaners</p><p>$15.99 ($4.00 / Count)</p><a href="https://www.amazon.com/dp/B0C4595Q8P?tag=eloabder-20&linkCode=osi&th=1&psc=1">View Product</a></div>
<div class="product"><a href="https://www.amazon.com/dp/B0BNKJX96X?tag=eloabder-20&linkCode=osi&th=1&psc=1"><img src="https://m.media-amazon.com/images/I/41OPeLFppoL._SL500_.jpg" alt="Product Image"></a><p>6 PACK 2033 Replacement Filter Compatible with Bissell Featherweight Stick Lightweight Bagless Vacuum Cleaner 20331, 20333, 20334, 20336, 20339, 2033M,6 Mesh Filter 6 Foam Filters, Replace # 1611508</p><p>$14.99 ($2.50 / Count)</p><a href="https://www.amazon.com/dp/B0BNKJX96X?tag=eloabder-20&linkCode=osi&th=1&psc=1">View Product</a></div><div class="product"><a href="https://www.amazon.com/dp/B0CMBWLTSM?tag=eloabder-20&linkCode=osi&th=1&psc=1"><img src="https://m.media-amazon.com/images/I/41PHqKaLTDL._SL500_.jpg" alt="Product Image"></a><p>18V ONE + Cordless Pet Stick Vacuum Filter for Ryobi, PCL720, PBLSV716, PBLSV717 Stick Vacuum, Reusable Washable Filters, Compare to Part A32SV720N, 6 Pack</p><p>$15.99 ($2.66 / Count)</p><a href="https://www.amazon.com/dp/B0CMBWLTSM?tag=eloabder-20&linkCode=osi&th=1&psc=1">View Product</a></div><div class="product"><a href="https://www.amazon.com/dp/B0CXDYWWT9?tag=eloabder-20&linkCode=osi&th=1&psc=1"><img src="https://m.media-amazon.com/images/I/41F1csTT8jL._SL500_.jpg" alt="Product Image"></a><p>2 Replacement Filters for Craftsman V20 Cordless Stick Vacuum CMCVS001D1, for Black Decker BSVF1 BSV2020 BSV2020G BSV2020P Cordless Stick Vacuum Cleaner with 1 Cleaning Brush</p><p>$14.99</p><a href="https://www.amazon.com/dp/B0CXDYWWT9?tag=eloabder-20&linkCode=osi&th=1&psc=1">View Product</a></div><div class="product"><a href="https://www.amazon.com/dp/B0CCJ5N5DH?tag=eloabder-20&linkCode=osi&th=1&psc=1"><img src="https://m.media-amazon.com/images/I/41xmhDPqk8L._SL500_.jpg" alt="Product Image"></a><p>Aolleteau 1 Pack Brush Roller Compatible with Black + Decker BSV2020, BSV2020P, BSV2020G Powerseries Extreme Cordless Stick Vacuum and Compatible with Craftsman V20 Cordless Stick Vacuum CMCVS001D1</p><p>$17.99</p><a href="https://www.amazon.com/dp/B0CCJ5N5DH?tag=eloabder-20&linkCode=osi&th=1&psc=1">View Product</a></div><div class="product"><a href="https://www.amazon.com/dp/B0CQY61LFD?tag=eloabder-20&linkCode=osi&th=1&psc=1"><img src="https://m.media-amazon.com/images/I/31swBBC444L._SL500_.jpg" alt="Product Image"></a><p>Tablenco for Shark HZ602 Filter Replacement Ultralight Pet Pro Corded Stick Vacuum and HZ2002 Vertex DuoClean PowerFins fit HZ2000 HZ251 HZ250 HH200 HH202,4 Foam Felt 4 Motor Kit (No cleaning brush)</p><p>$9.98</p><a href="https://www.amazon.com/dp/B0CQY61LFD?tag=eloabder-20&linkCode=osi&th=1&psc=1">View Product</a></div><div class="product"><a href="https://www.amazon.com/dp/B09Q55KW8W?tag=eloabder-20&linkCode=osi&th=1&psc=1"><img src="https://m.media-amazon.com/images/I/51MKsJy6nSL._SL500_.jpg" alt="Product Image"></a><p>Anicell 2033 Featherweight Filter for Bissell Featherweight Stick Lightweight Bagless Vacuum 20331 20333 20334 20336 20339 2033M, 4 Mesh Filters 6 Foam Filters Replacement, Replace part# 1611508</p><p>$11.99</p><a href="https://www.amazon.com/dp/B09Q55KW8W?tag=eloabder-20&linkCode=osi&th=1&psc=1">View Product</a></div><div class="product"><a href="https://www.amazon.com/dp/B0CDVG7LHD?tag=eloabder-20&linkCode=osi&th=1&psc=1"><img src="https://m.media-amazon.com/images/I/41hjN1Te6sL._SL500_.jpg" alt="Product Image"></a><p>Moreffi 3 Pack Filter Replacement For HART Cordless Stick Vacuum HPSV01 and HPSV50, Compare to Part Number HASV01</p><p>$19.99 ($6.66 / Count)</p><a href="https://www.amazon.com/dp/B0CDVG7LHD?tag=eloabder-20&linkCode=osi&th=1&psc=1">View Product</a></div>
<div class="product"><a href="https://www.amazon.com/dp/B07DQ9TZC8?tag=eloabder-20&linkCode=osi&th=1&psc=1"><img src="https://m.media-amazon.com/images/I/41PHyZ20FuL._SL500_.jpg" alt="Product Image"></a><p>Kenmore 53294 Style O HEPA Cloth Vacuum Bags for Kenmore Upright Vacuum Cleaners 6 Pack,White</p><p>$20.99 ($3.50 / Count)</p><a href="https://www.amazon.com/dp/B07DQ9TZC8?tag=eloabder-20&linkCode=osi&th=1&psc=1">View Product</a></div><div class="product"><a href="https://www.amazon.com/dp/B08MXVTTT2?tag=eloabder-20&linkCode=osi&th=1&psc=1"><img src="https://m.media-amazon.com/images/I/41T6wRpIMzL._SL500_.jpg" alt="Product Image"></a><p>Kenmore IB600 HEPA Replacement Intuition Upright Vacuum Cleaner Bags for BU4022, BU4020, BU4018, BU4050, BU3040,White</p><p>$18.75</p><a href="https://www.amazon.com/dp/B08MXVTTT2?tag=eloabder-20&linkCode=osi&th=1&psc=1">View Product</a></div><div class="product"><a href="https://www.amazon.com/dp/B01010JVYO?tag=eloabder-20&linkCode=osi&th=1&psc=1"><img src="https://m.media-amazon.com/images/I/51Anluh47GL._SL500_.jpg" alt="Product Image"></a><p>EnviroCare Replacement Micro Filtration Vacuum Cleaner Dust Bags Designed to fit Hoover Windtunnel Upright Type Y 9 pack</p><p>$9.89 ($1.10 / Count)</p><a href="https://www.amazon.com/dp/B01010JVYO?tag=eloabder-20&linkCode=osi&th=1&psc=1">View Product</a></div><div class="product"><a href="https://www.amazon.com/dp/B0D5CP3WBY?tag=eloabder-20&linkCode=osi&th=1&psc=1"><img src="https://m.media-amazon.com/images/I/31MaGmsVOwL._SL500_.jpg" alt="Product Image"></a><p>Bagless Upright Kenmore Vacuum HEPA Filters, Compatible with Foam Filters, Felt Filters and Upright vacuum cleaner for Models K4010,DU2015,DU2012(includes 1 Hepa Filters,2 Foam and 2 Felt Filters)</p><p>$12.99</p><a href="https://www.amazon.com/dp/B0D5CP3WBY?tag=eloabder-20&linkCode=osi&th=1&psc=1">View Product</a></div><div class="product"><a href="https://www.amazon.com/dp/B0CBFV28WX?tag=eloabder-20&linkCode=osi&th=1&psc=1"><img src="https://m.media-amazon.com/images/I/51LIYI0wXSL._SL500_.jpg" alt="Product Image"></a><p>16 Packs Vacuum Bags for Oreck Type CC, Compatible with All Oreck XL Upright Vacuum Cleaner - Replaces Part # CCPK8DW</p><p>$21.99 ($1.37 / Count)</p><a href="https://www.amazon.com/dp/B0CBFV28WX?tag=eloabder-20&linkCode=osi&th=1&psc=1">View Product</a></div><div class="product"><a href="https://www.amazon.com/dp/B00F9GQMHA?tag=eloabder-20&linkCode=osi&th=1&psc=1"><img src="https://m.media-amazon.com/images/I/51lhelurelL._SL500_.jpg" alt="Product Image"></a><p>EnviroCare Replacement Premium Vacuum Cleaner Dust Bags made to fit Eureka F&G Uprights 9 bags</p><p>$11.09</p><a href="https://www.amazon.com/dp/B00F9GQMHA?tag=eloabder-20&linkCode=osi&th=1&psc=1">View Product</a></div><div class="product"><a href="https://www.amazon.com/dp/B002CI8G1I?tag=eloabder-20&linkCode=osi&th=1&psc=1"><img src="https://m.media-amazon.com/images/I/51PYQrQpbSL._SL500_.jpg" alt="Product Image"></a><p>EnviroCare Replacement Micro Filtration Vacuum Cleaner Dust Bags made to fit Kenmore Upright Type U/L/O 50688 and 50690, Panasonic Type U-2, Miele Type Z. 9 pack</p><p>$9.99</p><a href="https://www.amazon.com/dp/B002CI8G1I?tag=eloabder-20&linkCode=osi&th=1&psc=1">View Product</a></div>
<div class="product"><a href="https://www.amazon.com/dp/B07GNQJ67P?tag=eloabder-20&linkCode=osi&th=1&psc=1"><img src="https://m.media-amazon.com/images/I/41XHnKbgjAL._SL500_.jpg" alt="Product Image"></a><p>Kenmore 53292 Type Q HEPA Replacement Dust Bags for Canister Vacuum 81214, 81414, 81714, 21814, BC2005, BC3005, 81615, BC7005, 6 Count (Pack of 1)</p><p>$13.24 ($2.21 / Count)</p><a href="https://www.amazon.com/dp/B07GNQJ67P?tag=eloabder-20&linkCode=osi&th=1&psc=1">View Product</a></div><div class="product"><a href="https://www.amazon.com/dp/B01L0C0FVK?tag=eloabder-20&linkCode=osi&th=1&psc=1"><img src="https://m.media-amazon.com/images/I/51ZIjbo9NVL._SL500_.jpg" alt="Product Image"></a><p>Envirocare Replacement Vacuum Bags Compatible with Kenmore Canister Type C/Q. 5055, 50557 and 50558 Panasonic Type C-5 Vacuums,15 pack</p><p>$16.16</p><a href="https://www.amazon.com/dp/B01L0C0FVK?tag=eloabder-20&linkCode=osi&th=1&psc=1">View Product</a></div><div class="product"><a href="https://www.amazon.com/dp/B0BTRTP2PM?tag=eloabder-20&linkCode=osi&th=1&psc=1"><img src="https://m.media-amazon.com/images/I/41K295aRv9L._SL500_.jpg" alt="Product Image"></a><p>Vacuum Cleaner Bags Fit for Kenmore Canister Type C/Q 50555 50557 50558 and Type C-5, 10PCs</p><p>$15.99</p><a href="https://www.amazon.com/dp/B0BTRTP2PM?tag=eloabder-20&linkCode=osi&th=1&psc=1">View Product</a></div><div class="product"><a href="https://www.amazon.com/dp/B0CRQYGLZX?tag=eloabder-20&linkCode=osi&th=1&psc=1"><img src="https://m.media-amazon.com/images/I/413iXp+j3ML._SL500_.jpg" alt="Product Image"></a><p>15 Pack Canister Vacuum Cleaner Bags Compatible with Kenmore Canister Type C/Q 5055, 50555, 50557, 50558 and Type C-5, C-18, 53292, 200 Series, 400 Series, 600 Series, 700 Series, 800 Series Vacuum</p><p>$11.69</p><a href="https://www.amazon.com/dp/B0CRQYGLZX?tag=eloabder-20&linkCode=osi&th=1&psc=1">View Product</a></div><div class="product"><a href="https://www.amazon.com/dp/B00QGD3SBI?tag=eloabder-20&linkCode=osi&th=1&psc=1"><img src="https://m.media-amazon.com/images/I/51xw0asyqTL._SL500_.jpg" alt="Product Image"></a><p>EnviroCare Replacement Vacuum Bags made to fit Kenmore Canister Type C or Q 50555, 50558, 50557 and Panasonic Type C-5 Vacuums, 9 pack</p><p>$9.79</p><a href="https://www.amazon.com/dp/B00QGD3SBI?tag=eloabder-20&linkCode=osi&th=1&psc=1">View Product</a></div><div class="product"><a href="https://www.amazon.com/dp/B0CQP9NP5N?tag=eloabder-20&linkCode=osi&th=1&psc=1"><img src="https://m.media-amazon.com/images/I/41WnNkTz8zL._SL500_.jpg" alt="Product Image"></a><p>8 Pack Replacement Vacuum Bags Compatible with Kenmore Canister Type C/Q. 5055, 50104, 50557 and 50558 Panasonic Type C-5 Vacuums</p><p>$9.99 ($1.25 / Count)</p><a href="https://www.amazon.com/dp/B0CQP9NP5N?tag=eloabder-20&linkCode=osi&th=1&psc=1">View Product</a></div>
<div class="product"><a href="https://www.amazon.com/dp/B09M3Y2BHR?tag=eloabder-20&linkCode=osi&th=1&psc=1"><img src="https://m.media-amazon.com/images/I/31tevngai1L._SL500_.jpg" alt="Product Image"></a><p>Ymimi Vacuum Filter Compatible with Eureka WhirlWind Bagless Canister Vacuum Cleaner,Fits NEN110A,NEN110B,NEN110Dï¼ˆ2-Packï¼‰</p><p>$11.99 ($6.00 / Count)</p><a href="https://www.amazon.com/dp/B09M3Y2BHR?tag=eloabder-20&linkCode=osi&th=1&psc=1">View Product</a></div><div class="product"><a href="https://www.amazon.com/dp/B07J1WWBHN?tag=eloabder-20&linkCode=osi&th=1&psc=1"><img src="https://m.media-amazon.com/images/I/51gmkDrnR2L._SL500_.jpg" alt="Product Image"></a><p>Bissell Powerforce Helix Bagless Washable Premotor Filter #1608225, Black</p><p>$7.78</p><a href="https://www.amazon.com/dp/B07J1WWBHN?tag=eloabder-20&linkCode=osi&th=1&psc=1">View Product</a></div><div class="product"><a href="https://www.amazon.com/dp/B0BK64TMMK?tag=eloabder-20&linkCode=osi&th=1&psc=1"><img src="https://m.media-amazon.com/images/I/41OBMvET7eL._SL500_.jpg" alt="Product Image"></a><p>Vacuum Belt Replacement for Bissell Cleanview Swivel Pet Upright Bagless/Powerlifter Vacuum Cleaner, fits model: 2252, 2254, 22543, 2258,2259, 2260,2316, 2739, 1793, Parts # 3031120, 32074</p><p>$6.99</p><a href="https://www.amazon.com/dp/B0BK64TMMK?tag=eloabder-20&linkCode=osi&th=1&psc=1">View Product</a></div><div class="product"><a href="https://www.amazon.com/dp/B0BKKL3WRB?tag=eloabder-20&linkCode=osi&th=1&psc=1"><img src="https://m.media-amazon.com/images/I/410jMe-FjIL._SL500_.jpg" alt="Product Image"></a><p>Aolleteau F1 HEPA Filter Compatible with Dirt Devil Bagless Upright Cleaner Models Extra Lite, Breeze, Featherlite Bagless, Jaguar Bagless,Platinum Force Vision, Scorpion and Vision Bagless (2 Pack)</p><p>$13.99 ($7.00 / Count)</p><a href="https://www.amazon.com/dp/B0BKKL3WRB?tag=eloabder-20&linkCode=osi&th=1&psc=1">View Product</a></div><div class="product"><a href="https://www.amazon.com/dp/B09SG1P4WN?tag=eloabder-20&linkCode=osi&th=1&psc=1"><img src="https://m.media-amazon.com/images/I/51+Mr+Wq5ML._SL500_.jpg" alt="Product Image"></a><p>NEN110A Vacuum Filter, Inlet Frame and Sponge Filter Compatible with Eureka Whirlwind Bagless Canister Vacuum Cleaner, Fits NEN110A, NEN110B, NEN110D(4-Pack)</p><p>$15.99 ($4.00 / Count)</p><a href="https://www.amazon.com/dp/B09SG1P4WN?tag=eloabder-20&linkCode=osi&th=1&psc=1">View Product</a></div>
<div class="product"><a href="https://www.amazon.com/dp/B07GT9VB9X?tag=eloabder-20&linkCode=osi&th=1&psc=1"><img src="https://m.media-amazon.com/images/I/41IokheYtNL._SL500_.jpg" alt="Product Image"></a><p>6 Pack 1940 Bissell Steam Mop Pads for Bissell PowerFresh Steam Mop 1806 1544 1440 2075A 2685A 1940W 19404 Series, Model 19402 19408 1940a 1940f 1940q 1940t B0006 B0017, Part #5938#203-2633</p><p>$16.99 ($2.83 / Count)</p><a href="https://www.amazon.com/dp/B07GT9VB9X?tag=eloabder-20&linkCode=osi&th=1&psc=1">View Product</a></div><div class="product"><a href="https://www.amazon.com/dp/B07H3MYZLD?tag=eloabder-20&linkCode=osi&th=1&psc=1"><img src="https://m.media-amazon.com/images/I/511p6MPxQ0L._SL500_.jpg" alt="Product Image"></a><p>Flammi Steam Pocket Mop Replacement Pads for Shark S3500 Series S3501 S3601 S3550 S3901 SE450 S3801CO S3601D S2901 S2902 Steam Pocket Mop, 4 Pack</p><p>$16.97 ($4.24 / Count)</p><a href="https://www.amazon.com/dp/B07H3MYZLD?tag=eloabder-20&linkCode=osi&th=1&psc=1">View Product</a></div><div class="product"><a href="https://www.amazon.com/dp/B0C8SH97HN?tag=eloabder-20&linkCode=osi&th=1&psc=1"><img src="https://m.media-amazon.com/images/I/31Mex4y7odL._SL500_.jpg" alt="Product Image"></a><p>HOMEXCEL Steam Mop Replacement Pads Compatible with Bissell Powerfresh Steam Mop 1940 1806 1440 1544 Series, Model 19402 19404 19408 2685A 2075A 1940A 1940Q 1940T 1940W, Steam Mop Pads Refills,4 Pack</p><p>$9.99 ($2.50 / Count)</p><a href="https://www.amazon.com/dp/B0C8SH97HN?tag=eloabder-20&linkCode=osi&th=1&psc=1">View Product</a></div><div class="product"><a href="https://www.amazon.com/dp/B0BFWTXS33?tag=eloabder-20&linkCode=osi&th=1&psc=1"><img src="https://m.media-amazon.com/images/I/51pa2h7o0EL._SL500_.jpg" alt="Product Image"></a><p>12 Pack 1940 Steam Mop Replacement Pads for Bissell Powerfresh Steam Mop 1940 1440 1806 1544 2075 2685A 2814 Series, Model 19402 19404 19408 19409 1940A 1940F 1940Q 1940T 1940W B0006 B0017 2075A 15441</p><p>$24.99</p><a href="https://www.amazon.com/dp/B0BFWTXS33?tag=eloabder-20&linkCode=osi&th=1&psc=1">View Product</a></div><div class="product"><a href="https://www.amazon.com/dp/B0CLP5QGTY?tag=eloabder-20&linkCode=osi&th=1&psc=1"><img src="https://m.media-amazon.com/images/I/414HqpKde9L._SL500_.jpg" alt="Product Image"></a><p>10 Pack 1940 1806 2685A Steam Mop Pads For Bissell Powerfresh Steam Mop Deluxe Pet Lift-Off Plus Slim Scrubbing Steam Mop Replacement Pad 1940A 2814 1544A 2075A Power Fresh Steamer Pad Refill Washable</p><p>$22.99 ($2.30 / Count)</p><a href="https://www.amazon.com/dp/B0CLP5QGTY?tag=eloabder-20&linkCode=osi&th=1&psc=1">View Product</a></div><div class="product"><a href="https://www.amazon.com/dp/B078BBKBPV?tag=eloabder-20&linkCode=osi&th=1&psc=1"><img src="https://m.media-amazon.com/images/I/51WcJqtOUIL._SL500_.jpg" alt="Product Image"></a><p>Tidy Monster Steam Mop Replacement Pads Compatible with Bissell Powerfresh Steam Mop 1940 1806 1544 1440 2075A 2685A Series, Part # 5938 & 203-2633, 1606668 & 1606669 (4 Pack Scrub Plush)</p><p>$9.99</p><a href="https://www.amazon.com/dp/B078BBKBPV?tag=eloabder-20&linkCode=osi&th=1&psc=1">View Product</a></div><div class="product"><a href="https://www.amazon.com/dp/B00A6G37SU?tag=eloabder-20&linkCode=osi&th=1&psc=1"><img src="https://m.media-amazon.com/images/I/51xo0LB-SpL._SL500_.jpg" alt="Product Image"></a><p>BISSELL PowerFresh Steam Mop Pads (Pack of 2) with Fragrance discs (4 ct), 5938</p><p>$21.26 ($10.63 / Count)</p><a href="https://www.amazon.com/dp/B00A6G37SU?tag=eloabder-20&linkCode=osi&th=1&psc=1">View Product</a></div>
<div class="product"><a href="https://www.amazon.com/dp/B0D2QFVY7H?tag=eloabder-20&linkCode=osi&th=1&psc=1"><img src="https://m.media-amazon.com/images/I/417B7H+vvML._SL500_.jpg" alt="Product Image"></a><p>Kenmore KS1010 Deep Clean & Revitalize Pet Carpet Cleaner Formula, 64 oz, White, 64 Fl Oz</p><p>$22.73 ($0.36 / Fl Oz)</p><a href="https://www.amazon.com/dp/B0D2QFVY7H?tag=eloabder-20&linkCode=osi&th=1&psc=1">View Product</a></div><div class="product"><a href="https://www.amazon.com/dp/B0BNK8ZJJ1?tag=eloabder-20&linkCode=osi&th=1&psc=1"><img src="https://m.media-amazon.com/images/I/51z0Pc4xcNL._SL500_.jpg" alt="Product Image"></a><p>Bissell Spotlifter Pet Carpet and Upholstery Cleaner with Brush Head - 4 Pack, 93523</p><p>$23.88 ($0.50 / Fl Oz)</p><a href="https://www.amazon.com/dp/B0BNK8ZJJ1?tag=eloabder-20&linkCode=osi&th=1&psc=1">View Product</a></div><div class="product"><a href="https://www.amazon.com/dp/B0CX245D26?tag=eloabder-20&linkCode=osi&th=1&psc=1"><img src="https://m.media-amazon.com/images/I/411CSXvvO1L._SL500_.jpg" alt="Product Image"></a><p>BISSELLÂ® Spot & Stain with Febreze + Gain Original Scent Formula for Little Green Devices, Portable Carpet Cleaners (3968)</p><p>$12.99 ($0.41 / Fl Oz)</p><a href="https://www.amazon.com/dp/B0CX245D26?tag=eloabder-20&linkCode=osi&th=1&psc=1">View Product</a></div><div class="product"><a href="https://www.amazon.com/dp/B083VZW4R5?tag=eloabder-20&linkCode=osi&th=1&psc=1"><img src="https://m.media-amazon.com/images/I/413BULPLmBL._SL500_.jpg" alt="Product Image"></a><p>BISSELL Multi-Surface Pet Formula with Febreze Freshness for Crosswave (80 oz), 2295L</p><p>$22.99 ($0.29 / Fl Oz)</p><a href="https://www.amazon.com/dp/B083VZW4R5?tag=eloabder-20&linkCode=osi&th=1&psc=1">View Product</a></div><div class="product"><a href="https://www.amazon.com/dp/B0D2RGW219?tag=eloabder-20&linkCode=osi&th=1&psc=1"><img src="https://m.media-amazon.com/images/I/41gD+82tnAL._SL500_.jpg" alt="Product Image"></a><p>Vacmaster Clean & Restore Carpet Cleaner Formula â€“ CCS03</p><p>$19.99 ($0.31 / Fl Oz)</p><a href="https://www.amazon.com/dp/B0D2RGW219?tag=eloabder-20&linkCode=osi&th=1&psc=1">View Product</a></div>






<div class="product"><a href="https://www.amazon.com/dp/B0BY64HQTP?tag=eloabder-20&linkCode=osi&th=1&psc=1"><img src="https://m.media-amazon.com/images/I/41hUxHuASYL._SL500_.jpg" alt="Product Image"></a><p>Air Conditioning Motor WZDK13-38G-1(RD-310-13-8) DC Brushless Fan Motor, 13W Inverter air Conditioner Motor DC Motor for Central air Conditioner</p><p>$39.95</p><a href="https://www.amazon.com/dp/B0BY64HQTP?tag=eloabder-20&linkCode=osi&th=1&psc=1">View Product</a></div><div class="product"><a href="https://www.amazon.com/dp/B0CM5YB884?tag=eloabder-20&linkCode=osi&th=1&psc=1"><img src="https://m.media-amazon.com/images/I/310lQ2tAvLL._SL500_.jpg" alt="Product Image"></a><p>Sparkfix OEM WZDK20-38G (ZKFP-20-8-6) Air Conditioner Replacement Motors DC280V 20W Air Conditioning Fan Motor Inverter Air Conditioner Brushless DC Motor 1300RPM CCW</p><p>$42.79</p><a href="https://www.amazon.com/dp/B0CM5YB884?tag=eloabder-20&linkCode=osi&th=1&psc=1">View Product</a></div>













<div class="product"><a href="https://www.amazon.com/dp/B009PCI2JU?tag=eloabder-20&linkCode=osi&th=1&psc=1"><img src="https://m.media-amazon.com/images/I/310ZJurANUL._SL500_.jpg" alt="Product Image"></a><p>GE RPWFE Refrigerator Water Filter | Certified to Reduce Lead, Sulfur, and 50+ Other Impurities | Replace Every 6 Months for Best Results | Pack of 1</p><p>$49.98</p><a href="https://www.amazon.com/dp/B009PCI2JU?tag=eloabder-20&linkCode=osi&th=1&psc=1">View Product</a></div><div class="product"><a href="https://www.amazon.com/dp/B0882ZJ48W?tag=eloabder-20&linkCode=osi&th=1&psc=1"><img src="https://m.media-amazon.com/images/I/41110o9sUoL._SL500_.jpg" alt="Product Image"></a><p>GE XWFE Refrigerator Water Filter | Certified to Reduce Lead, Sulfur, and 50+ Other Impurities | Replace Every 6 Months for Best Results | Pack of 1, White</p><p>$49.00</p><a href="https://www.amazon.com/dp/B0882ZJ48W?tag=eloabder-20&linkCode=osi&th=1&psc=1">View Product</a></div><div class="product"><a href="https://www.amazon.com/dp/B074HLRXMP?tag=eloabder-20&linkCode=osi&th=1&psc=1"><img src="https://m.media-amazon.com/images/I/21oDpGCQXiL._SL500_.jpg" alt="Product Image"></a><p>LG LT1000P - 6 Month / 200 Gallon Capacity Replacement Refrigerator Water Filter (NSF42, NSF53, and NSF401) ADQ74793501, ADQ75795105, or AGF80300704 , White</p><p>$47.00</p><a href="https://www.amazon.com/dp/B074HLRXMP?tag=eloabder-20&linkCode=osi&th=1&psc=1">View Product</a></div><div class="product"><a href="https://www.amazon.com/dp/B01BKWSHHE?tag=eloabder-20&linkCode=osi&th=1&psc=1"><img src="https://m.media-amazon.com/images/I/31E2+zlkvjL._SL500_.jpg" alt="Product Image"></a><p>Frigidaire EPTWFU01 Water Filtration Filter, 1 Count, White</p><p>$42.99</p><a href="https://www.amazon.com/dp/B01BKWSHHE?tag=eloabder-20&linkCode=osi&th=1&psc=1">View Product</a></div><div class="product"><a href="https://www.amazon.com/dp/B08V6JB9R7?tag=eloabder-20&linkCode=osi&th=1&psc=1"><img src="https://m.media-amazon.com/images/I/31PRPEffCZL._SL500_.jpg" alt="Product Image"></a><p>Frigidaire FPPWFU01 PurePour PWF-1 Water Filter 1 Count (Pack of 1)</p><p>$45.81</p><a href="https://www.amazon.com/dp/B08V6JB9R7?tag=eloabder-20&linkCode=osi&th=1&psc=1">View Product</a></div><div class="product"><a href="https://www.amazon.com/dp/B000AST3AK?tag=eloabder-20&linkCode=osi&th=1&psc=1"><img src="https://m.media-amazon.com/images/I/41DUoSxpwTS._SL500_.jpg" alt="Product Image"></a><p>GE MWF Refrigerator Water Filter | Certified to Reduce Lead, Sulfur, and 50+ Other Impurities | Replace Every 6 Months for Best Results | Pack of 1</p><p>$39.98</p><a href="https://www.amazon.com/dp/B000AST3AK?tag=eloabder-20&linkCode=osi&th=1&psc=1">View Product</a></div><div class="product"><a href="https://www.amazon.com/dp/B0CFZR7K8D?tag=eloabder-20&linkCode=osi&th=1&psc=1"><img src="https://m.media-amazon.com/images/I/31WM5sdhKLL._SL500_.jpg" alt="Product Image"></a><p>HMASAV W10295370A water filter replacement, Compatible with EDR1RXD1,EDR1RXD1B,W10295370,Filter 1,WHR1RXD1,KAD1RXD1,P4RFWB,P8RFWB2L,46-9930,46-9081 2PACK</p><p>$29.99 ($15.00 / Count)</p><a href="https://www.amazon.com/dp/B0CFZR7K8D?tag=eloabder-20&linkCode=osi&th=1&psc=1">View Product</a></div><div class="product"><a href="https://www.amazon.com/dp/B07JM9TTTT?tag=eloabder-20&linkCode=osi&th=1&psc=1"><img src="https://m.media-amazon.com/images/I/41CfAtJ8TPL._SL500_.jpg" alt="Product Image"></a><p>GLACIER FRESH LT1000PC Replacement Water Filter, Compatible with LT1000PC/PCS, LT1000PC, LT-1000PC, MDJ64844601, ADQ747935 ADQ74793504 Filter and LT120F ADQ73334008 Fresh Air (3+3)</p><p>$39.99 ($13.33 / Count)</p><a href="https://www.amazon.com/dp/B07JM9TTTT?tag=eloabder-20&linkCode=osi&th=1&psc=1">View Product</a></div><div class="product"><a href="https://www.amazon.com/dp/B003N1ZSYG?tag=eloabder-20&linkCode=osi&th=1&psc=1"><img src="https://m.media-amazon.com/images/I/31Mbrkrxu1L._SL500_.jpg" alt="Product Image"></a><p>SAMSUNG Genuine Filter for Refrigerator Water and Ice, Carbon Block Filtration for Clean, Clear Drinking Water, 6-Month Life, HAF-CIN/EXP, 1 Pack</p><p>$39.99</p><a href="https://www.amazon.com/dp/B003N1ZSYG?tag=eloabder-20&linkCode=osi&th=1&psc=1">View Product</a></div>









<div class="product"><a href="https://www.amazon.com/dp/B0B2NZ47HN?tag=eloabder-20&linkCode=osi&th=1&psc=1"><img src="https://m.media-amazon.com/images/I/41nC6c2XxJL._SL500_.jpg" alt="Product Image"></a><p>OTE Portable Sparkling Water Maker Soda Maker Machine for home with 20PCS Cylinders 450ml Personal seltzer Carbonators Electroless Double Layer PET Bottle BPA Free Double Pressure Relief Valves -Pink</p><p>$49.99</p><a href="https://www.amazon.com/dp/B0B2NZ47HN?tag=eloabder-20&linkCode=osi&th=1&psc=1">View Product</a></div><div class="product"><a href="https://www.amazon.com/dp/B09DY54L7M?tag=eloabder-20&linkCode=osi&th=1&psc=1"><img src="https://m.media-amazon.com/images/I/31LSpnm3G8L._SL500_.jpg" alt="Product Image"></a><p>MOSOLAN Bottle Cleaning Brush, 17 Inches Extra Long Handle Water Bottle Brush, Flexible Bendable Cleaner for Washing Narrow Neck Bottles, Wine Decanter, Kombucha, Pipes, Beer Brewing Supplies, 2 Pack</p><p>$11.95 ($5.98 / Count)</p><a href="https://www.amazon.com/dp/B09DY54L7M?tag=eloabder-20&linkCode=osi&th=1&psc=1">View Product</a></div><div class="product"><a href="https://www.amazon.com/dp/B0736CBNDN?tag=eloabder-20&linkCode=osi&th=1&psc=1"><img src="https://m.media-amazon.com/images/I/41tWXmwP5KL._SL500_.jpg" alt="Product Image"></a><p>#2 Filter Pads (10 Pack Bulk) Compatible with Mini Jet Machine | #2 1.8-2.5 micron | 2 Micron Filtering pads. Filter Wine Beer, Kombucha, Mead Mash. Polishing filtration| Not a Buon Vino product.</p><p>$18.99</p><a href="https://www.amazon.com/dp/B0736CBNDN?tag=eloabder-20&linkCode=osi&th=1&psc=1">View Product</a></div>









<div class="product"><a href="https://www.amazon.com/dp/B07YGN577Y?tag=eloabder-20&linkCode=osi&th=1&psc=1"><img src="https://m.media-amazon.com/images/I/31kfZiyDMUL._SL500_.jpg" alt="Product Image"></a><p>9870163 Trash Power Nut WP9870163 L8</p><p>$50.36</p><a href="https://www.amazon.com/dp/B07YGN577Y?tag=eloabder-20&linkCode=osi&th=1&psc=1">View Product</a></div>

<div class="product"><a href="https://www.amazon.com/dp/B0CWQLM4C7?tag=eloabder-20&linkCode=osi&th=1&psc=1"><img src="https://m.media-amazon.com/images/I/41gTEIOjtlL._SL500_.jpg" alt="Product Image"></a><p>7" Seven Seconds Lazy Kitchen Food Making Tools - Multifunctional Fruit Vegetable Chopper Quick Garlic Peeling Machine Convenient Food Chopper for Slicing,Juice,Grinding</p><p>$32.99</p><a href="https://www.amazon.com/dp/B0CWQLM4C7?tag=eloabder-20&linkCode=osi&th=1&psc=1">View Product</a></div>







<div class="product"><a href="https://www.amazon.com/dp/B0CNKFM9WR?tag=eloabder-20&linkCode=osi&th=1&psc=1"><img src="https://m.media-amazon.com/images/I/31sGGIDic9L._SL500_.jpg" alt="Product Image"></a><p>hobbyme Pack of 4 Plastic Coffee Scoops with Brush & Espresso Grinder Brush for Ground Coffee Cleaning Tea Power Coffee Grinder Spoon</p><p>$6.49</p><a href="https://www.amazon.com/dp/B0CNKFM9WR?tag=eloabder-20&linkCode=osi&th=1&psc=1">View Product</a></div>





<div class="product"><a href="https://www.amazon.com/dp/B07798328B?tag=eloabder-20&linkCode=osi&th=1&psc=1"><img src="https://m.media-amazon.com/images/I/31Vpin+sgUS._SL500_.jpg" alt="Product Image"></a><p>Prime-Line MP10513 Standard Plastic Ice Cube Trays (5 Pack)</p><p>$12.69</p><a href="https://www.amazon.com/dp/B07798328B?tag=eloabder-20&linkCode=osi&th=1&psc=1">View Product</a></div><div class="product"><a href="https://www.amazon.com/dp/B077965JDB?tag=eloabder-20&linkCode=osi&th=1&psc=1"><img src="https://m.media-amazon.com/images/I/31H1hNlH6RL._SL500_.jpg" alt="Product Image"></a><p>Prime-Line MP10863 Standard Plastic Ice Cube Trays (2 Pack)</p><p>$9.69</p><a href="https://www.amazon.com/dp/B077965JDB?tag=eloabder-20&linkCode=osi&th=1&psc=1">View Product</a></div>

<div class="product"><a href="https://www.amazon.com/dp/B08MPLY84K?tag=eloabder-20&linkCode=osi&th=1&psc=1"><img src="https://m.media-amazon.com/images/I/31kWTfzQJBL._SL500_.jpg" alt="Product Image"></a><p>Syntus Vacuum Sealer Bags, 6 Pack 3 Rolls 11" x 20' and 3 Rolls 8" x 20' Commercial Grade BPA Free Bag Rolls, Food Vac Bags for Storage, Meal Prep or Sous Vide</p><p>$19.99</p><a href="https://www.amazon.com/dp/B08MPLY84K?tag=eloabder-20&linkCode=osi&th=1&psc=1">View Product</a></div><div class="product"><a href="https://www.amazon.com/dp/B0C5BWRMQL?tag=eloabder-20&linkCode=osi&th=1&psc=1"><img src="https://m.media-amazon.com/images/I/41yPpkb6oeL._SL500_.jpg" alt="Product Image"></a><p>Bonsenkitchen Vacuum Sealer Rolls Bags, 6 Pack 3 Rolls 11" x 20' + 3 Rolls 8" x 20' Commercial Grade BPA Free Bag Rolls, Durable Customized Size Food Vac Bags for Storage and Sous Vide Cooking VB3211</p><p>$19.99 ($3.33 / Count)</p><a href="https://www.amazon.com/dp/B0C5BWRMQL?tag=eloabder-20&linkCode=osi&th=1&psc=1">View Product</a></div><div class="product"><a href="https://www.amazon.com/dp/B0C5C1JTC4?tag=eloabder-20&linkCode=osi&th=1&psc=1"><img src="https://m.media-amazon.com/images/I/31JpyYsm7YL._SL500_.jpg" alt="Product Image"></a><p>Bonsenkitchen Vacuum Food Sealer Bags 200 Quart 8" x 12", BPA Free, Commercial Grade Textured Food Vacuum Sealer Bag, Thick Embossed Bags for Food Storage and Sous Vide Cooking VB3208</p><p>$18.39 ($0.09 / Count)</p><a href="https://www.amazon.com/dp/B0C5C1JTC4?tag=eloabder-20&linkCode=osi&th=1&psc=1">View Product</a></div><div class="product"><a href="https://www.amazon.com/dp/B07TMZDGQ1?tag=eloabder-20&linkCode=osi&th=1&psc=1"><img src="https://m.media-amazon.com/images/I/31cRCu-JIsL._SL500_.jpg" alt="Product Image"></a><p>Wevac Vacuum Sealer Bags 11x50 Rolls 2 pack for Food Saver, Seal a Meal, Weston. Commercial Grade, BPA Free, Heavy Duty, Great for vac storage, Meal Prep or Sous Vide</p><p>$20.99 ($0.21 / Count)</p><a href="https://www.amazon.com/dp/B07TMZDGQ1?tag=eloabder-20&linkCode=osi&th=1&psc=1">View Product</a></div><div class="product"><a href="https://www.amazon.com/dp/B07TV4KRCL?tag=eloabder-20&linkCode=osi&th=1&psc=1"><img src="https://m.media-amazon.com/images/I/31uv3qtc9bL._SL500_.jpg" alt="Product Image"></a><p>Wevac Vacuum Sealer Bags 100 Gallon 11x16 Inch for Food Saver, Seal a Meal, Weston. Commercial Grade, BPA Free, Heavy Duty, Great for vac storage, Meal Prep and Sous Vide</p><p>$21.24</p><a href="https://www.amazon.com/dp/B07TV4KRCL?tag=eloabder-20&linkCode=osi&th=1&psc=1">View Product</a></div>


<div class="product"><a href="https://www.amazon.com/dp/B093G5XCVF?tag=eloabder-20&linkCode=osi&th=1&psc=1"><img src="https://m.media-amazon.com/images/I/313Cq6ASf0S._SL500_.jpg" alt="Product Image"></a><p>2 Multipurpose Pastry Brush Basting & Coffee Grinders Cleaning Brush Wooden Handle Natural Boar Bristles Baking Cooking Sauce egg wash Bakery Supply Espresso Bean Barista</p><p>$7.21</p><a href="https://www.amazon.com/dp/B093G5XCVF?tag=eloabder-20&linkCode=osi&th=1&psc=1">View Product</a></div><div class="product"><a href="https://www.amazon.com/dp/B07JGRYG31?tag=eloabder-20&linkCode=osi&th=1&psc=1"><img src="https://m.media-amazon.com/images/I/31nd-jhgzdL._SL500_.jpg" alt="Product Image"></a><p>Coffee Grinder Cleaning Brush + Coffee Brush Wood Handle & Natural Bristles Pastry Brush</p><p>$5.99</p><a href="https://www.amazon.com/dp/B07JGRYG31?tag=eloabder-20&linkCode=osi&th=1&psc=1">View Product</a></div><div class="product"><a href="https://www.amazon.com/dp/B0C53G4T7X?tag=eloabder-20&linkCode=osi&th=1&psc=1"><img src="https://m.media-amazon.com/images/I/21Hrgmpj8YL._SL500_.jpg" alt="Product Image"></a><p>Leadigol Cleaning Tool Coffee Machine Home Pastry Brush Multifunctional Wooden Handle Baking Soft Bristles Coffee Grinder Brush</p><p>$7.99</p><a href="https://www.amazon.com/dp/B0C53G4T7X?tag=eloabder-20&linkCode=osi&th=1&psc=1">View Product</a></div><div class="product"><a href="https://www.amazon.com/dp/B07W5WM2LF?tag=eloabder-20&linkCode=osi&th=1&psc=1"><img src="https://m.media-amazon.com/images/I/41-7fWE9tSL._SL500_.jpg" alt="Product Image"></a><p>Redecker Waffle Machine Brush with Oiled Beechwood Handle, Stiff Heat-resistant Tampico Fiber Bristles, 6-1/2 inches, Made in Germany</p><p>$21.99</p><a href="https://www.amazon.com/dp/B07W5WM2LF?tag=eloabder-20&linkCode=osi&th=1&psc=1">View Product</a></div>






Aucun rÃ©sultat trouvÃ©.


<div class="product"><a href="https://www.amazon.com/dp/B00LQKZQAW?tag=eloabder-20&linkCode=osi&th=1&psc=1"><img src="https://m.media-amazon.com/images/I/31nBii+cbiL._SL500_.jpg" alt="Product Image"></a><p>Electrolux 5308000716 Dish Replacement , White</p><p>$17.16</p><a href="https://www.amazon.com/dp/B00LQKZQAW?tag=eloabder-20&linkCode=osi&th=1&psc=1">View Product</a></div><div class="product"><a href="https://www.amazon.com/dp/B09BBPTSNK?tag=eloabder-20&linkCode=osi&th=1&psc=1"><img src="https://m.media-amazon.com/images/I/41kdVEnPDTL._SL500_.jpg" alt="Product Image"></a><p>Judeeâ€™s Butter Powder 5 lb - 100% Non-GMO and Keto-Friendly - rBST Hormone-Free - Gluten-Free and Nut-Free - Made from 100% Real Butter - Baking Ready Ingredient - Made in USA</p><p>$59.99 ($0.75 / Ounce)</p><a href="https://www.amazon.com/dp/B09BBPTSNK?tag=eloabder-20&linkCode=osi&th=1&psc=1">View Product</a></div>
<div class="product"><a href="https://www.amazon.com/dp/B0C1G9K19X?tag=eloabder-20&linkCode=osi&th=1&psc=1"><img src="https://m.media-amazon.com/images/I/41OVBrQ1wFL._SL500_.jpg" alt="Product Image"></a><p>Coffee Cup Design Coffee Filter Holder, Coffee Paper Rack Stand, Metal Coffee Filter Container Stand, Coffee Bar Accessories Vertical Paper Towel Napkin Holder for Cone Square Fan Shaped Size (Black)</p><p>$8.99</p><a href="https://www.amazon.com/dp/B0C1G9K19X?tag=eloabder-20&linkCode=osi&th=1&psc=1">View Product</a></div><div class="product"><a href="https://www.amazon.com/dp/B07TP1YN7G?tag=eloabder-20&linkCode=osi&th=1&psc=1"><img src="https://m.media-amazon.com/images/I/41BpYdpRyaL._SL500_.jpg" alt="Product Image"></a><p>CAFEMASY Coffee Filter Holder Storage Coffee Filter Paper Dispenser Rack with Dustproof Cover for V60 and Cone Coffee Filters</p><p>$9.99</p><a href="https://www.amazon.com/dp/B07TP1YN7G?tag=eloabder-20&linkCode=osi&th=1&psc=1">View Product</a></div><div class="product"><a href="https://www.amazon.com/dp/B0BFCTW7MY?tag=eloabder-20&linkCode=osi&th=1&psc=1"><img src="https://m.media-amazon.com/images/I/31s709IEZkL._SL500_.jpg" alt="Product Image"></a><p>Coffee Filter Holder, watchget Reusable Coffee Paper Filter Storage Bag for Cone-shaped Filter Papers V60 Waterproof Canvas Suitable for Outdoor Camping Traveling(02)</p><p>$11.99</p><a href="https://www.amazon.com/dp/B0BFCTW7MY?tag=eloabder-20&linkCode=osi&th=1&psc=1">View Product</a></div>





<div class="product"><a href="https://www.amazon.com/dp/B0CTJD9VK7?tag=eloabder-20&linkCode=osi&th=1&psc=1"><img src="https://m.media-amazon.com/images/I/31pqr-gIt8L._SL500_.jpg" alt="Product Image"></a><p>[4 Pack] Water Bottle Brush & Straw Cleaner Set,Stainless Steel Long Handle Baby Bottle Scrub Cleaning Brush for Sports Bottles, Cups, Dishes, Coffee Mugs, Glasswares, Tumblers, Wine Decanters</p><p>$6.50</p><a href="https://www.amazon.com/dp/B0CTJD9VK7?tag=eloabder-20&linkCode=osi&th=1&psc=1">View Product</a></div>




<div class="product"><a href="https://www.amazon.com/dp/B0BQSPKDN4?tag=eloabder-20&linkCode=osi&th=1&psc=1"><img src="https://m.media-amazon.com/images/I/416EnQJjKDL._SL500_.jpg" alt="Product Image"></a><p>Teflon Sheets for Baking (3-Pack) Bundled with ninja foodi air fryer liners (1-Pack) - Baking Sheets for Oven and Air Fryer Oven Mat 12" x 12" - Reusable & Heat Resistant</p><p>$9.99</p><a href="https://www.amazon.com/dp/B0BQSPKDN4?tag=eloabder-20&linkCode=osi&th=1&psc=1">View Product</a></div>


















<div class="product"><a href="https://www.amazon.com/dp/B00UTFZAII?tag=eloabder-20&linkCode=osi&th=1&psc=1"><img src="https://m.media-amazon.com/images/I/31z7hZ6KbXL._SL500_.jpg" alt="Product Image"></a><p>Miele 10123210 AirClean 3D Efficiency Dust Bag, Type GN, 4 Bags & 2 Filters, White</p><p>$21.86 ($21.86 / Count)</p><a href="https://www.amazon.com/dp/B00UTFZAII?tag=eloabder-20&linkCode=osi&th=1&psc=1">View Product</a></div><div class="product"><a href="https://www.amazon.com/dp/B07WHG6J5S?tag=eloabder-20&linkCode=osi&th=1&psc=1"><img src="https://m.media-amazon.com/images/I/41hnaEOxB9L._SL500_.jpg" alt="Product Image"></a><p>KEEPOW Vacuum Filters for Eureka, Power Speed Vacuum Filters Replacement for Eureka NEU182A, NEU182B, NEU280, NEU180, NEU181, NEU188, NEU202 Bagless Upright Vacuum Cleaner, Part E0202 (4 Pack)</p><p>$9.99 ($2.50 / Count)</p><a href="https://www.amazon.com/dp/B07WHG6J5S?tag=eloabder-20&linkCode=osi&th=1&psc=1">View Product</a></div><div class="product"><a href="https://www.amazon.com/dp/B00UTFZB82?tag=eloabder-20&linkCode=osi&th=1&psc=1"><img src="https://m.media-amazon.com/images/I/41WdlL5T0dL._SL500_.jpg" alt="Product Image"></a><p>Miele AirClean 3D Efficiency Dust Bag, Type FJM, 4 Bags & 2 Filters, White</p><p>$18.99</p><a href="https://www.amazon.com/dp/B00UTFZB82?tag=eloabder-20&linkCode=osi&th=1&psc=1">View Product</a></div><div class="product"><a href="https://www.amazon.com/dp/B09NKP346M?tag=eloabder-20&linkCode=osi&th=1&psc=1"><img src="https://m.media-amazon.com/images/I/41o25nqkODL._SL500_.jpg" alt="Product Image"></a><p>Anewise 6 Pack Filter Replacement for Bissell Powerforce Compact Lightweight Upright 2112 1520 for Bissel Turbo Bagless 2690 Cleanview 3437 3508 Vacuum Cleaner, Compare to Parts #1604896/160-4896</p><p>$12.99</p><a href="https://www.amazon.com/dp/B09NKP346M?tag=eloabder-20&linkCode=osi&th=1&psc=1">View Product</a></div><div class="product"><a href="https://www.amazon.com/dp/B01MQ5NITB?tag=eloabder-20&linkCode=osi&th=1&psc=1"><img src="https://m.media-amazon.com/images/I/41J6lG4H1bL._SL500_.jpg" alt="Product Image"></a><p>Bissell Style 7 3 Pack Vacuum Cleaner Bags, White, 3 Count</p><p>$8.69 ($2.90 / Count)</p><a href="https://www.amazon.com/dp/B01MQ5NITB?tag=eloabder-20&linkCode=osi&th=1&psc=1">View Product</a></div><div class="product"><a href="https://www.amazon.com/dp/B0CDH1JY5D?tag=eloabder-20&linkCode=osi&th=1&psc=1"><img src="https://m.media-amazon.com/images/I/516DPXu4siL._SL500_.jpg" alt="Product Image"></a><p>4 Pack Replacement Filters Compatiable with Wyze Cordless Vacuum Cleaner, Removable and Washable HEPA Filter Accessories Part Set with 1 Cleaning Brush for Wyze Handheld Cordless Vacuum Cleaner</p><p>$15.99 ($4.00 / Count)</p><a href="https://www.amazon.com/dp/B0CDH1JY5D?tag=eloabder-20&linkCode=osi&th=1&psc=1">View Product</a></div><div class="product"><a href="https://www.amazon.com/dp/B07P3WB37F?tag=eloabder-20&linkCode=osi&th=1&psc=1"><img src="https://m.media-amazon.com/images/I/51WaYrkiVXL._SL500_.jpg" alt="Product Image"></a><p>Miele AirClean 3D Efficiency Dust Bag, Type GN, XL Value Pack, 8 Bags and 4 Filters</p><p>$36.99</p><a href="https://www.amazon.com/dp/B07P3WB37F?tag=eloabder-20&linkCode=osi&th=1&psc=1">View Product</a></div><div class="product"><a href="https://www.amazon.com/dp/B09DSY4Z2T?tag=eloabder-20&linkCode=osi&th=1&psc=1"><img src="https://m.media-amazon.com/images/I/51+ref3EeAL._SL500_.jpg" alt="Product Image"></a><p>Filter Replacement for Tineco A10 A11 Hero A10/A11 Master PURE ONE S11 Series, S12, X Cordless Vacuum Cleaner (3 PACK) â€¦</p><p>$12.99 ($4.33 / Count)</p><a href="https://www.amazon.com/dp/B09DSY4Z2T?tag=eloabder-20&linkCode=osi&th=1&psc=1">View Product</a></div>


<div class="product"><a href="https://www.amazon.com/dp/B0BXRR5QFV?tag=eloabder-20&linkCode=osi&th=1&psc=1"><img src="https://m.media-amazon.com/images/I/41sjdBkCp8L._SL500_.jpg" alt="Product Image"></a><p>AC Infinity CLOUDFORGE T7, Plant Humidifier 15L with VPD Humidity Controls, 10-Level Precision Vaporizer, Extendable Hose, Targeting Pipe, and No-Leak Seal for Grow Tents</p><p>$159.00</p><a href="https://www.amazon.com/dp/B0BXRR5QFV?tag=eloabder-20&linkCode=osi&th=1&psc=1">View Product</a></div><div class="product"><a href="https://www.amazon.com/dp/B01N6MV8SA?tag=eloabder-20&linkCode=osi&th=1&psc=1"><img src="https://m.media-amazon.com/images/I/41hX08+W1xL._SL500_.jpg" alt="Product Image"></a><p>Protec Humidifier Tank Cleaner, 1 Count - Colors May Vary</p><p>$5.98</p><a href="https://www.amazon.com/dp/B01N6MV8SA?tag=eloabder-20&linkCode=osi&th=1&psc=1">View Product</a></div><div class="product"><a href="https://www.amazon.com/dp/B07GXBTH82?tag=eloabder-20&linkCode=osi&th=1&psc=1"><img src="https://m.media-amazon.com/images/I/41ibxK12JPL._SL500_.jpg" alt="Product Image"></a><p>Essick Air 1970-2 Humidifier, 2-Quart Bacteriostatic Treatment, 2 Pack, Clear, 2</p><p>$22.99</p><a href="https://www.amazon.com/dp/B07GXBTH82?tag=eloabder-20&linkCode=osi&th=1&psc=1">View Product</a></div><div class="product"><a href="https://www.amazon.com/dp/B08TTT3K9B?tag=eloabder-20&linkCode=osi&th=1&psc=1"><img src="https://m.media-amazon.com/images/I/41U6j9SexmL._SL500_.jpg" alt="Product Image"></a><p>Leemone Humidifier Cleaner 12 Pack, Demineralization Cleaning Ball, Works in All humidifiers and Fish Tanks, Purifies Water, Prevents Hard Water Build-Up, Eliminates White Dust and Odor</p><p>$14.44</p><a href="https://www.amazon.com/dp/B08TTT3K9B?tag=eloabder-20&linkCode=osi&th=1&psc=1">View Product</a></div>
<div class="product"><a href="https://www.amazon.com/dp/B07YD4XCT3?tag=eloabder-20&linkCode=osi&th=1&psc=1"><img src="https://m.media-amazon.com/images/I/41hR81iKyJL._SL500_.jpg" alt="Product Image"></a><p>Vacplus Moisture Absorber Packets, Fragrance Free(10 Pack), Humidity Packs, Hanging Closet Dehumidifier Bags, Desiccant 9.8OZ</p><p>$21.99</p><a href="https://www.amazon.com/dp/B07YD4XCT3?tag=eloabder-20&linkCode=osi&th=1&psc=1">View Product</a></div><div class="product"><a href="https://www.amazon.com/dp/B09LQF5V5K?tag=eloabder-20&linkCode=osi&th=1&psc=1"><img src="https://m.media-amazon.com/images/I/51Cx5ECAotL._SL500_.jpg" alt="Product Image"></a><p>CLEVAST Moisture Absorbers Packets 10 Pack, Dehumidifier Bags for Closet, Unscented Hanging Humidity Absorber in Wardrobes, Bedrooms, Bathrooms(230g/pack)</p><p>$16.98</p><a href="https://www.amazon.com/dp/B09LQF5V5K?tag=eloabder-20&linkCode=osi&th=1&psc=1">View Product</a></div><div class="product"><a href="https://www.amazon.com/dp/B0B8L9QRW8?tag=eloabder-20&linkCode=osi&th=1&psc=1"><img src="https://m.media-amazon.com/images/I/518LgtpPi8L._SL500_.jpg" alt="Product Image"></a><p>Arm & Hammer Essentials Disposable Moisture Absorber and Odor Eliminator Tub, Fragrance Free, 1 lb, 3-Pack, Attracts and Traps Excess Moisture, Ideal Closet Dehumidifier, White</p><p>$24.94 ($0.52 / Ounce)</p><a href="https://www.amazon.com/dp/B0B8L9QRW8?tag=eloabder-20&linkCode=osi&th=1&psc=1">View Product</a></div><div class="product"><a href="https://www.amazon.com/dp/B09W9TPJGZ?tag=eloabder-20&linkCode=osi&th=1&psc=1"><img src="https://m.media-amazon.com/images/I/51pVTVMwHbL._SL500_.jpg" alt="Product Image"></a><p>THECOSKY Dehumidifier and Air Purifier Combo,HEPA H13 Filter and Negative Air Ion Function,54oz(1.6L) Water Tank with Drain Hose,24hrs Auto-Off Timer,Idea for Bedroom,Bathroom,Closet,RV</p><p>$109.99</p><a href="https://www.amazon.com/dp/B09W9TPJGZ?tag=eloabder-20&linkCode=osi&th=1&psc=1">View Product</a></div><div class="product"><a href="https://www.amazon.com/dp/B0CXDG65LZ?tag=eloabder-20&linkCode=osi&th=1&psc=1"><img src="https://m.media-amazon.com/images/I/41HNflmbKHL._SL500_.jpg" alt="Product Image"></a><p>14 x 17.5 x1.75 MERV 13 Replacement Dehumidifier Filter Compatible with Santa Fe Advance90, Advance100, Advance120, Honeywell DR90 & DR120 dehumidifier models, 2 Pack</p><p>$42.99</p><a href="https://www.amazon.com/dp/B0CXDG65LZ?tag=eloabder-20&linkCode=osi&th=1&psc=1">View Product</a></div>
<div class="product"><a href="https://www.amazon.com/dp/B088B921NQ?tag=eloabder-20&linkCode=osi&th=1&psc=1"><img src="https://m.media-amazon.com/images/I/612e4cT3RYL._SL500_.jpg" alt="Product Image"></a><p>ULTTY H13 HEPA Replacement Filter with Medical Coating, True HEPA Filter For R021/ R020 Purifying Fan, Medium</p><p>$29.99</p><a href="https://www.amazon.com/dp/B088B921NQ?tag=eloabder-20&linkCode=osi&th=1&psc=1">View Product</a></div><div class="product"><a href="https://www.amazon.com/dp/B0D2MZ4Y7Z?tag=eloabder-20&linkCode=osi&th=1&psc=1"><img src="https://m.media-amazon.com/images/I/51KgTHizWyL._SL500_.jpg" alt="Product Image"></a><p>Butto 5-Pack Ceiling Fan Filters for Blades - Strong Adhesive Ceiling Fan Filters for Common Household Contaminants - Unscented Coconut Carbon Fan Air Purifier Pads to Make Air Fresh and Natural</p><p>$9.98</p><a href="https://www.amazon.com/dp/B0D2MZ4Y7Z?tag=eloabder-20&linkCode=osi&th=1&psc=1">View Product</a></div><div class="product"><a href="https://www.amazon.com/dp/B0C42HCM21?tag=eloabder-20&linkCode=osi&th=1&psc=1"><img src="https://m.media-amazon.com/images/I/31jk3lpoygL._SL500_.jpg" alt="Product Image"></a><p>Barnakl Ceiling Fan Filters | Activated Coconut Shell Carbon Filter | Easy-Stick Universal Ceiling Fan Air Filters | Unscented Ceiling Fan Blade Filters for Common Household Contaminants, (3-Count)</p><p>$19.99 ($6.66 / Count)</p><a href="https://www.amazon.com/dp/B0C42HCM21?tag=eloabder-20&linkCode=osi&th=1&psc=1">View Product</a></div>
<div class="product"><a href="https://www.amazon.com/dp/B08LZWP29P?tag=eloabder-20&linkCode=osi&th=1&psc=1"><img src="https://m.media-amazon.com/images/I/41NLuzzFW9L._SL500_.jpg" alt="Product Image"></a><p>Chromex Tankless Water Heater Descaling Solution | Highly Effective Descaler Restores Heating Efficiency, Quart, 32 fl oz (1)</p><p>$26.99</p><a href="https://www.amazon.com/dp/B08LZWP29P?tag=eloabder-20&linkCode=osi&th=1&psc=1">View Product</a></div>

<div class="product"><a href="https://www.amazon.com/dp/B005UO4OWQ?tag=eloabder-20&linkCode=osi&th=1&psc=1"><img src="https://m.media-amazon.com/images/I/41oQPKFofoL._SL500_.jpg" alt="Product Image"></a><p>Bissell 203-7458 Brushroll, Bg10/86T3, Black</p><p>$21.26 ($21.26 / Count)</p><a href="https://www.amazon.com/dp/B005UO4OWQ?tag=eloabder-20&linkCode=osi&th=1&psc=1">View Product</a></div>





















<div class="product"><a href="https://www.amazon.com/dp/B0014J7FUY?tag=eloabder-20&linkCode=osi&th=1&psc=1"><img src="https://m.media-amazon.com/images/I/31QrM+IPxOL._SL500_.jpg" alt="Product Image"></a><p>Urnex Grindz Professional Coffee Grinder Cleaning Tablets - 430 Grams - All Natural Food Safe Gluten Free - Cleans Burr and Casing - Help Extend Life of Your Grinder</p><p>$25.99 ($1.71 / Ounce)</p><a href="https://www.amazon.com/dp/B0014J7FUY?tag=eloabder-20&linkCode=osi&th=1&psc=1">View Product</a></div>



<div class="product"><a href="https://www.amazon.com/dp/B0CHW317SG?tag=eloabder-20&linkCode=osi&th=1&psc=1"><img src="https://m.media-amazon.com/images/I/41Qd5Iu3qBL._SL500_.jpg" alt="Product Image"></a><p>EUHOMY 55 Can Beverage Refrigerator cooler-Mini Fridge Glass Door for Beer Drinks Wines, Freestanding Beverage Fridge with Adjustable Shelves Blue LED for Home/Office/Dorm/Bar (1.3cu.ft)</p><p>$128.99</p><a href="https://www.amazon.com/dp/B0CHW317SG?tag=eloabder-20&linkCode=osi&th=1&psc=1">View Product</a></div>

<div class="product"><a href="https://www.amazon.com/dp/B099CN2MRK?tag=eloabder-20&linkCode=osi&th=1&psc=1"><img src="https://m.media-amazon.com/images/I/31CvUCIUX5L._SL500_.jpg" alt="Product Image"></a><p>Genuine PuroAir 240 Replacement Filter - Replacement HEPA Filter for PuroAir 240 Purifier - Captures up to 99% of Pollen, Smoke, Pollen, Dust and Common Household Pollutants</p><p>$48.00</p><a href="https://www.amazon.com/dp/B099CN2MRK?tag=eloabder-20&linkCode=osi&th=1&psc=1">View Product</a></div><div class="product"><a href="https://www.amazon.com/dp/B0055521W0?tag=eloabder-20&linkCode=osi&th=1&psc=1"><img src="https://m.media-amazon.com/images/I/41Hs7ixdyXL._SL500_.jpg" alt="Product Image"></a><p>GermGuardian Filter B HEPA Pure Genuine Air Purifier Replacement Filter, Removes 99.97% of Pollutants for AC4825, AC4300, AC4900, AC4825DLX, AC4850, CDAP4500, AP2200, Black/Yellow, FLT4825</p><p>$17.90 ($17.90 / Count)</p><a href="https://www.amazon.com/dp/B0055521W0?tag=eloabder-20&linkCode=osi&th=1&psc=1">View Product</a></div><div class="product"><a href="https://www.amazon.com/dp/B0BNMYKZPV?tag=eloabder-20&linkCode=osi&th=1&psc=1"><img src="https://m.media-amazon.com/images/I/41-K3mB6KkL._SL500_.jpg" alt="Product Image"></a><p>2 Pack True HEPA KILO Filter Compatible with Afloia KILO, KILOPLUS, KILOPRO, MIRO,MIRO PRO and MORENTO MR-Kilo, Kalo Air Purifier, 360Â° 3-Stage Filtration</p><p>$34.99 ($17.50 / Count)</p><a href="https://www.amazon.com/dp/B0BNMYKZPV?tag=eloabder-20&linkCode=osi&th=1&psc=1">View Product</a></div><div class="product"><a href="https://www.amazon.com/dp/B0D3M4Y9W7?tag=eloabder-20&linkCode=osi&th=1&psc=1"><img src="https://m.media-amazon.com/images/I/41tzW+mkZuL._SL500_.jpg" alt="Product Image"></a><p>Breshair 14 True HEPA Filter Replacement Compatible with PuroAir 240 Air Purifier, 3-in-1 Filtration System with Activated Carbon Filter, 2-Pack</p><p>$31.56 ($15.78 / Count)</p><a href="https://www.amazon.com/dp/B0D3M4Y9W7?tag=eloabder-20&linkCode=osi&th=1&psc=1">View Product</a></div><div class="product"><a href="https://www.amazon.com/dp/B0CB18MVX6?tag=eloabder-20&linkCode=osi&th=1&psc=1"><img src="https://m.media-amazon.com/images/I/519ZmmLOrzL._SL500_.jpg" alt="Product Image"></a><p>2 Pack 3-in-1 H13 True HEPA Replacement Filter Compatible with Pure Enrichment PureZone Air Purifier Part# PEAIRPLG</p><p>$23.99 ($12.00 / Count)</p><a href="https://www.amazon.com/dp/B0CB18MVX6?tag=eloabder-20&linkCode=osi&th=1&psc=1">View Product</a></div><div class="product"><a href="https://www.amazon.com/dp/B08JTZMRML?tag=eloabder-20&linkCode=osi&th=1&psc=1"><img src="https://m.media-amazon.com/images/I/51yx60sCjHL._SL500_.jpg" alt="Product Image"></a><p>6 Pack HPA300 HEPA Filter Replacement for Honeywell HPA300 Series Air Purifiers HPA300, HPA300VP, HPA304, HPA3300, Replace HRF-R3 (6 Ture HEPA R Replacement Filter + 8 Activated Carbon Pre-Filter)</p><p>$47.99 ($3.43 / Count)</p><a href="https://www.amazon.com/dp/B08JTZMRML?tag=eloabder-20&linkCode=osi&th=1&psc=1">View Product</a></div><div class="product"><a href="https://www.amazon.com/dp/B0CF1GLSYS?tag=eloabder-20&linkCode=osi&th=1&psc=1"><img src="https://m.media-amazon.com/images/I/41709EXRzXL._SL500_.jpg" alt="Product Image"></a><p>CHIVALZ 4 Pack HY4866 True HEPA Replacement Filters Compatible with MORENTO HY4866 Air Purifier, WESTHEY HY4866 Air Purifier and YIOU M1 Air Cleaner Purifier, Original Version</p><p>$39.99 ($10.00 / Count)</p><a href="https://www.amazon.com/dp/B0CF1GLSYS?tag=eloabder-20&linkCode=osi&th=1&psc=1">View Product</a></div>







<div class="product"><a href="https://www.amazon.com/dp/B0CYKMFKR9?tag=eloabder-20&linkCode=osi&th=1&psc=1"><img src="https://m.media-amazon.com/images/I/316zU-ozoxL._SL500_.jpg" alt="Product Image"></a><p>Air Purifier Replacement Filter for Space Heater Bladeless Fan</p><p>$29.99</p><a href="https://www.amazon.com/dp/B0CYKMFKR9?tag=eloabder-20&linkCode=osi&th=1&psc=1">View Product</a></div>
<div class="product"><a href="https://www.amazon.com/dp/B07MRH6VY7?tag=eloabder-20&linkCode=osi&th=1&psc=1"><img src="https://m.media-amazon.com/images/I/51g-nuN4A5L._SL500_.jpg" alt="Product Image"></a><p>Colorfullife Replacement Air Purifier Filter for Dyson Tower Purifier Pure Cool Link TP01, TP02, TP03, BP01, Compare to Part 968126-03ï¼Œ2 Pack</p><p>$26.99</p><a href="https://www.amazon.com/dp/B07MRH6VY7?tag=eloabder-20&linkCode=osi&th=1&psc=1">View Product</a></div><div class="product"><a href="https://www.amazon.com/dp/B07TX5SW7J?tag=eloabder-20&linkCode=osi&th=1&psc=1"><img src="https://m.media-amazon.com/images/I/512Kn+cPglL._SL500_.jpg" alt="Product Image"></a><p>TP01 HEPA Filter Replacement Compatible with Dyson Tower Purifier Pure Cool Link TP01, TP02, TP03, AM11, BP01 Models, Compare to Part # 968126-03 (Pack of 2)</p><p>$27.95 ($13.98 / Count)</p><a href="https://www.amazon.com/dp/B07TX5SW7J?tag=eloabder-20&linkCode=osi&th=1&psc=1">View Product</a></div><div class="product"><a href="https://www.amazon.com/dp/B0CC24GZGB?tag=eloabder-20&linkCode=osi&th=1&psc=1"><img src="https://m.media-amazon.com/images/I/41woNpZ9VgL._SL500_.jpg" alt="Product Image"></a><p>TP01 TP02 Filter Compatible with Dyson Pure Cool Link Purifying Tower Fan TP00 TP03 AM11 and Cool Me BP01 Personal Series, 360Â° Air Purifier Filter Replacement 968126-03, 1-Pack</p><p>$25.99</p><a href="https://www.amazon.com/dp/B0CC24GZGB?tag=eloabder-20&linkCode=osi&th=1&psc=1">View Product</a></div><div class="product"><a href="https://www.amazon.com/dp/B0CX23N2JJ?tag=eloabder-20&linkCode=osi&th=1&psc=1"><img src="https://m.media-amazon.com/images/I/3145hmd5j7L._SL500_.jpg" alt="Product Image"></a><p>Dreo Air Purifiers Replacement Filter, HEPA Filter for Dreo Purifier Tower Fan MC710S, with 2 Stage Filtration, Black, Standard(DR-HPA019)</p><p>$39.99</p><a href="https://www.amazon.com/dp/B0CX23N2JJ?tag=eloabder-20&linkCode=osi&th=1&psc=1">View Product</a></div>










<div class="product"><a href="https://www.amazon.com/dp/B001U0OJ7O?tag=eloabder-20&linkCode=osi&th=1&psc=1"><img src="https://m.media-amazon.com/images/I/41XEg3QV-wL._SL500_.jpg" alt="Product Image"></a><p>Whirlpool W10165294RB 15-Inch Plastic Trash Compactor ct, 60 Bags, Count</p><p>$48.34</p><a href="https://www.amazon.com/dp/B001U0OJ7O?tag=eloabder-20&linkCode=osi&th=1&psc=1">View Product</a></div><div class="product"><a href="https://www.amazon.com/dp/B0CC3V4ZZ4?tag=eloabder-20&linkCode=osi&th=1&psc=1"><img src="https://m.media-amazon.com/images/I/31bbvodHnjL._SL500_.jpg" alt="Product Image"></a><p>Waste Smasher- Hand-Held Manual Trash Compactor Dishwasher Safe Black</p><p>$24.95</p><a href="https://www.amazon.com/dp/B0CC3V4ZZ4?tag=eloabder-20&linkCode=osi&th=1&psc=1">View Product</a></div><div class="product"><a href="https://www.amazon.com/dp/B00IYO5914?tag=eloabder-20&linkCode=osi&th=1&psc=1"><img src="https://m.media-amazon.com/images/I/51SLpTXIYNL._SL500_.jpg" alt="Product Image"></a><p>Kitchen Master Super Strong Compactor Bags Pre Cuffed (12 Pack)</p><p>$34.95</p><a href="https://www.amazon.com/dp/B00IYO5914?tag=eloabder-20&linkCode=osi&th=1&psc=1">View Product</a></div><div class="product"><a href="https://www.amazon.com/dp/B075DJ4ZVQ?tag=eloabder-20&linkCode=osi&th=1&psc=1"><img src="https://m.media-amazon.com/images/I/51Vaek4I89L._SL500_.jpg" alt="Product Image"></a><p>Dano Pre-Cuffed Compactor Bags</p><p>$32.95 ($2.75 / Count)</p><a href="https://www.amazon.com/dp/B075DJ4ZVQ?tag=eloabder-20&linkCode=osi&th=1&psc=1">View Product</a></div><div class="product"><a href="https://www.amazon.com/dp/B0C2DCVCBJ?tag=eloabder-20&linkCode=osi&th=1&psc=1"><img src="https://m.media-amazon.com/images/I/51072CtaKuL._SL500_.jpg" alt="Product Image"></a><p>60-pack W10165294RB Trash Compactor Bags - leak-proof trash compactor bags for kitchen 60-ct 15 inches - Fits 15-inch Rectangular Drawer Compactors</p><p>$45.99 ($0.77 / Count)</p><a href="https://www.amazon.com/dp/B0C2DCVCBJ?tag=eloabder-20&linkCode=osi&th=1&psc=1">View Product</a></div><div class="product"><a href="https://www.amazon.com/dp/B001U0OJ7E?tag=eloabder-20&linkCode=osi&th=1&psc=1"><img src="https://m.media-amazon.com/images/I/41c0z26RyvL._SL500_.jpg" alt="Product Image"></a><p>Whirlpool W10165293RB Genuine OEM 60 Pack-Plastic Compactor Bags-18" Models â€“ 1394369, 4178058, 4318932, 4318933, 4318935, 4318937, 4318939, AH1964576, EA1964576, PS1964576</p><p>$48.64 ($0.81 / Count)</p><a href="https://www.amazon.com/dp/B001U0OJ7E?tag=eloabder-20&linkCode=osi&th=1&psc=1">View Product</a></div><div class="product"><a href="https://www.amazon.com/dp/B00W27J16S?tag=eloabder-20&linkCode=osi&th=1&psc=1"><img src="https://m.media-amazon.com/images/I/41RaOjAGlrL._SL500_.jpg" alt="Product Image"></a><p>Compactor Bags Pre Cuffed (50 Pack)</p><p>$84.95 ($1.70 / count)</p><a href="https://www.amazon.com/dp/B00W27J16S?tag=eloabder-20&linkCode=osi&th=1&psc=1">View Product</a></div><div class="product"><a href="https://www.amazon.com/dp/B00MOCYY2W?tag=eloabder-20&linkCode=osi&th=1&psc=1"><img src="https://m.media-amazon.com/images/I/41SH8mDsAnL._SL500_.jpg" alt="Product Image"></a><p>GE WX60X1 Genuine OEM Universal Trash Compactor Bags for GE Trash Compactors</p><p>$19.00</p><a href="https://www.amazon.com/dp/B00MOCYY2W?tag=eloabder-20&linkCode=osi&th=1&psc=1">View Product</a></div><div class="product"><a href="https://www.amazon.com/dp/B0D7SFSTNG?tag=eloabder-20&linkCode=osi&th=1&psc=1"><img src="https://m.media-amazon.com/images/I/41szt9tZJPL._SL500_.jpg" alt="Product Image"></a><p>4PCS Trash Compactor Charcoal Air Filter Fit for Whirlpool/KitchenAid/Maytag/Jenn-Air/Amana/Inglis/Magic Chef Trash Compactor, Replaces 4151750 554358 WP4151750 AP6009134 PS11742279</p><p>$23.59 ($5.90 / Count)</p><a href="https://www.amazon.com/dp/B0D7SFSTNG?tag=eloabder-20&linkCode=osi&th=1&psc=1">View Product</a></div>
<div class="product"><a href="https://www.amazon.com/dp/B0CGLX5ZB9?tag=eloabder-20&linkCode=osi&th=1&psc=1"><img src="https://m.media-amazon.com/images/I/51qeRZQS98L._SL500_.jpg" alt="Product Image"></a><p>Spare Replacement Parts Compatible with MAMNV BR150 BR151, ZCWA BR150 BR151, MANVINS G20 Robot Vacuum and Mop Combo Accessories Include: 3 Hepa Filters 3 Mop Pads 6 Side Spin Brushes</p><p>$9.98</p><a href="https://www.amazon.com/dp/B0CGLX5ZB9?tag=eloabder-20&linkCode=osi&th=1&psc=1">View Product</a></div><div class="product"><a href="https://www.amazon.com/dp/B0B28DGZBG?tag=eloabder-20&linkCode=osi&th=1&psc=1"><img src="https://m.media-amazon.com/images/I/51ooMN4RqML._SL500_.jpg" alt="Product Image"></a><p>Replacement Parts for Shark AI AV2511AE AV2501S AV2610WA AV2501AE RV2502AE RV2610WA RV2520 AV2510 2-In-1 AI Ultra Robot Vacuum Cleaner Accessories Kits. Main Brush, HEPA Filter, Foam Filter,Side Brush</p><p>$19.99 ($1.05 / Count)</p><a href="https://www.amazon.com/dp/B0B28DGZBG?tag=eloabder-20&linkCode=osi&th=1&psc=1">View Product</a></div><div class="product"><a href="https://www.amazon.com/dp/B0782T7L6P?tag=eloabder-20&linkCode=osi&th=1&psc=1"><img src="https://m.media-amazon.com/images/I/41hTVkuzMJL._SL500_.jpg" alt="Product Image"></a><p>10pcs HEPA Filters Replacement for ILIFE V3s V3s pro V5 V5s V5s Pro V5s Pro 2 V5s Plus Noisz S5 Robotic Vacuum Cleaner ILIFE V3s pro Filters ILIFE Robot Vacuum Filter</p><p>$9.80 ($0.98 / Count)</p><a href="https://www.amazon.com/dp/B0782T7L6P?tag=eloabder-20&linkCode=osi&th=1&psc=1">View Product</a></div><div class="product"><a href="https://www.amazon.com/dp/B0CXLVHTTC?tag=eloabder-20&linkCode=osi&th=1&psc=1"><img src="https://m.media-amazon.com/images/I/51BT3phYzKL._SL500_.jpg" alt="Product Image"></a><p>HUIZHEN Spare Accessories for MAMNV BR150/BR151, for ZCWA BR150/BR151, for MANVINS G20,for GTTVO BR150/BR151,for ONSON BR150/BR151 Robot Vacuum Replacement Parts,6 Side Brush,4 HEPA Filters,4 Mop Pads</p><p>$9.99</p><a href="https://www.amazon.com/dp/B0CXLVHTTC?tag=eloabder-20&linkCode=osi&th=1&psc=1">View Product</a></div><div class="product"><a href="https://www.amazon.com/dp/B08RYDDQL8?tag=eloabder-20&linkCode=osi&th=1&psc=1"><img src="https://m.media-amazon.com/images/I/314Xd7+oBXL._SL500_.jpg" alt="Product Image"></a><p>AirClean 4 Pack 3.7" High Replacement Base Pre-Motor Foam Filters Compatible with Shark IQ Robot Vacuum R101AE RV1001AE UR1005AE Self-Empty Base</p><p>$12.99 ($3.25 / Count)</p><a href="https://www.amazon.com/dp/B08RYDDQL8?tag=eloabder-20&linkCode=osi&th=1&psc=1">View Product</a></div><div class="product"><a href="https://www.amazon.com/dp/B0CJLHJ557?tag=eloabder-20&linkCode=osi&th=1&psc=1"><img src="https://m.media-amazon.com/images/I/41iQm8hUjiL._SL500_.jpg" alt="Product Image"></a><p>Replacement Parts Compatible with WYZE Robot Vacuum Cleaner WVCR200S Accessories, 2 Main Brushes, 6 Hepa Filters, 8 Side Brushes Attachment Spare Pack</p><p>$14.99 ($0.94 / Count)</p><a href="https://www.amazon.com/dp/B0CJLHJ557?tag=eloabder-20&linkCode=osi&th=1&psc=1">View Product</a></div>
<div class="product"><a href="https://www.amazon.com/dp/B0C4595Q8P?tag=eloabder-20&linkCode=osi&th=1&psc=1"><img src="https://m.media-amazon.com/images/I/51k23SAtRxL._SL500_.jpg" alt="Product Image"></a><p>4 Pack FSV001 HEPA Filter Compatiable with Fabuletta FSV101, FSV001, Girnoor G160&G165, Afoddon A300, Lubluelu 202, Oraimo Cordless Vacuum Cleaner, Besswin W26 Cordless Stick Vacuum Cleaners</p><p>$15.99 ($4.00 / Count)</p><a href="https://www.amazon.com/dp/B0C4595Q8P?tag=eloabder-20&linkCode=osi&th=1&psc=1">View Product</a></div>
<div class="product"><a href="https://www.amazon.com/dp/B0BNKJX96X?tag=eloabder-20&linkCode=osi&th=1&psc=1"><img src="https://m.media-amazon.com/images/I/41OPeLFppoL._SL500_.jpg" alt="Product Image"></a><p>6 PACK 2033 Replacement Filter Compatible with Bissell Featherweight Stick Lightweight Bagless Vacuum Cleaner 20331, 20333, 20334, 20336, 20339, 2033M,6 Mesh Filter 6 Foam Filters, Replace # 1611508</p><p>$14.99 ($2.50 / Count)</p><a href="https://www.amazon.com/dp/B0BNKJX96X?tag=eloabder-20&linkCode=osi&th=1&psc=1">View Product</a></div><div class="product"><a href="https://www.amazon.com/dp/B0CMBWLTSM?tag=eloabder-20&linkCode=osi&th=1&psc=1"><img src="https://m.media-amazon.com/images/I/41PHqKaLTDL._SL500_.jpg" alt="Product Image"></a><p>18V ONE + Cordless Pet Stick Vacuum Filter for Ryobi, PCL720, PBLSV716, PBLSV717 Stick Vacuum, Reusable Washable Filters, Compare to Part A32SV720N, 6 Pack</p><p>$15.99 ($2.66 / Count)</p><a href="https://www.amazon.com/dp/B0CMBWLTSM?tag=eloabder-20&linkCode=osi&th=1&psc=1">View Product</a></div><div class="product"><a href="https://www.amazon.com/dp/B0CXDYWWT9?tag=eloabder-20&linkCode=osi&th=1&psc=1"><img src="https://m.media-amazon.com/images/I/41F1csTT8jL._SL500_.jpg" alt="Product Image"></a><p>2 Replacement Filters for Craftsman V20 Cordless Stick Vacuum CMCVS001D1, for Black Decker BSVF1 BSV2020 BSV2020G BSV2020P Cordless Stick Vacuum Cleaner with 1 Cleaning Brush</p><p>$14.99</p><a href="https://www.amazon.com/dp/B0CXDYWWT9?tag=eloabder-20&linkCode=osi&th=1&psc=1">View Product</a></div><div class="product"><a href="https://www.amazon.com/dp/B0CCJ5N5DH?tag=eloabder-20&linkCode=osi&th=1&psc=1"><img src="https://m.media-amazon.com/images/I/41xmhDPqk8L._SL500_.jpg" alt="Product Image"></a><p>Aolleteau 1 Pack Brush Roller Compatible with Black + Decker BSV2020, BSV2020P, BSV2020G Powerseries Extreme Cordless Stick Vacuum and Compatible with Craftsman V20 Cordless Stick Vacuum CMCVS001D1</p><p>$17.99</p><a href="https://www.amazon.com/dp/B0CCJ5N5DH?tag=eloabder-20&linkCode=osi&th=1&psc=1">View Product</a></div><div class="product"><a href="https://www.amazon.com/dp/B0CQY61LFD?tag=eloabder-20&linkCode=osi&th=1&psc=1"><img src="https://m.media-amazon.com/images/I/31swBBC444L._SL500_.jpg" alt="Product Image"></a><p>Tablenco for Shark HZ602 Filter Replacement Ultralight Pet Pro Corded Stick Vacuum and HZ2002 Vertex DuoClean PowerFins fit HZ2000 HZ251 HZ250 HH200 HH202,4 Foam Felt 4 Motor Kit (No cleaning brush)</p><p>$9.98</p><a href="https://www.amazon.com/dp/B0CQY61LFD?tag=eloabder-20&linkCode=osi&th=1&psc=1">View Product</a></div><div class="product"><a href="https://www.amazon.com/dp/B09Q55KW8W?tag=eloabder-20&linkCode=osi&th=1&psc=1"><img src="https://m.media-amazon.com/images/I/51MKsJy6nSL._SL500_.jpg" alt="Product Image"></a><p>Anicell 2033 Featherweight Filter for Bissell Featherweight Stick Lightweight Bagless Vacuum 20331 20333 20334 20336 20339 2033M, 4 Mesh Filters 6 Foam Filters Replacement, Replace part# 1611508</p><p>$11.99</p><a href="https://www.amazon.com/dp/B09Q55KW8W?tag=eloabder-20&linkCode=osi&th=1&psc=1">View Product</a></div><div class="product"><a href="https://www.amazon.com/dp/B0CDVG7LHD?tag=eloabder-20&linkCode=osi&th=1&psc=1"><img src="https://m.media-amazon.com/images/I/41hjN1Te6sL._SL500_.jpg" alt="Product Image"></a><p>Moreffi 3 Pack Filter Replacement For HART Cordless Stick Vacuum HPSV01 and HPSV50, Compare to Part Number HASV01</p><p>$19.99 ($6.66 / Count)</p><a href="https://www.amazon.com/dp/B0CDVG7LHD?tag=eloabder-20&linkCode=osi&th=1&psc=1">View Product</a></div>
<div class="product"><a href="https://www.amazon.com/dp/B07DQ9TZC8?tag=eloabder-20&linkCode=osi&th=1&psc=1"><img src="https://m.media-amazon.com/images/I/41PHyZ20FuL._SL500_.jpg" alt="Product Image"></a><p>Kenmore 53294 Style O HEPA Cloth Vacuum Bags for Kenmore Upright Vacuum Cleaners 6 Pack,White</p><p>$20.99 ($3.50 / Count)</p><a href="https://www.amazon.com/dp/B07DQ9TZC8?tag=eloabder-20&linkCode=osi&th=1&psc=1">View Product</a></div><div class="product"><a href="https://www.amazon.com/dp/B08MXVTTT2?tag=eloabder-20&linkCode=osi&th=1&psc=1"><img src="https://m.media-amazon.com/images/I/41T6wRpIMzL._SL500_.jpg" alt="Product Image"></a><p>Kenmore IB600 HEPA Replacement Intuition Upright Vacuum Cleaner Bags for BU4022, BU4020, BU4018, BU4050, BU3040,White</p><p>$18.75</p><a href="https://www.amazon.com/dp/B08MXVTTT2?tag=eloabder-20&linkCode=osi&th=1&psc=1">View Product</a></div><div class="product"><a href="https://www.amazon.com/dp/B01010JVYO?tag=eloabder-20&linkCode=osi&th=1&psc=1"><img src="https://m.media-amazon.com/images/I/51Anluh47GL._SL500_.jpg" alt="Product Image"></a><p>EnviroCare Replacement Micro Filtration Vacuum Cleaner Dust Bags Designed to fit Hoover Windtunnel Upright Type Y 9 pack</p><p>$9.89 ($1.10 / Count)</p><a href="https://www.amazon.com/dp/B01010JVYO?tag=eloabder-20&linkCode=osi&th=1&psc=1">View Product</a></div><div class="product"><a href="https://www.amazon.com/dp/B0D5CP3WBY?tag=eloabder-20&linkCode=osi&th=1&psc=1"><img src="https://m.media-amazon.com/images/I/31MaGmsVOwL._SL500_.jpg" alt="Product Image"></a><p>Bagless Upright Kenmore Vacuum HEPA Filters, Compatible with Foam Filters, Felt Filters and Upright vacuum cleaner for Models K4010,DU2015,DU2012(includes 1 Hepa Filters,2 Foam and 2 Felt Filters)</p><p>$12.99</p><a href="https://www.amazon.com/dp/B0D5CP3WBY?tag=eloabder-20&linkCode=osi&th=1&psc=1">View Product</a></div><div class="product"><a href="https://www.amazon.com/dp/B0CBFV28WX?tag=eloabder-20&linkCode=osi&th=1&psc=1"><img src="https://m.media-amazon.com/images/I/51LIYI0wXSL._SL500_.jpg" alt="Product Image"></a><p>16 Packs Vacuum Bags for Oreck Type CC, Compatible with All Oreck XL Upright Vacuum Cleaner - Replaces Part # CCPK8DW</p><p>$21.99 ($1.37 / Count)</p><a href="https://www.amazon.com/dp/B0CBFV28WX?tag=eloabder-20&linkCode=osi&th=1&psc=1">View Product</a></div><div class="product"><a href="https://www.amazon.com/dp/B00F9GQMHA?tag=eloabder-20&linkCode=osi&th=1&psc=1"><img src="https://m.media-amazon.com/images/I/51lhelurelL._SL500_.jpg" alt="Product Image"></a><p>EnviroCare Replacement Premium Vacuum Cleaner Dust Bags made to fit Eureka F&G Uprights 9 bags</p><p>$11.09</p><a href="https://www.amazon.com/dp/B00F9GQMHA?tag=eloabder-20&linkCode=osi&th=1&psc=1">View Product</a></div><div class="product"><a href="https://www.amazon.com/dp/B002CI8G1I?tag=eloabder-20&linkCode=osi&th=1&psc=1"><img src="https://m.media-amazon.com/images/I/51PYQrQpbSL._SL500_.jpg" alt="Product Image"></a><p>EnviroCare Replacement Micro Filtration Vacuum Cleaner Dust Bags made to fit Kenmore Upright Type U/L/O 50688 and 50690, Panasonic Type U-2, Miele Type Z. 9 pack</p><p>$9.99</p><a href="https://www.amazon.com/dp/B002CI8G1I?tag=eloabder-20&linkCode=osi&th=1&psc=1">View Product</a></div>
<div class="product"><a href="https://www.amazon.com/dp/B07GNQJ67P?tag=eloabder-20&linkCode=osi&th=1&psc=1"><img src="https://m.media-amazon.com/images/I/41XHnKbgjAL._SL500_.jpg" alt="Product Image"></a><p>Kenmore 53292 Type Q HEPA Replacement Dust Bags for Canister Vacuum 81214, 81414, 81714, 21814, BC2005, BC3005, 81615, BC7005, 6 Count (Pack of 1)</p><p>$13.24 ($2.21 / Count)</p><a href="https://www.amazon.com/dp/B07GNQJ67P?tag=eloabder-20&linkCode=osi&th=1&psc=1">View Product</a></div><div class="product"><a href="https://www.amazon.com/dp/B01L0C0FVK?tag=eloabder-20&linkCode=osi&th=1&psc=1"><img src="https://m.media-amazon.com/images/I/51ZIjbo9NVL._SL500_.jpg" alt="Product Image"></a><p>Envirocare Replacement Vacuum Bags Compatible with Kenmore Canister Type C/Q. 5055, 50557 and 50558 Panasonic Type C-5 Vacuums,15 pack</p><p>$16.16</p><a href="https://www.amazon.com/dp/B01L0C0FVK?tag=eloabder-20&linkCode=osi&th=1&psc=1">View Product</a></div><div class="product"><a href="https://www.amazon.com/dp/B0BTRTP2PM?tag=eloabder-20&linkCode=osi&th=1&psc=1"><img src="https://m.media-amazon.com/images/I/41K295aRv9L._SL500_.jpg" alt="Product Image"></a><p>Vacuum Cleaner Bags Fit for Kenmore Canister Type C/Q 50555 50557 50558 and Type C-5, 10PCs</p><p>$15.99</p><a href="https://www.amazon.com/dp/B0BTRTP2PM?tag=eloabder-20&linkCode=osi&th=1&psc=1">View Product</a></div><div class="product"><a href="https://www.amazon.com/dp/B0CRQYGLZX?tag=eloabder-20&linkCode=osi&th=1&psc=1"><img src="https://m.media-amazon.com/images/I/413iXp+j3ML._SL500_.jpg" alt="Product Image"></a><p>15 Pack Canister Vacuum Cleaner Bags Compatible with Kenmore Canister Type C/Q 5055, 50555, 50557, 50558 and Type C-5, C-18, 53292, 200 Series, 400 Series, 600 Series, 700 Series, 800 Series Vacuum</p><p>$11.69</p><a href="https://www.amazon.com/dp/B0CRQYGLZX?tag=eloabder-20&linkCode=osi&th=1&psc=1">View Product</a></div><div class="product"><a href="https://www.amazon.com/dp/B00QGD3SBI?tag=eloabder-20&linkCode=osi&th=1&psc=1"><img src="https://m.media-amazon.com/images/I/51xw0asyqTL._SL500_.jpg" alt="Product Image"></a><p>EnviroCare Replacement Vacuum Bags made to fit Kenmore Canister Type C or Q 50555, 50558, 50557 and Panasonic Type C-5 Vacuums, 9 pack</p><p>$9.79</p><a href="https://www.amazon.com/dp/B00QGD3SBI?tag=eloabder-20&linkCode=osi&th=1&psc=1">View Product</a></div><div class="product"><a href="https://www.amazon.com/dp/B0CQP9NP5N?tag=eloabder-20&linkCode=osi&th=1&psc=1"><img src="https://m.media-amazon.com/images/I/41WnNkTz8zL._SL500_.jpg" alt="Product Image"></a><p>8 Pack Replacement Vacuum Bags Compatible with Kenmore Canister Type C/Q. 5055, 50104, 50557 and 50558 Panasonic Type C-5 Vacuums</p><p>$9.99 ($1.25 / Count)</p><a href="https://www.amazon.com/dp/B0CQP9NP5N?tag=eloabder-20&linkCode=osi&th=1&psc=1">View Product</a></div>
<div class="product"><a href="https://www.amazon.com/dp/B09M3Y2BHR?tag=eloabder-20&linkCode=osi&th=1&psc=1"><img src="https://m.media-amazon.com/images/I/31tevngai1L._SL500_.jpg" alt="Product Image"></a><p>Ymimi Vacuum Filter Compatible with Eureka WhirlWind Bagless Canister Vacuum Cleaner,Fits NEN110A,NEN110B,NEN110Dï¼ˆ2-Packï¼‰</p><p>$11.99 ($6.00 / Count)</p><a href="https://www.amazon.com/dp/B09M3Y2BHR?tag=eloabder-20&linkCode=osi&th=1&psc=1">View Product</a></div><div class="product"><a href="https://www.amazon.com/dp/B07J1WWBHN?tag=eloabder-20&linkCode=osi&th=1&psc=1"><img src="https://m.media-amazon.com/images/I/51gmkDrnR2L._SL500_.jpg" alt="Product Image"></a><p>Bissell Powerforce Helix Bagless Washable Premotor Filter #1608225, Black</p><p>$7.78</p><a href="https://www.amazon.com/dp/B07J1WWBHN?tag=eloabder-20&linkCode=osi&th=1&psc=1">View Product</a></div><div class="product"><a href="https://www.amazon.com/dp/B0BK64TMMK?tag=eloabder-20&linkCode=osi&th=1&psc=1"><img src="https://m.media-amazon.com/images/I/41OBMvET7eL._SL500_.jpg" alt="Product Image"></a><p>Vacuum Belt Replacement for Bissell Cleanview Swivel Pet Upright Bagless/Powerlifter Vacuum Cleaner, fits model: 2252, 2254, 22543, 2258,2259, 2260,2316, 2739, 1793, Parts # 3031120, 32074</p><p>$6.99</p><a href="https://www.amazon.com/dp/B0BK64TMMK?tag=eloabder-20&linkCode=osi&th=1&psc=1">View Product</a></div><div class="product"><a href="https://www.amazon.com/dp/B0BKKL3WRB?tag=eloabder-20&linkCode=osi&th=1&psc=1"><img src="https://m.media-amazon.com/images/I/410jMe-FjIL._SL500_.jpg" alt="Product Image"></a><p>Aolleteau F1 HEPA Filter Compatible with Dirt Devil Bagless Upright Cleaner Models Extra Lite, Breeze, Featherlite Bagless, Jaguar Bagless,Platinum Force Vision, Scorpion and Vision Bagless (2 Pack)</p><p>$13.99 ($7.00 / Count)</p><a href="https://www.amazon.com/dp/B0BKKL3WRB?tag=eloabder-20&linkCode=osi&th=1&psc=1">View Product</a></div><div class="product"><a href="https://www.amazon.com/dp/B09SG1P4WN?tag=eloabder-20&linkCode=osi&th=1&psc=1"><img src="https://m.media-amazon.com/images/I/51+Mr+Wq5ML._SL500_.jpg" alt="Product Image"></a><p>NEN110A Vacuum Filter, Inlet Frame and Sponge Filter Compatible with Eureka Whirlwind Bagless Canister Vacuum Cleaner, Fits NEN110A, NEN110B, NEN110D(4-Pack)</p><p>$15.99 ($4.00 / Count)</p><a href="https://www.amazon.com/dp/B09SG1P4WN?tag=eloabder-20&linkCode=osi&th=1&psc=1">View Product</a></div>
<div class="product"><a href="https://www.amazon.com/dp/B07GT9VB9X?tag=eloabder-20&linkCode=osi&th=1&psc=1"><img src="https://m.media-amazon.com/images/I/41IokheYtNL._SL500_.jpg" alt="Product Image"></a><p>6 Pack 1940 Bissell Steam Mop Pads for Bissell PowerFresh Steam Mop 1806 1544 1440 2075A 2685A 1940W 19404 Series, Model 19402 19408 1940a 1940f 1940q 1940t B0006 B0017, Part #5938#203-2633</p><p>$16.99 ($2.83 / Count)</p><a href="https://www.amazon.com/dp/B07GT9VB9X?tag=eloabder-20&linkCode=osi&th=1&psc=1">View Product</a></div><div class="product"><a href="https://www.amazon.com/dp/B07H3MYZLD?tag=eloabder-20&linkCode=osi&th=1&psc=1"><img src="https://m.media-amazon.com/images/I/511p6MPxQ0L._SL500_.jpg" alt="Product Image"></a><p>Flammi Steam Pocket Mop Replacement Pads for Shark S3500 Series S3501 S3601 S3550 S3901 SE450 S3801CO S3601D S2901 S2902 Steam Pocket Mop, 4 Pack</p><p>$16.97 ($4.24 / Count)</p><a href="https://www.amazon.com/dp/B07H3MYZLD?tag=eloabder-20&linkCode=osi&th=1&psc=1">View Product</a></div><div class="product"><a href="https://www.amazon.com/dp/B0C8SH97HN?tag=eloabder-20&linkCode=osi&th=1&psc=1"><img src="https://m.media-amazon.com/images/I/31Mex4y7odL._SL500_.jpg" alt="Product Image"></a><p>HOMEXCEL Steam Mop Replacement Pads Compatible with Bissell Powerfresh Steam Mop 1940 1806 1440 1544 Series, Model 19402 19404 19408 2685A 2075A 1940A 1940Q 1940T 1940W, Steam Mop Pads Refills,4 Pack</p><p>$9.99 ($2.50 / Count)</p><a href="https://www.amazon.com/dp/B0C8SH97HN?tag=eloabder-20&linkCode=osi&th=1&psc=1">View Product</a></div><div class="product"><a href="https://www.amazon.com/dp/B0BFWTXS33?tag=eloabder-20&linkCode=osi&th=1&psc=1"><img src="https://m.media-amazon.com/images/I/51pa2h7o0EL._SL500_.jpg" alt="Product Image"></a><p>12 Pack 1940 Steam Mop Replacement Pads for Bissell Powerfresh Steam Mop 1940 1440 1806 1544 2075 2685A 2814 Series, Model 19402 19404 19408 19409 1940A 1940F 1940Q 1940T 1940W B0006 B0017 2075A 15441</p><p>$24.99</p><a href="https://www.amazon.com/dp/B0BFWTXS33?tag=eloabder-20&linkCode=osi&th=1&psc=1">View Product</a></div><div class="product"><a href="https://www.amazon.com/dp/B0CLP5QGTY?tag=eloabder-20&linkCode=osi&th=1&psc=1"><img src="https://m.media-amazon.com/images/I/414HqpKde9L._SL500_.jpg" alt="Product Image"></a><p>10 Pack 1940 1806 2685A Steam Mop Pads For Bissell Powerfresh Steam Mop Deluxe Pet Lift-Off Plus Slim Scrubbing Steam Mop Replacement Pad 1940A 2814 1544A 2075A Power Fresh Steamer Pad Refill Washable</p><p>$22.99 ($2.30 / Count)</p><a href="https://www.amazon.com/dp/B0CLP5QGTY?tag=eloabder-20&linkCode=osi&th=1&psc=1">View Product</a></div><div class="product"><a href="https://www.amazon.com/dp/B078BBKBPV?tag=eloabder-20&linkCode=osi&th=1&psc=1"><img src="https://m.media-amazon.com/images/I/51WcJqtOUIL._SL500_.jpg" alt="Product Image"></a><p>Tidy Monster Steam Mop Replacement Pads Compatible with Bissell Powerfresh Steam Mop 1940 1806 1544 1440 2075A 2685A Series, Part # 5938 & 203-2633, 1606668 & 1606669 (4 Pack Scrub Plush)</p><p>$9.99</p><a href="https://www.amazon.com/dp/B078BBKBPV?tag=eloabder-20&linkCode=osi&th=1&psc=1">View Product</a></div><div class="product"><a href="https://www.amazon.com/dp/B00A6G37SU?tag=eloabder-20&linkCode=osi&th=1&psc=1"><img src="https://m.media-amazon.com/images/I/51xo0LB-SpL._SL500_.jpg" alt="Product Image"></a><p>BISSELL PowerFresh Steam Mop Pads (Pack of 2) with Fragrance discs (4 ct), 5938</p><p>$21.26 ($10.63 / Count)</p><a href="https://www.amazon.com/dp/B00A6G37SU?tag=eloabder-20&linkCode=osi&th=1&psc=1">View Product</a></div>
<div class="product"><a href="https://www.amazon.com/dp/B0D2QFVY7H?tag=eloabder-20&linkCode=osi&th=1&psc=1"><img src="https://m.media-amazon.com/images/I/417B7H+vvML._SL500_.jpg" alt="Product Image"></a><p>Kenmore KS1010 Deep Clean & Revitalize Pet Carpet Cleaner Formula, 64 oz, White, 64 Fl Oz</p><p>$22.73 ($0.36 / Fl Oz)</p><a href="https://www.amazon.com/dp/B0D2QFVY7H?tag=eloabder-20&linkCode=osi&th=1&psc=1">View Product</a></div><div class="product"><a href="https://www.amazon.com/dp/B0BNK8ZJJ1?tag=eloabder-20&linkCode=osi&th=1&psc=1"><img src="https://m.media-amazon.com/images/I/51z0Pc4xcNL._SL500_.jpg" alt="Product Image"></a><p>Bissell Spotlifter Pet Carpet and Upholstery Cleaner with Brush Head - 4 Pack, 93523</p><p>$23.88 ($0.50 / Fl Oz)</p><a href="https://www.amazon.com/dp/B0BNK8ZJJ1?tag=eloabder-20&linkCode=osi&th=1&psc=1">View Product</a></div><div class="product"><a href="https://www.amazon.com/dp/B0CX245D26?tag=eloabder-20&linkCode=osi&th=1&psc=1"><img src="https://m.media-amazon.com/images/I/411CSXvvO1L._SL500_.jpg" alt="Product Image"></a><p>BISSELLÂ® Spot & Stain with Febreze + Gain Original Scent Formula for Little Green Devices, Portable Carpet Cleaners (3968)</p><p>$12.99 ($0.41 / Fl Oz)</p><a href="https://www.amazon.com/dp/B0CX245D26?tag=eloabder-20&linkCode=osi&th=1&psc=1">View Product</a></div><div class="product"><a href="https://www.amazon.com/dp/B083VZW4R5?tag=eloabder-20&linkCode=osi&th=1&psc=1"><img src="https://m.media-amazon.com/images/I/413BULPLmBL._SL500_.jpg" alt="Product Image"></a><p>BISSELL Multi-Surface Pet Formula with Febreze Freshness for Crosswave (80 oz), 2295L</p><p>$22.99 ($0.29 / Fl Oz)</p><a href="https://www.amazon.com/dp/B083VZW4R5?tag=eloabder-20&linkCode=osi&th=1&psc=1">View Product</a></div><div class="product"><a href="https://www.amazon.com/dp/B0D2RGW219?tag=eloabder-20&linkCode=osi&th=1&psc=1"><img src="https://m.media-amazon.com/images/I/41gD+82tnAL._SL500_.jpg" alt="Product Image"></a><p>Vacmaster Clean & Restore Carpet Cleaner Formula â€“ CCS03</p><p>$19.99 ($0.31 / Fl Oz)</p><a href="https://www.amazon.com/dp/B0D2RGW219?tag=eloabder-20&linkCode=osi&th=1&psc=1">View Product</a></div>






<div class="product"><a href="https://www.amazon.com/dp/B0BY64HQTP?tag=eloabder-20&linkCode=osi&th=1&psc=1"><img src="https://m.media-amazon.com/images/I/41hUxHuASYL._SL500_.jpg" alt="Product Image"></a><p>Air Conditioning Motor WZDK13-38G-1(RD-310-13-8) DC Brushless Fan Motor, 13W Inverter air Conditioner Motor DC Motor for Central air Conditioner</p><p>$39.95</p><a href="https://www.amazon.com/dp/B0BY64HQTP?tag=eloabder-20&linkCode=osi&th=1&psc=1">View Product</a></div><div class="product"><a href="https://www.amazon.com/dp/B0CM5YB884?tag=eloabder-20&linkCode=osi&th=1&psc=1"><img src="https://m.media-amazon.com/images/I/310lQ2tAvLL._SL500_.jpg" alt="Product Image"></a><p>Sparkfix OEM WZDK20-38G (ZKFP-20-8-6) Air Conditioner Replacement Motors DC280V 20W Air Conditioning Fan Motor Inverter Air Conditioner Brushless DC Motor 1300RPM CCW</p><p>$42.79</p><a href="https://www.amazon.com/dp/B0CM5YB884?tag=eloabder-20&linkCode=osi&th=1&psc=1">View Product</a></div>













<div class="product"><a href="https://www.amazon.com/dp/B009PCI2JU?tag=eloabder-20&linkCode=osi&th=1&psc=1"><img src="https://m.media-amazon.com/images/I/310ZJurANUL._SL500_.jpg" alt="Product Image"></a><p>GE RPWFE Refrigerator Water Filter | Certified to Reduce Lead, Sulfur, and 50+ Other Impurities | Replace Every 6 Months for Best Results | Pack of 1</p><p>$49.98</p><a href="https://www.amazon.com/dp/B009PCI2JU?tag=eloabder-20&linkCode=osi&th=1&psc=1">View Product</a></div><div class="product"><a href="https://www.amazon.com/dp/B0882ZJ48W?tag=eloabder-20&linkCode=osi&th=1&psc=1"><img src="https://m.media-amazon.com/images/I/41110o9sUoL._SL500_.jpg" alt="Product Image"></a><p>GE XWFE Refrigerator Water Filter | Certified to Reduce Lead, Sulfur, and 50+ Other Impurities | Replace Every 6 Months for Best Results | Pack of 1, White</p><p>$49.00</p><a href="https://www.amazon.com/dp/B0882ZJ48W?tag=eloabder-20&linkCode=osi&th=1&psc=1">View Product</a></div><div class="product"><a href="https://www.amazon.com/dp/B074HLRXMP?tag=eloabder-20&linkCode=osi&th=1&psc=1"><img src="https://m.media-amazon.com/images/I/21oDpGCQXiL._SL500_.jpg" alt="Product Image"></a><p>LG LT1000P - 6 Month / 200 Gallon Capacity Replacement Refrigerator Water Filter (NSF42, NSF53, and NSF401) ADQ74793501, ADQ75795105, or AGF80300704 , White</p><p>$47.00</p><a href="https://www.amazon.com/dp/B074HLRXMP?tag=eloabder-20&linkCode=osi&th=1&psc=1">View Product</a></div><div class="product"><a href="https://www.amazon.com/dp/B01BKWSHHE?tag=eloabder-20&linkCode=osi&th=1&psc=1"><img src="https://m.media-amazon.com/images/I/31E2+zlkvjL._SL500_.jpg" alt="Product Image"></a><p>Frigidaire EPTWFU01 Water Filtration Filter, 1 Count, White</p><p>$42.99</p><a href="https://www.amazon.com/dp/B01BKWSHHE?tag=eloabder-20&linkCode=osi&th=1&psc=1">View Product</a></div><div class="product"><a href="https://www.amazon.com/dp/B08V6JB9R7?tag=eloabder-20&linkCode=osi&th=1&psc=1"><img src="https://m.media-amazon.com/images/I/31PRPEffCZL._SL500_.jpg" alt="Product Image"></a><p>Frigidaire FPPWFU01 PurePour PWF-1 Water Filter 1 Count (Pack of 1)</p><p>$45.81</p><a href="https://www.amazon.com/dp/B08V6JB9R7?tag=eloabder-20&linkCode=osi&th=1&psc=1">View Product</a></div><div class="product"><a href="https://www.amazon.com/dp/B000AST3AK?tag=eloabder-20&linkCode=osi&th=1&psc=1"><img src="https://m.media-amazon.com/images/I/41DUoSxpwTS._SL500_.jpg" alt="Product Image"></a><p>GE MWF Refrigerator Water Filter | Certified to Reduce Lead, Sulfur, and 50+ Other Impurities | Replace Every 6 Months for Best Results | Pack of 1</p><p>$39.98</p><a href="https://www.amazon.com/dp/B000AST3AK?tag=eloabder-20&linkCode=osi&th=1&psc=1">View Product</a></div><div class="product"><a href="https://www.amazon.com/dp/B0CFZR7K8D?tag=eloabder-20&linkCode=osi&th=1&psc=1"><img src="https://m.media-amazon.com/images/I/31WM5sdhKLL._SL500_.jpg" alt="Product Image"></a><p>HMASAV W10295370A water filter replacement, Compatible with EDR1RXD1,EDR1RXD1B,W10295370,Filter 1,WHR1RXD1,KAD1RXD1,P4RFWB,P8RFWB2L,46-9930,46-9081 2PACK</p><p>$29.99 ($15.00 / Count)</p><a href="https://www.amazon.com/dp/B0CFZR7K8D?tag=eloabder-20&linkCode=osi&th=1&psc=1">View Product</a></div><div class="product"><a href="https://www.amazon.com/dp/B07JM9TTTT?tag=eloabder-20&linkCode=osi&th=1&psc=1"><img src="https://m.media-amazon.com/images/I/41CfAtJ8TPL._SL500_.jpg" alt="Product Image"></a><p>GLACIER FRESH LT1000PC Replacement Water Filter, Compatible with LT1000PC/PCS, LT1000PC, LT-1000PC, MDJ64844601, ADQ747935 ADQ74793504 Filter and LT120F ADQ73334008 Fresh Air (3+3)</p><p>$39.99 ($13.33 / Count)</p><a href="https://www.amazon.com/dp/B07JM9TTTT?tag=eloabder-20&linkCode=osi&th=1&psc=1">View Product</a></div><div class="product"><a href="https://www.amazon.com/dp/B003N1ZSYG?tag=eloabder-20&linkCode=osi&th=1&psc=1"><img src="https://m.media-amazon.com/images/I/31Mbrkrxu1L._SL500_.jpg" alt="Product Image"></a><p>SAMSUNG Genuine Filter for Refrigerator Water and Ice, Carbon Block Filtration for Clean, Clear Drinking Water, 6-Month Life, HAF-CIN/EXP, 1 Pack</p><p>$39.99</p><a href="https://www.amazon.com/dp/B003N1ZSYG?tag=eloabder-20&linkCode=osi&th=1&psc=1">View Product</a></div>









<div class="product"><a href="https://www.amazon.com/dp/B0B2NZ47HN?tag=eloabder-20&linkCode=osi&th=1&psc=1"><img src="https://m.media-amazon.com/images/I/41nC6c2XxJL._SL500_.jpg" alt="Product Image"></a><p>OTE Portable Sparkling Water Maker Soda Maker Machine for home with 20PCS Cylinders 450ml Personal seltzer Carbonators Electroless Double Layer PET Bottle BPA Free Double Pressure Relief Valves -Pink</p><p>$49.99</p><a href="https://www.amazon.com/dp/B0B2NZ47HN?tag=eloabder-20&linkCode=osi&th=1&psc=1">View Product</a></div><div class="product"><a href="https://www.amazon.com/dp/B09DY54L7M?tag=eloabder-20&linkCode=osi&th=1&psc=1"><img src="https://m.media-amazon.com/images/I/31LSpnm3G8L._SL500_.jpg" alt="Product Image"></a><p>MOSOLAN Bottle Cleaning Brush, 17 Inches Extra Long Handle Water Bottle Brush, Flexible Bendable Cleaner for Washing Narrow Neck Bottles, Wine Decanter, Kombucha, Pipes, Beer Brewing Supplies, 2 Pack</p><p>$11.95 ($5.98 / Count)</p><a href="https://www.amazon.com/dp/B09DY54L7M?tag=eloabder-20&linkCode=osi&th=1&psc=1">View Product</a></div><div class="product"><a href="https://www.amazon.com/dp/B0736CBNDN?tag=eloabder-20&linkCode=osi&th=1&psc=1"><img src="https://m.media-amazon.com/images/I/41tWXmwP5KL._SL500_.jpg" alt="Product Image"></a><p>#2 Filter Pads (10 Pack Bulk) Compatible with Mini Jet Machine | #2 1.8-2.5 micron | 2 Micron Filtering pads. Filter Wine Beer, Kombucha, Mead Mash. Polishing filtration| Not a Buon Vino product.</p><p>$18.99</p><a href="https://www.amazon.com/dp/B0736CBNDN?tag=eloabder-20&linkCode=osi&th=1&psc=1">View Product</a></div>









<div class="product"><a href="https://www.amazon.com/dp/B07YGN577Y?tag=eloabder-20&linkCode=osi&th=1&psc=1"><img src="https://m.media-amazon.com/images/I/31kfZiyDMUL._SL500_.jpg" alt="Product Image"></a><p>9870163 Trash Power Nut WP9870163 L8</p><p>$50.36</p><a href="https://www.amazon.com/dp/B07YGN577Y?tag=eloabder-20&linkCode=osi&th=1&psc=1">View Product</a></div>

<div class="product"><a href="https://www.amazon.com/dp/B0CWQLM4C7?tag=eloabder-20&linkCode=osi&th=1&psc=1"><img src="https://m.media-amazon.com/images/I/41gTEIOjtlL._SL500_.jpg" alt="Product Image"></a><p>7" Seven Seconds Lazy Kitchen Food Making Tools - Multifunctional Fruit Vegetable Chopper Quick Garlic Peeling Machine Convenient Food Chopper for Slicing,Juice,Grinding</p><p>$32.99</p><a href="https://www.amazon.com/dp/B0CWQLM4C7?tag=eloabder-20&linkCode=osi&th=1&psc=1">View Product</a></div>







<div class="product"><a href="https://www.amazon.com/dp/B0CNKFM9WR?tag=eloabder-20&linkCode=osi&th=1&psc=1"><img src="https://m.media-amazon.com/images/I/31sGGIDic9L._SL500_.jpg" alt="Product Image"></a><p>hobbyme Pack of 4 Plastic Coffee Scoops with Brush & Espresso Grinder Brush for Ground Coffee Cleaning Tea Power Coffee Grinder Spoon</p><p>$6.49</p><a href="https://www.amazon.com/dp/B0CNKFM9WR?tag=eloabder-20&linkCode=osi&th=1&psc=1">View Product</a></div>





<div class="product"><a href="https://www.amazon.com/dp/B07798328B?tag=eloabder-20&linkCode=osi&th=1&psc=1"><img src="https://m.media-amazon.com/images/I/31Vpin+sgUS._SL500_.jpg" alt="Product Image"></a><p>Prime-Line MP10513 Standard Plastic Ice Cube Trays (5 Pack)</p><p>$12.69</p><a href="https://www.amazon.com/dp/B07798328B?tag=eloabder-20&linkCode=osi&th=1&psc=1">View Product</a></div><div class="product"><a href="https://www.amazon.com/dp/B077965JDB?tag=eloabder-20&linkCode=osi&th=1&psc=1"><img src="https://m.media-amazon.com/images/I/31H1hNlH6RL._SL500_.jpg" alt="Product Image"></a><p>Prime-Line MP10863 Standard Plastic Ice Cube Trays (2 Pack)</p><p>$9.69</p><a href="https://www.amazon.com/dp/B077965JDB?tag=eloabder-20&linkCode=osi&th=1&psc=1">View Product</a></div>

<div class="product"><a href="https://www.amazon.com/dp/B08MPLY84K?tag=eloabder-20&linkCode=osi&th=1&psc=1"><img src="https://m.media-amazon.com/images/I/31kWTfzQJBL._SL500_.jpg" alt="Product Image"></a><p>Syntus Vacuum Sealer Bags, 6 Pack 3 Rolls 11" x 20' and 3 Rolls 8" x 20' Commercial Grade BPA Free Bag Rolls, Food Vac Bags for Storage, Meal Prep or Sous Vide</p><p>$19.99</p><a href="https://www.amazon.com/dp/B08MPLY84K?tag=eloabder-20&linkCode=osi&th=1&psc=1">View Product</a></div><div class="product"><a href="https://www.amazon.com/dp/B0C5BWRMQL?tag=eloabder-20&linkCode=osi&th=1&psc=1"><img src="https://m.media-amazon.com/images/I/41yPpkb6oeL._SL500_.jpg" alt="Product Image"></a><p>Bonsenkitchen Vacuum Sealer Rolls Bags, 6 Pack 3 Rolls 11" x 20' + 3 Rolls 8" x 20' Commercial Grade BPA Free Bag Rolls, Durable Customized Size Food Vac Bags for Storage and Sous Vide Cooking VB3211</p><p>$19.99 ($3.33 / Count)</p><a href="https://www.amazon.com/dp/B0C5BWRMQL?tag=eloabder-20&linkCode=osi&th=1&psc=1">View Product</a></div><div class="product"><a href="https://www.amazon.com/dp/B0C5C1JTC4?tag=eloabder-20&linkCode=osi&th=1&psc=1"><img src="https://m.media-amazon.com/images/I/31JpyYsm7YL._SL500_.jpg" alt="Product Image"></a><p>Bonsenkitchen Vacuum Food Sealer Bags 200 Quart 8" x 12", BPA Free, Commercial Grade Textured Food Vacuum Sealer Bag, Thick Embossed Bags for Food Storage and Sous Vide Cooking VB3208</p><p>$18.39 ($0.09 / Count)</p><a href="https://www.amazon.com/dp/B0C5C1JTC4?tag=eloabder-20&linkCode=osi&th=1&psc=1">View Product</a></div><div class="product"><a href="https://www.amazon.com/dp/B07TMZDGQ1?tag=eloabder-20&linkCode=osi&th=1&psc=1"><img src="https://m.media-amazon.com/images/I/31cRCu-JIsL._SL500_.jpg" alt="Product Image"></a><p>Wevac Vacuum Sealer Bags 11x50 Rolls 2 pack for Food Saver, Seal a Meal, Weston. Commercial Grade, BPA Free, Heavy Duty, Great for vac storage, Meal Prep or Sous Vide</p><p>$20.99 ($0.21 / Count)</p><a href="https://www.amazon.com/dp/B07TMZDGQ1?tag=eloabder-20&linkCode=osi&th=1&psc=1">View Product</a></div><div class="product"><a href="https://www.amazon.com/dp/B07TV4KRCL?tag=eloabder-20&linkCode=osi&th=1&psc=1"><img src="https://m.media-amazon.com/images/I/31uv3qtc9bL._SL500_.jpg" alt="Product Image"></a><p>Wevac Vacuum Sealer Bags 100 Gallon 11x16 Inch for Food Saver, Seal a Meal, Weston. Commercial Grade, BPA Free, Heavy Duty, Great for vac storage, Meal Prep and Sous Vide</p><p>$21.24</p><a href="https://www.amazon.com/dp/B07TV4KRCL?tag=eloabder-20&linkCode=osi&th=1&psc=1">View Product</a></div>


<div class="product"><a href="https://www.amazon.com/dp/B093G5XCVF?tag=eloabder-20&linkCode=osi&th=1&psc=1"><img src="https://m.media-amazon.com/images/I/313Cq6ASf0S._SL500_.jpg" alt="Product Image"></a><p>2 Multipurpose Pastry Brush Basting & Coffee Grinders Cleaning Brush Wooden Handle Natural Boar Bristles Baking Cooking Sauce egg wash Bakery Supply Espresso Bean Barista</p><p>$7.21</p><a href="https://www.amazon.com/dp/B093G5XCVF?tag=eloabder-20&linkCode=osi&th=1&psc=1">View Product</a></div><div class="product"><a href="https://www.amazon.com/dp/B07JGRYG31?tag=eloabder-20&linkCode=osi&th=1&psc=1"><img src="https://m.media-amazon.com/images/I/31nd-jhgzdL._SL500_.jpg" alt="Product Image"></a><p>Coffee Grinder Cleaning Brush + Coffee Brush Wood Handle & Natural Bristles Pastry Brush</p><p>$5.99</p><a href="https://www.amazon.com/dp/B07JGRYG31?tag=eloabder-20&linkCode=osi&th=1&psc=1">View Product</a></div><div class="product"><a href="https://www.amazon.com/dp/B0C53G4T7X?tag=eloabder-20&linkCode=osi&th=1&psc=1"><img src="https://m.media-amazon.com/images/I/21Hrgmpj8YL._SL500_.jpg" alt="Product Image"></a><p>Leadigol Cleaning Tool Coffee Machine Home Pastry Brush Multifunctional Wooden Handle Baking Soft Bristles Coffee Grinder Brush</p><p>$7.99</p><a href="https://www.amazon.com/dp/B0C53G4T7X?tag=eloabder-20&linkCode=osi&th=1&psc=1">View Product</a></div><div class="product"><a href="https://www.amazon.com/dp/B07W5WM2LF?tag=eloabder-20&linkCode=osi&th=1&psc=1"><img src="https://m.media-amazon.com/images/I/41-7fWE9tSL._SL500_.jpg" alt="Product Image"></a><p>Redecker Waffle Machine Brush with Oiled Beechwood Handle, Stiff Heat-resistant Tampico Fiber Bristles, 6-1/2 inches, Made in Germany</p><p>$21.99</p><a href="https://www.amazon.com/dp/B07W5WM2LF?tag=eloabder-20&linkCode=osi&th=1&psc=1">View Product</a></div>






Aucun rÃ©sultat trouvÃ©.


<div class="product"><a href="https://www.amazon.com/dp/B00LQKZQAW?tag=eloabder-20&linkCode=osi&th=1&psc=1"><img src="https://m.media-amazon.com/images/I/31nBii+cbiL._SL500_.jpg" alt="Product Image"></a><p>Electrolux 5308000716 Dish Replacement , White</p><p>$17.16</p><a href="https://www.amazon.com/dp/B00LQKZQAW?tag=eloabder-20&linkCode=osi&th=1&psc=1">View Product</a></div><div class="product"><a href="https://www.amazon.com/dp/B09BBPTSNK?tag=eloabder-20&linkCode=osi&th=1&psc=1"><img src="https://m.media-amazon.com/images/I/41kdVEnPDTL._SL500_.jpg" alt="Product Image"></a><p>Judeeâ€™s Butter Powder 5 lb - 100% Non-GMO and Keto-Friendly - rBST Hormone-Free - Gluten-Free and Nut-Free - Made from 100% Real Butter - Baking Ready Ingredient - Made in USA</p><p>$59.99 ($0.75 / Ounce)</p><a href="https://www.amazon.com/dp/B09BBPTSNK?tag=eloabder-20&linkCode=osi&th=1&psc=1">View Product</a></div>
<div class="product"><a href="https://www.amazon.com/dp/B0C1G9K19X?tag=eloabder-20&linkCode=osi&th=1&psc=1"><img src="https://m.media-amazon.com/images/I/41OVBrQ1wFL._SL500_.jpg" alt="Product Image"></a><p>Coffee Cup Design Coffee Filter Holder, Coffee Paper Rack Stand, Metal Coffee Filter Container Stand, Coffee Bar Accessories Vertical Paper Towel Napkin Holder for Cone Square Fan Shaped Size (Black)</p><p>$8.99</p><a href="https://www.amazon.com/dp/B0C1G9K19X?tag=eloabder-20&linkCode=osi&th=1&psc=1">View Product</a></div><div class="product"><a href="https://www.amazon.com/dp/B07TP1YN7G?tag=eloabder-20&linkCode=osi&th=1&psc=1"><img src="https://m.media-amazon.com/images/I/41BpYdpRyaL._SL500_.jpg" alt="Product Image"></a><p>CAFEMASY Coffee Filter Holder Storage Coffee Filter Paper Dispenser Rack with Dustproof Cover for V60 and Cone Coffee Filters</p><p>$9.99</p><a href="https://www.amazon.com/dp/B07TP1YN7G?tag=eloabder-20&linkCode=osi&th=1&psc=1">View Product</a></div><div class="product"><a href="https://www.amazon.com/dp/B0BFCTW7MY?tag=eloabder-20&linkCode=osi&th=1&psc=1"><img src="https://m.media-amazon.com/images/I/31s709IEZkL._SL500_.jpg" alt="Product Image"></a><p>Coffee Filter Holder, watchget Reusable Coffee Paper Filter Storage Bag for Cone-shaped Filter Papers V60 Waterproof Canvas Suitable for Outdoor Camping Traveling(02)</p><p>$11.99</p><a href="https://www.amazon.com/dp/B0BFCTW7MY?tag=eloabder-20&linkCode=osi&th=1&psc=1">View Product</a></div>





<div class="product"><a href="https://www.amazon.com/dp/B0CTJD9VK7?tag=eloabder-20&linkCode=osi&th=1&psc=1"><img src="https://m.media-amazon.com/images/I/31pqr-gIt8L._SL500_.jpg" alt="Product Image"></a><p>[4 Pack] Water Bottle Brush & Straw Cleaner Set,Stainless Steel Long Handle Baby Bottle Scrub Cleaning Brush for Sports Bottles, Cups, Dishes, Coffee Mugs, Glasswares, Tumblers, Wine Decanters</p><p>$6.50</p><a href="https://www.amazon.com/dp/B0CTJD9VK7?tag=eloabder-20&linkCode=osi&th=1&psc=1">View Product</a></div>




<div class="product"><a href="https://www.amazon.com/dp/B0BQSPKDN4?tag=eloabder-20&linkCode=osi&th=1&psc=1"><img src="https://m.media-amazon.com/images/I/416EnQJjKDL._SL500_.jpg" alt="Product Image"></a><p>Teflon Sheets for Baking (3-Pack) Bundled with ninja foodi air fryer liners (1-Pack) - Baking Sheets for Oven and Air Fryer Oven Mat 12" x 12" - Reusable & Heat Resistant</p><p>$9.99</p><a href="https://www.amazon.com/dp/B0BQSPKDN4?tag=eloabder-20&linkCode=osi&th=1&psc=1">View Product</a></div>



















<div class="product"><a href="https://www.amazon.com/dp/B00UTFZAII?tag=eloabder-20&linkCode=osi&th=1&psc=1"><img src="https://m.media-amazon.com/images/I/31z7hZ6KbXL._SL500_.jpg" alt="Product Image"></a><p>Miele 10123210 AirClean 3D Efficiency Dust Bag, Type GN, 4 Bags & 2 Filters, White</p><p>$21.86 ($21.86 / Count)</p><a href="https://www.amazon.com/dp/B00UTFZAII?tag=eloabder-20&linkCode=osi&th=1&psc=1">View Product</a></div><div class="product"><a href="https://www.amazon.com/dp/B07WHG6J5S?tag=eloabder-20&linkCode=osi&th=1&psc=1"><img src="https://m.media-amazon.com/images/I/41hnaEOxB9L._SL500_.jpg" alt="Product Image"></a><p>KEEPOW Vacuum Filters for Eureka, Power Speed Vacuum Filters Replacement for Eureka NEU182A, NEU182B, NEU280, NEU180, NEU181, NEU188, NEU202 Bagless Upright Vacuum Cleaner, Part E0202 (4 Pack)</p><p>$9.99 ($2.50 / Count)</p><a href="https://www.amazon.com/dp/B07WHG6J5S?tag=eloabder-20&linkCode=osi&th=1&psc=1">View Product</a></div><div class="product"><a href="https://www.amazon.com/dp/B00UTFZB82?tag=eloabder-20&linkCode=osi&th=1&psc=1"><img src="https://m.media-amazon.com/images/I/41WdlL5T0dL._SL500_.jpg" alt="Product Image"></a><p>Miele AirClean 3D Efficiency Dust Bag, Type FJM, 4 Bags & 2 Filters, White</p><p>$18.99</p><a href="https://www.amazon.com/dp/B00UTFZB82?tag=eloabder-20&linkCode=osi&th=1&psc=1">View Product</a></div><div class="product"><a href="https://www.amazon.com/dp/B09NKP346M?tag=eloabder-20&linkCode=osi&th=1&psc=1"><img src="https://m.media-amazon.com/images/I/41o25nqkODL._SL500_.jpg" alt="Product Image"></a><p>Anewise 6 Pack Filter Replacement for Bissell Powerforce Compact Lightweight Upright 2112 1520 for Bissel Turbo Bagless 2690 Cleanview 3437 3508 Vacuum Cleaner, Compare to Parts #1604896/160-4896</p><p>$12.99</p><a href="https://www.amazon.com/dp/B09NKP346M?tag=eloabder-20&linkCode=osi&th=1&psc=1">View Product</a></div><div class="product"><a href="https://www.amazon.com/dp/B01MQ5NITB?tag=eloabder-20&linkCode=osi&th=1&psc=1"><img src="https://m.media-amazon.com/images/I/41J6lG4H1bL._SL500_.jpg" alt="Product Image"></a><p>Bissell Style 7 3 Pack Vacuum Cleaner Bags, White, 3 Count</p><p>$8.69 ($2.90 / Count)</p><a href="https://www.amazon.com/dp/B01MQ5NITB?tag=eloabder-20&linkCode=osi&th=1&psc=1">View Product</a></div><div class="product"><a href="https://www.amazon.com/dp/B0CDH1JY5D?tag=eloabder-20&linkCode=osi&th=1&psc=1"><img src="https://m.media-amazon.com/images/I/516DPXu4siL._SL500_.jpg" alt="Product Image"></a><p>4 Pack Replacement Filters Compatiable with Wyze Cordless Vacuum Cleaner, Removable and Washable HEPA Filter Accessories Part Set with 1 Cleaning Brush for Wyze Handheld Cordless Vacuum Cleaner</p><p>$15.99 ($4.00 / Count)</p><a href="https://www.amazon.com/dp/B0CDH1JY5D?tag=eloabder-20&linkCode=osi&th=1&psc=1">View Product</a></div><div class="product"><a href="https://www.amazon.com/dp/B07P3WB37F?tag=eloabder-20&linkCode=osi&th=1&psc=1"><img src="https://m.media-amazon.com/images/I/51WaYrkiVXL._SL500_.jpg" alt="Product Image"></a><p>Miele AirClean 3D Efficiency Dust Bag, Type GN, XL Value Pack, 8 Bags and 4 Filters</p><p>$36.99</p><a href="https://www.amazon.com/dp/B07P3WB37F?tag=eloabder-20&linkCode=osi&th=1&psc=1">View Product</a></div><div class="product"><a href="https://www.amazon.com/dp/B09DSY4Z2T?tag=eloabder-20&linkCode=osi&th=1&psc=1"><img src="https://m.media-amazon.com/images/I/51+ref3EeAL._SL500_.jpg" alt="Product Image"></a><p>Filter Replacement for Tineco A10 A11 Hero A10/A11 Master PURE ONE S11 Series, S12, X Cordless Vacuum Cleaner (3 PACK) â€¦</p><p>$12.99 ($4.33 / Count)</p><a href="https://www.amazon.com/dp/B09DSY4Z2T?tag=eloabder-20&linkCode=osi&th=1&psc=1">View Product</a></div>


<div class="product"><a href="https://www.amazon.com/dp/B0BXRR5QFV?tag=eloabder-20&linkCode=osi&th=1&psc=1"><img src="https://m.media-amazon.com/images/I/41sjdBkCp8L._SL500_.jpg" alt="Product Image"></a><p>AC Infinity CLOUDFORGE T7, Plant Humidifier 15L with VPD Humidity Controls, 10-Level Precision Vaporizer, Extendable Hose, Targeting Pipe, and No-Leak Seal for Grow Tents</p><p>$159.00</p><a href="https://www.amazon.com/dp/B0BXRR5QFV?tag=eloabder-20&linkCode=osi&th=1&psc=1">View Product</a></div><div class="product"><a href="https://www.amazon.com/dp/B01N6MV8SA?tag=eloabder-20&linkCode=osi&th=1&psc=1"><img src="https://m.media-amazon.com/images/I/41hX08+W1xL._SL500_.jpg" alt="Product Image"></a><p>Protec Humidifier Tank Cleaner, 1 Count - Colors May Vary</p><p>$5.98</p><a href="https://www.amazon.com/dp/B01N6MV8SA?tag=eloabder-20&linkCode=osi&th=1&psc=1">View Product</a></div><div class="product"><a href="https://www.amazon.com/dp/B07GXBTH82?tag=eloabder-20&linkCode=osi&th=1&psc=1"><img src="https://m.media-amazon.com/images/I/41ibxK12JPL._SL500_.jpg" alt="Product Image"></a><p>Essick Air 1970-2 Humidifier, 2-Quart Bacteriostatic Treatment, 2 Pack, Clear, 2</p><p>$22.99</p><a href="https://www.amazon.com/dp/B07GXBTH82?tag=eloabder-20&linkCode=osi&th=1&psc=1">View Product</a></div><div class="product"><a href="https://www.amazon.com/dp/B08TTT3K9B?tag=eloabder-20&linkCode=osi&th=1&psc=1"><img src="https://m.media-amazon.com/images/I/41U6j9SexmL._SL500_.jpg" alt="Product Image"></a><p>Leemone Humidifier Cleaner 12 Pack, Demineralization Cleaning Ball, Works in All humidifiers and Fish Tanks, Purifies Water, Prevents Hard Water Build-Up, Eliminates White Dust and Odor</p><p>$14.44</p><a href="https://www.amazon.com/dp/B08TTT3K9B?tag=eloabder-20&linkCode=osi&th=1&psc=1">View Product</a></div>
<div class="product"><a href="https://www.amazon.com/dp/B07YD4XCT3?tag=eloabder-20&linkCode=osi&th=1&psc=1"><img src="https://m.media-amazon.com/images/I/41hR81iKyJL._SL500_.jpg" alt="Product Image"></a><p>Vacplus Moisture Absorber Packets, Fragrance Free(10 Pack), Humidity Packs, Hanging Closet Dehumidifier Bags, Desiccant 9.8OZ</p><p>$21.99</p><a href="https://www.amazon.com/dp/B07YD4XCT3?tag=eloabder-20&linkCode=osi&th=1&psc=1">View Product</a></div><div class="product"><a href="https://www.amazon.com/dp/B09LQF5V5K?tag=eloabder-20&linkCode=osi&th=1&psc=1"><img src="https://m.media-amazon.com/images/I/51Cx5ECAotL._SL500_.jpg" alt="Product Image"></a><p>CLEVAST Moisture Absorbers Packets 10 Pack, Dehumidifier Bags for Closet, Unscented Hanging Humidity Absorber in Wardrobes, Bedrooms, Bathrooms(230g/pack)</p><p>$16.98</p><a href="https://www.amazon.com/dp/B09LQF5V5K?tag=eloabder-20&linkCode=osi&th=1&psc=1">View Product</a></div><div class="product"><a href="https://www.amazon.com/dp/B0B8L9QRW8?tag=eloabder-20&linkCode=osi&th=1&psc=1"><img src="https://m.media-amazon.com/images/I/518LgtpPi8L._SL500_.jpg" alt="Product Image"></a><p>Arm & Hammer Essentials Disposable Moisture Absorber and Odor Eliminator Tub, Fragrance Free, 1 lb, 3-Pack, Attracts and Traps Excess Moisture, Ideal Closet Dehumidifier, White</p><p>$24.94 ($0.52 / Ounce)</p><a href="https://www.amazon.com/dp/B0B8L9QRW8?tag=eloabder-20&linkCode=osi&th=1&psc=1">View Product</a></div><div class="product"><a href="https://www.amazon.com/dp/B09W9TPJGZ?tag=eloabder-20&linkCode=osi&th=1&psc=1"><img src="https://m.media-amazon.com/images/I/51pVTVMwHbL._SL500_.jpg" alt="Product Image"></a><p>THECOSKY Dehumidifier and Air Purifier Combo,HEPA H13 Filter and Negative Air Ion Function,54oz(1.6L) Water Tank with Drain Hose,24hrs Auto-Off Timer,Idea for Bedroom,Bathroom,Closet,RV</p><p>$109.99</p><a href="https://www.amazon.com/dp/B09W9TPJGZ?tag=eloabder-20&linkCode=osi&th=1&psc=1">View Product</a></div><div class="product"><a href="https://www.amazon.com/dp/B0CXDG65LZ?tag=eloabder-20&linkCode=osi&th=1&psc=1"><img src="https://m.media-amazon.com/images/I/41HNflmbKHL._SL500_.jpg" alt="Product Image"></a><p>14 x 17.5 x1.75 MERV 13 Replacement Dehumidifier Filter Compatible with Santa Fe Advance90, Advance100, Advance120, Honeywell DR90 & DR120 dehumidifier models, 2 Pack</p><p>$42.99</p><a href="https://www.amazon.com/dp/B0CXDG65LZ?tag=eloabder-20&linkCode=osi&th=1&psc=1">View Product</a></div>
<div class="product"><a href="https://www.amazon.com/dp/B088B921NQ?tag=eloabder-20&linkCode=osi&th=1&psc=1"><img src="https://m.media-amazon.com/images/I/612e4cT3RYL._SL500_.jpg" alt="Product Image"></a><p>ULTTY H13 HEPA Replacement Filter with Medical Coating, True HEPA Filter For R021/ R020 Purifying Fan, Medium</p><p>$29.99</p><a href="https://www.amazon.com/dp/B088B921NQ?tag=eloabder-20&linkCode=osi&th=1&psc=1">View Product</a></div><div class="product"><a href="https://www.amazon.com/dp/B0D2MZ4Y7Z?tag=eloabder-20&linkCode=osi&th=1&psc=1"><img src="https://m.media-amazon.com/images/I/51KgTHizWyL._SL500_.jpg" alt="Product Image"></a><p>Butto 5-Pack Ceiling Fan Filters for Blades - Strong Adhesive Ceiling Fan Filters for Common Household Contaminants - Unscented Coconut Carbon Fan Air Purifier Pads to Make Air Fresh and Natural</p><p>$9.98</p><a href="https://www.amazon.com/dp/B0D2MZ4Y7Z?tag=eloabder-20&linkCode=osi&th=1&psc=1">View Product</a></div><div class="product"><a href="https://www.amazon.com/dp/B0C42HCM21?tag=eloabder-20&linkCode=osi&th=1&psc=1"><img src="https://m.media-amazon.com/images/I/31jk3lpoygL._SL500_.jpg" alt="Product Image"></a><p>Barnakl Ceiling Fan Filters | Activated Coconut Shell Carbon Filter | Easy-Stick Universal Ceiling Fan Air Filters | Unscented Ceiling Fan Blade Filters for Common Household Contaminants, (3-Count)</p><p>$19.99 ($6.66 / Count)</p><a href="https://www.amazon.com/dp/B0C42HCM21?tag=eloabder-20&linkCode=osi&th=1&psc=1">View Product</a></div>
<div class="product"><a href="https://www.amazon.com/dp/B08LZWP29P?tag=eloabder-20&linkCode=osi&th=1&psc=1"><img src="https://m.media-amazon.com/images/I/41NLuzzFW9L._SL500_.jpg" alt="Product Image"></a><p>Chromex Tankless Water Heater Descaling Solution | Highly Effective Descaler Restores Heating Efficiency, Quart, 32 fl oz (1)</p><p>$26.99</p><a href="https://www.amazon.com/dp/B08LZWP29P?tag=eloabder-20&linkCode=osi&th=1&psc=1">View Product</a></div>

<div class="product"><a href="https://www.amazon.com/dp/B005UO4OWQ?tag=eloabder-20&linkCode=osi&th=1&psc=1"><img src="https://m.media-amazon.com/images/I/41oQPKFofoL._SL500_.jpg" alt="Product Image"></a><p>Bissell 203-7458 Brushroll, Bg10/86T3, Black</p><p>$21.26 ($21.26 / Count)</p><a href="https://www.amazon.com/dp/B005UO4OWQ?tag=eloabder-20&linkCode=osi&th=1&psc=1">View Product</a></div>





















<div class="product"><a href="https://www.amazon.com/dp/B0014J7FUY?tag=eloabder-20&linkCode=osi&th=1&psc=1"><img src="https://m.media-amazon.com/images/I/31QrM+IPxOL._SL500_.jpg" alt="Product Image"></a><p>Urnex Grindz Professional Coffee Grinder Cleaning Tablets - 430 Grams - All Natural Food Safe Gluten Free - Cleans Burr and Casing - Help Extend Life of Your Grinder</p><p>$25.99 ($1.71 / Ounce)</p><a href="https://www.amazon.com/dp/B0014J7FUY?tag=eloabder-20&linkCode=osi&th=1&psc=1">View Product</a></div>



<div class="product"><a href="https://www.amazon.com/dp/B0CHW317SG?tag=eloabder-20&linkCode=osi&th=1&psc=1"><img src="https://m.media-amazon.com/images/I/41Qd5Iu3qBL._SL500_.jpg" alt="Product Image"></a><p>EUHOMY 55 Can Beverage Refrigerator cooler-Mini Fridge Glass Door for Beer Drinks Wines, Freestanding Beverage Fridge with Adjustable Shelves Blue LED for Home/Office/Dorm/Bar (1.3cu.ft)</p><p>$128.99</p><a href="https://www.amazon.com/dp/B0CHW317SG?tag=eloabder-20&linkCode=osi&th=1&psc=1">View Product</a></div>

<div class="product"><a href="https://www.amazon.com/dp/B099CN2MRK?tag=eloabder-20&linkCode=osi&th=1&psc=1"><img src="https://m.media-amazon.com/images/I/31CvUCIUX5L._SL500_.jpg" alt="Product Image"></a><p>Genuine PuroAir 240 Replacement Filter - Replacement HEPA Filter for PuroAir 240 Purifier - Captures up to 99% of Pollen, Smoke, Pollen, Dust and Common Household Pollutants</p><p>$48.00</p><a href="https://www.amazon.com/dp/B099CN2MRK?tag=eloabder-20&linkCode=osi&th=1&psc=1">View Product</a></div><div class="product"><a href="https://www.amazon.com/dp/B0055521W0?tag=eloabder-20&linkCode=osi&th=1&psc=1"><img src="https://m.media-amazon.com/images/I/41Hs7ixdyXL._SL500_.jpg" alt="Product Image"></a><p>GermGuardian Filter B HEPA Pure Genuine Air Purifier Replacement Filter, Removes 99.97% of Pollutants for AC4825, AC4300, AC4900, AC4825DLX, AC4850, CDAP4500, AP2200, Black/Yellow, FLT4825</p><p>$17.90 ($17.90 / Count)</p><a href="https://www.amazon.com/dp/B0055521W0?tag=eloabder-20&linkCode=osi&th=1&psc=1">View Product</a></div><div class="product"><a href="https://www.amazon.com/dp/B0BNMYKZPV?tag=eloabder-20&linkCode=osi&th=1&psc=1"><img src="https://m.media-amazon.com/images/I/41-K3mB6KkL._SL500_.jpg" alt="Product Image"></a><p>2 Pack True HEPA KILO Filter Compatible with Afloia KILO, KILOPLUS, KILOPRO, MIRO,MIRO PRO and MORENTO MR-Kilo, Kalo Air Purifier, 360Â° 3-Stage Filtration</p><p>$34.99 ($17.50 / Count)</p><a href="https://www.amazon.com/dp/B0BNMYKZPV?tag=eloabder-20&linkCode=osi&th=1&psc=1">View Product</a></div><div class="product"><a href="https://www.amazon.com/dp/B0D3M4Y9W7?tag=eloabder-20&linkCode=osi&th=1&psc=1"><img src="https://m.media-amazon.com/images/I/41tzW+mkZuL._SL500_.jpg" alt="Product Image"></a><p>Breshair 14 True HEPA Filter Replacement Compatible with PuroAir 240 Air Purifier, 3-in-1 Filtration System with Activated Carbon Filter, 2-Pack</p><p>$31.56 ($15.78 / Count)</p><a href="https://www.amazon.com/dp/B0D3M4Y9W7?tag=eloabder-20&linkCode=osi&th=1&psc=1">View Product</a></div><div class="product"><a href="https://www.amazon.com/dp/B0CB18MVX6?tag=eloabder-20&linkCode=osi&th=1&psc=1"><img src="https://m.media-amazon.com/images/I/519ZmmLOrzL._SL500_.jpg" alt="Product Image"></a><p>2 Pack 3-in-1 H13 True HEPA Replacement Filter Compatible with Pure Enrichment PureZone Air Purifier Part# PEAIRPLG</p><p>$23.99 ($12.00 / Count)</p><a href="https://www.amazon.com/dp/B0CB18MVX6?tag=eloabder-20&linkCode=osi&th=1&psc=1">View Product</a></div><div class="product"><a href="https://www.amazon.com/dp/B08JTZMRML?tag=eloabder-20&linkCode=osi&th=1&psc=1"><img src="https://m.media-amazon.com/images/I/51yx60sCjHL._SL500_.jpg" alt="Product Image"></a><p>6 Pack HPA300 HEPA Filter Replacement for Honeywell HPA300 Series Air Purifiers HPA300, HPA300VP, HPA304, HPA3300, Replace HRF-R3 (6 Ture HEPA R Replacement Filter + 8 Activated Carbon Pre-Filter)</p><p>$47.99 ($3.43 / Count)</p><a href="https://www.amazon.com/dp/B08JTZMRML?tag=eloabder-20&linkCode=osi&th=1&psc=1">View Product</a></div><div class="product"><a href="https://www.amazon.com/dp/B0CF1GLSYS?tag=eloabder-20&linkCode=osi&th=1&psc=1"><img src="https://m.media-amazon.com/images/I/41709EXRzXL._SL500_.jpg" alt="Product Image"></a><p>CHIVALZ 4 Pack HY4866 True HEPA Replacement Filters Compatible with MORENTO HY4866 Air Purifier, WESTHEY HY4866 Air Purifier and YIOU M1 Air Cleaner Purifier, Original Version</p><p>$39.99 ($10.00 / Count)</p><a href="https://www.amazon.com/dp/B0CF1GLSYS?tag=eloabder-20&linkCode=osi&th=1&psc=1">View Product</a></div>







<div class="product"><a href="https://www.amazon.com/dp/B0CYKMFKR9?tag=eloabder-20&linkCode=osi&th=1&psc=1"><img src="https://m.media-amazon.com/images/I/316zU-ozoxL._SL500_.jpg" alt="Product Image"></a><p>Air Purifier Replacement Filter for Space Heater Bladeless Fan</p><p>$29.99</p><a href="https://www.amazon.com/dp/B0CYKMFKR9?tag=eloabder-20&linkCode=osi&th=1&psc=1">View Product</a></div>
<div class="product"><a href="https://www.amazon.com/dp/B07MRH6VY7?tag=eloabder-20&linkCode=osi&th=1&psc=1"><img src="https://m.media-amazon.com/images/I/51g-nuN4A5L._SL500_.jpg" alt="Product Image"></a><p>Colorfullife Replacement Air Purifier Filter for Dyson Tower Purifier Pure Cool Link TP01, TP02, TP03, BP01, Compare to Part 968126-03ï¼Œ2 Pack</p><p>$26.99</p><a href="https://www.amazon.com/dp/B07MRH6VY7?tag=eloabder-20&linkCode=osi&th=1&psc=1">View Product</a></div><div class="product"><a href="https://www.amazon.com/dp/B07TX5SW7J?tag=eloabder-20&linkCode=osi&th=1&psc=1"><img src="https://m.media-amazon.com/images/I/512Kn+cPglL._SL500_.jpg" alt="Product Image"></a><p>TP01 HEPA Filter Replacement Compatible with Dyson Tower Purifier Pure Cool Link TP01, TP02, TP03, AM11, BP01 Models, Compare to Part # 968126-03 (Pack of 2)</p><p>$27.95 ($13.98 / Count)</p><a href="https://www.amazon.com/dp/B07TX5SW7J?tag=eloabder-20&linkCode=osi&th=1&psc=1">View Product</a></div><div class="product"><a href="https://www.amazon.com/dp/B0CC24GZGB?tag=eloabder-20&linkCode=osi&th=1&psc=1"><img src="https://m.media-amazon.com/images/I/41woNpZ9VgL._SL500_.jpg" alt="Product Image"></a><p>TP01 TP02 Filter Compatible with Dyson Pure Cool Link Purifying Tower Fan TP00 TP03 AM11 and Cool Me BP01 Personal Series, 360Â° Air Purifier Filter Replacement 968126-03, 1-Pack</p><p>$25.99</p><a href="https://www.amazon.com/dp/B0CC24GZGB?tag=eloabder-20&linkCode=osi&th=1&psc=1">View Product</a></div><div class="product"><a href="https://www.amazon.com/dp/B0CX23N2JJ?tag=eloabder-20&linkCode=osi&th=1&psc=1"><img src="https://m.media-amazon.com/images/I/3145hmd5j7L._SL500_.jpg" alt="Product Image"></a><p>Dreo Air Purifiers Replacement Filter, HEPA Filter for Dreo Purifier Tower Fan MC710S, with 2 Stage Filtration, Black, Standard(DR-HPA019)</p><p>$39.99</p><a href="https://www.amazon.com/dp/B0CX23N2JJ?tag=eloabder-20&linkCode=osi&th=1&psc=1">View Product</a></div>










<div class="product"><a href="https://www.amazon.com/dp/B001U0OJ7O?tag=eloabder-20&linkCode=osi&th=1&psc=1"><img src="https://m.media-amazon.com/images/I/41XEg3QV-wL._SL500_.jpg" alt="Product Image"></a><p>Whirlpool W10165294RB 15-Inch Plastic Trash Compactor ct, 60 Bags, Count</p><p>$48.34</p><a href="https://www.amazon.com/dp/B001U0OJ7O?tag=eloabder-20&linkCode=osi&th=1&psc=1">View Product</a></div><div class="product"><a href="https://www.amazon.com/dp/B0CC3V4ZZ4?tag=eloabder-20&linkCode=osi&th=1&psc=1"><img src="https://m.media-amazon.com/images/I/31bbvodHnjL._SL500_.jpg" alt="Product Image"></a><p>Waste Smasher- Hand-Held Manual Trash Compactor Dishwasher Safe Black</p><p>$24.95</p><a href="https://www.amazon.com/dp/B0CC3V4ZZ4?tag=eloabder-20&linkCode=osi&th=1&psc=1">View Product</a></div><div class="product"><a href="https://www.amazon.com/dp/B00IYO5914?tag=eloabder-20&linkCode=osi&th=1&psc=1"><img src="https://m.media-amazon.com/images/I/51SLpTXIYNL._SL500_.jpg" alt="Product Image"></a><p>Kitchen Master Super Strong Compactor Bags Pre Cuffed (12 Pack)</p><p>$34.95</p><a href="https://www.amazon.com/dp/B00IYO5914?tag=eloabder-20&linkCode=osi&th=1&psc=1">View Product</a></div><div class="product"><a href="https://www.amazon.com/dp/B075DJ4ZVQ?tag=eloabder-20&linkCode=osi&th=1&psc=1"><img src="https://m.media-amazon.com/images/I/51Vaek4I89L._SL500_.jpg" alt="Product Image"></a><p>Dano Pre-Cuffed Compactor Bags</p><p>$32.95 ($2.75 / Count)</p><a href="https://www.amazon.com/dp/B075DJ4ZVQ?tag=eloabder-20&linkCode=osi&th=1&psc=1">View Product</a></div><div class="product"><a href="https://www.amazon.com/dp/B0C2DCVCBJ?tag=eloabder-20&linkCode=osi&th=1&psc=1"><img src="https://m.media-amazon.com/images/I/51072CtaKuL._SL500_.jpg" alt="Product Image"></a><p>60-pack W10165294RB Trash Compactor Bags - leak-proof trash compactor bags for kitchen 60-ct 15 inches - Fits 15-inch Rectangular Drawer Compactors</p><p>$45.99 ($0.77 / Count)</p><a href="https://www.amazon.com/dp/B0C2DCVCBJ?tag=eloabder-20&linkCode=osi&th=1&psc=1">View Product</a></div><div class="product"><a href="https://www.amazon.com/dp/B001U0OJ7E?tag=eloabder-20&linkCode=osi&th=1&psc=1"><img src="https://m.media-amazon.com/images/I/41c0z26RyvL._SL500_.jpg" alt="Product Image"></a><p>Whirlpool W10165293RB Genuine OEM 60 Pack-Plastic Compactor Bags-18" Models â€“ 1394369, 4178058, 4318932, 4318933, 4318935, 4318937, 4318939, AH1964576, EA1964576, PS1964576</p><p>$48.64 ($0.81 / Count)</p><a href="https://www.amazon.com/dp/B001U0OJ7E?tag=eloabder-20&linkCode=osi&th=1&psc=1">View Product</a></div><div class="product"><a href="https://www.amazon.com/dp/B00W27J16S?tag=eloabder-20&linkCode=osi&th=1&psc=1"><img src="https://m.media-amazon.com/images/I/41RaOjAGlrL._SL500_.jpg" alt="Product Image"></a><p>Compactor Bags Pre Cuffed (50 Pack)</p><p>$84.95 ($1.70 / count)</p><a href="https://www.amazon.com/dp/B00W27J16S?tag=eloabder-20&linkCode=osi&th=1&psc=1">View Product</a></div><div class="product"><a href="https://www.amazon.com/dp/B00MOCYY2W?tag=eloabder-20&linkCode=osi&th=1&psc=1"><img src="https://m.media-amazon.com/images/I/41SH8mDsAnL._SL500_.jpg" alt="Product Image"></a><p>GE WX60X1 Genuine OEM Universal Trash Compactor Bags for GE Trash Compactors</p><p>$19.00</p><a href="https://www.amazon.com/dp/B00MOCYY2W?tag=eloabder-20&linkCode=osi&th=1&psc=1">View Product</a></div><div class="product"><a href="https://www.amazon.com/dp/B0D7SFSTNG?tag=eloabder-20&linkCode=osi&th=1&psc=1"><img src="https://m.media-amazon.com/images/I/41szt9tZJPL._SL500_.jpg" alt="Product Image"></a><p>4PCS Trash Compactor Charcoal Air Filter Fit for Whirlpool/KitchenAid/Maytag/Jenn-Air/Amana/Inglis/Magic Chef Trash Compactor, Replaces 4151750 554358 WP4151750 AP6009134 PS11742279</p><p>$23.59 ($5.90 / Count)</p><a href="https://www.amazon.com/dp/B0D7SFSTNG?tag=eloabder-20&linkCode=osi&th=1&psc=1">View Product</a></div>
<div class="product"><a href="https://www.amazon.com/dp/B0CGLX5ZB9?tag=eloabder-20&linkCode=osi&th=1&psc=1"><img src="https://m.media-amazon.com/images/I/51qeRZQS98L._SL500_.jpg" alt="Product Image"></a><p>Spare Replacement Parts Compatible with MAMNV BR150 BR151, ZCWA BR150 BR151, MANVINS G20 Robot Vacuum and Mop Combo Accessories Include: 3 Hepa Filters 3 Mop Pads 6 Side Spin Brushes</p><p>$9.98</p><a href="https://www.amazon.com/dp/B0CGLX5ZB9?tag=eloabder-20&linkCode=osi&th=1&psc=1">View Product</a></div><div class="product"><a href="https://www.amazon.com/dp/B0B28DGZBG?tag=eloabder-20&linkCode=osi&th=1&psc=1"><img src="https://m.media-amazon.com/images/I/51ooMN4RqML._SL500_.jpg" alt="Product Image"></a><p>Replacement Parts for Shark AI AV2511AE AV2501S AV2610WA AV2501AE RV2502AE RV2610WA RV2520 AV2510 2-In-1 AI Ultra Robot Vacuum Cleaner Accessories Kits. Main Brush, HEPA Filter, Foam Filter,Side Brush</p><p>$19.99 ($1.05 / Count)</p><a href="https://www.amazon.com/dp/B0B28DGZBG?tag=eloabder-20&linkCode=osi&th=1&psc=1">View Product</a></div><div class="product"><a href="https://www.amazon.com/dp/B0782T7L6P?tag=eloabder-20&linkCode=osi&th=1&psc=1"><img src="https://m.media-amazon.com/images/I/41hTVkuzMJL._SL500_.jpg" alt="Product Image"></a><p>10pcs HEPA Filters Replacement for ILIFE V3s V3s pro V5 V5s V5s Pro V5s Pro 2 V5s Plus Noisz S5 Robotic Vacuum Cleaner ILIFE V3s pro Filters ILIFE Robot Vacuum Filter</p><p>$9.80 ($0.98 / Count)</p><a href="https://www.amazon.com/dp/B0782T7L6P?tag=eloabder-20&linkCode=osi&th=1&psc=1">View Product</a></div><div class="product"><a href="https://www.amazon.com/dp/B0CXLVHTTC?tag=eloabder-20&linkCode=osi&th=1&psc=1"><img src="https://m.media-amazon.com/images/I/51BT3phYzKL._SL500_.jpg" alt="Product Image"></a><p>HUIZHEN Spare Accessories for MAMNV BR150/BR151, for ZCWA BR150/BR151, for MANVINS G20,for GTTVO BR150/BR151,for ONSON BR150/BR151 Robot Vacuum Replacement Parts,6 Side Brush,4 HEPA Filters,4 Mop Pads</p><p>$9.99</p><a href="https://www.amazon.com/dp/B0CXLVHTTC?tag=eloabder-20&linkCode=osi&th=1&psc=1">View Product</a></div><div class="product"><a href="https://www.amazon.com/dp/B08RYDDQL8?tag=eloabder-20&linkCode=osi&th=1&psc=1"><img src="https://m.media-amazon.com/images/I/314Xd7+oBXL._SL500_.jpg" alt="Product Image"></a><p>AirClean 4 Pack 3.7" High Replacement Base Pre-Motor Foam Filters Compatible with Shark IQ Robot Vacuum R101AE RV1001AE UR1005AE Self-Empty Base</p><p>$12.99 ($3.25 / Count)</p><a href="https://www.amazon.com/dp/B08RYDDQL8?tag=eloabder-20&linkCode=osi&th=1&psc=1">View Product</a></div><div class="product"><a href="https://www.amazon.com/dp/B0CJLHJ557?tag=eloabder-20&linkCode=osi&th=1&psc=1"><img src="https://m.media-amazon.com/images/I/41iQm8hUjiL._SL500_.jpg" alt="Product Image"></a><p>Replacement Parts Compatible with WYZE Robot Vacuum Cleaner WVCR200S Accessories, 2 Main Brushes, 6 Hepa Filters, 8 Side Brushes Attachment Spare Pack</p><p>$14.99 ($0.94 / Count)</p><a href="https://www.amazon.com/dp/B0CJLHJ557?tag=eloabder-20&linkCode=osi&th=1&psc=1">View Product</a></div>
<div class="product"><a href="https://www.amazon.com/dp/B0C4595Q8P?tag=eloabder-20&linkCode=osi&th=1&psc=1"><img src="https://m.media-amazon.com/images/I/51k23SAtRxL._SL500_.jpg" alt="Product Image"></a><p>4 Pack FSV001 HEPA Filter Compatiable with Fabuletta FSV101, FSV001, Girnoor G160&G165, Afoddon A300, Lubluelu 202, Oraimo Cordless Vacuum Cleaner, Besswin W26 Cordless Stick Vacuum Cleaners</p><p>$15.99 ($4.00 / Count)</p><a href="https://www.amazon.com/dp/B0C4595Q8P?tag=eloabder-20&linkCode=osi&th=1&psc=1">View Product</a></div>
<div class="product"><a href="https://www.amazon.com/dp/B0BNKJX96X?tag=eloabder-20&linkCode=osi&th=1&psc=1"><img src="https://m.media-amazon.com/images/I/41OPeLFppoL._SL500_.jpg" alt="Product Image"></a><p>6 PACK 2033 Replacement Filter Compatible with Bissell Featherweight Stick Lightweight Bagless Vacuum Cleaner 20331, 20333, 20334, 20336, 20339, 2033M,6 Mesh Filter 6 Foam Filters, Replace # 1611508</p><p>$14.99 ($2.50 / Count)</p><a href="https://www.amazon.com/dp/B0BNKJX96X?tag=eloabder-20&linkCode=osi&th=1&psc=1">View Product</a></div><div class="product"><a href="https://www.amazon.com/dp/B0CMBWLTSM?tag=eloabder-20&linkCode=osi&th=1&psc=1"><img src="https://m.media-amazon.com/images/I/41PHqKaLTDL._SL500_.jpg" alt="Product Image"></a><p>18V ONE + Cordless Pet Stick Vacuum Filter for Ryobi, PCL720, PBLSV716, PBLSV717 Stick Vacuum, Reusable Washable Filters, Compare to Part A32SV720N, 6 Pack</p><p>$15.99 ($2.66 / Count)</p><a href="https://www.amazon.com/dp/B0CMBWLTSM?tag=eloabder-20&linkCode=osi&th=1&psc=1">View Product</a></div><div class="product"><a href="https://www.amazon.com/dp/B0CXDYWWT9?tag=eloabder-20&linkCode=osi&th=1&psc=1"><img src="https://m.media-amazon.com/images/I/41F1csTT8jL._SL500_.jpg" alt="Product Image"></a><p>2 Replacement Filters for Craftsman V20 Cordless Stick Vacuum CMCVS001D1, for Black Decker BSVF1 BSV2020 BSV2020G BSV2020P Cordless Stick Vacuum Cleaner with 1 Cleaning Brush</p><p>$14.99</p><a href="https://www.amazon.com/dp/B0CXDYWWT9?tag=eloabder-20&linkCode=osi&th=1&psc=1">View Product</a></div><div class="product"><a href="https://www.amazon.com/dp/B0CCJ5N5DH?tag=eloabder-20&linkCode=osi&th=1&psc=1"><img src="https://m.media-amazon.com/images/I/41xmhDPqk8L._SL500_.jpg" alt="Product Image"></a><p>Aolleteau 1 Pack Brush Roller Compatible with Black + Decker BSV2020, BSV2020P, BSV2020G Powerseries Extreme Cordless Stick Vacuum and Compatible with Craftsman V20 Cordless Stick Vacuum CMCVS001D1</p><p>$17.99</p><a href="https://www.amazon.com/dp/B0CCJ5N5DH?tag=eloabder-20&linkCode=osi&th=1&psc=1">View Product</a></div><div class="product"><a href="https://www.amazon.com/dp/B0CQY61LFD?tag=eloabder-20&linkCode=osi&th=1&psc=1"><img src="https://m.media-amazon.com/images/I/31swBBC444L._SL500_.jpg" alt="Product Image"></a><p>Tablenco for Shark HZ602 Filter Replacement Ultralight Pet Pro Corded Stick Vacuum and HZ2002 Vertex DuoClean PowerFins fit HZ2000 HZ251 HZ250 HH200 HH202,4 Foam Felt 4 Motor Kit (No cleaning brush)</p><p>$9.98</p><a href="https://www.amazon.com/dp/B0CQY61LFD?tag=eloabder-20&linkCode=osi&th=1&psc=1">View Product</a></div><div class="product"><a href="https://www.amazon.com/dp/B09Q55KW8W?tag=eloabder-20&linkCode=osi&th=1&psc=1"><img src="https://m.media-amazon.com/images/I/51MKsJy6nSL._SL500_.jpg" alt="Product Image"></a><p>Anicell 2033 Featherweight Filter for Bissell Featherweight Stick Lightweight Bagless Vacuum 20331 20333 20334 20336 20339 2033M, 4 Mesh Filters 6 Foam Filters Replacement, Replace part# 1611508</p><p>$11.99</p><a href="https://www.amazon.com/dp/B09Q55KW8W?tag=eloabder-20&linkCode=osi&th=1&psc=1">View Product</a></div><div class="product"><a href="https://www.amazon.com/dp/B0CDVG7LHD?tag=eloabder-20&linkCode=osi&th=1&psc=1"><img src="https://m.media-amazon.com/images/I/41hjN1Te6sL._SL500_.jpg" alt="Product Image"></a><p>Moreffi 3 Pack Filter Replacement For HART Cordless Stick Vacuum HPSV01 and HPSV50, Compare to Part Number HASV01</p><p>$19.99 ($6.66 / Count)</p><a href="https://www.amazon.com/dp/B0CDVG7LHD?tag=eloabder-20&linkCode=osi&th=1&psc=1">View Product</a></div>
<div class="product"><a href="https://www.amazon.com/dp/B07DQ9TZC8?tag=eloabder-20&linkCode=osi&th=1&psc=1"><img src="https://m.media-amazon.com/images/I/41PHyZ20FuL._SL500_.jpg" alt="Product Image"></a><p>Kenmore 53294 Style O HEPA Cloth Vacuum Bags for Kenmore Upright Vacuum Cleaners 6 Pack,White</p><p>$20.99 ($3.50 / Count)</p><a href="https://www.amazon.com/dp/B07DQ9TZC8?tag=eloabder-20&linkCode=osi&th=1&psc=1">View Product</a></div><div class="product"><a href="https://www.amazon.com/dp/B08MXVTTT2?tag=eloabder-20&linkCode=osi&th=1&psc=1"><img src="https://m.media-amazon.com/images/I/41T6wRpIMzL._SL500_.jpg" alt="Product Image"></a><p>Kenmore IB600 HEPA Replacement Intuition Upright Vacuum Cleaner Bags for BU4022, BU4020, BU4018, BU4050, BU3040,White</p><p>$18.75</p><a href="https://www.amazon.com/dp/B08MXVTTT2?tag=eloabder-20&linkCode=osi&th=1&psc=1">View Product</a></div><div class="product"><a href="https://www.amazon.com/dp/B01010JVYO?tag=eloabder-20&linkCode=osi&th=1&psc=1"><img src="https://m.media-amazon.com/images/I/51Anluh47GL._SL500_.jpg" alt="Product Image"></a><p>EnviroCare Replacement Micro Filtration Vacuum Cleaner Dust Bags Designed to fit Hoover Windtunnel Upright Type Y 9 pack</p><p>$9.89 ($1.10 / Count)</p><a href="https://www.amazon.com/dp/B01010JVYO?tag=eloabder-20&linkCode=osi&th=1&psc=1">View Product</a></div><div class="product"><a href="https://www.amazon.com/dp/B0D5CP3WBY?tag=eloabder-20&linkCode=osi&th=1&psc=1"><img src="https://m.media-amazon.com/images/I/31MaGmsVOwL._SL500_.jpg" alt="Product Image"></a><p>Bagless Upright Kenmore Vacuum HEPA Filters, Compatible with Foam Filters, Felt Filters and Upright vacuum cleaner for Models K4010,DU2015,DU2012(includes 1 Hepa Filters,2 Foam and 2 Felt Filters)</p><p>$12.99</p><a href="https://www.amazon.com/dp/B0D5CP3WBY?tag=eloabder-20&linkCode=osi&th=1&psc=1">View Product</a></div><div class="product"><a href="https://www.amazon.com/dp/B0CBFV28WX?tag=eloabder-20&linkCode=osi&th=1&psc=1"><img src="https://m.media-amazon.com/images/I/51LIYI0wXSL._SL500_.jpg" alt="Product Image"></a><p>16 Packs Vacuum Bags for Oreck Type CC, Compatible with All Oreck XL Upright Vacuum Cleaner - Replaces Part # CCPK8DW</p><p>$21.99 ($1.37 / Count)</p><a href="https://www.amazon.com/dp/B0CBFV28WX?tag=eloabder-20&linkCode=osi&th=1&psc=1">View Product</a></div><div class="product"><a href="https://www.amazon.com/dp/B00F9GQMHA?tag=eloabder-20&linkCode=osi&th=1&psc=1"><img src="https://m.media-amazon.com/images/I/51lhelurelL._SL500_.jpg" alt="Product Image"></a><p>EnviroCare Replacement Premium Vacuum Cleaner Dust Bags made to fit Eureka F&G Uprights 9 bags</p><p>$11.09</p><a href="https://www.amazon.com/dp/B00F9GQMHA?tag=eloabder-20&linkCode=osi&th=1&psc=1">View Product</a></div><div class="product"><a href="https://www.amazon.com/dp/B002CI8G1I?tag=eloabder-20&linkCode=osi&th=1&psc=1"><img src="https://m.media-amazon.com/images/I/51PYQrQpbSL._SL500_.jpg" alt="Product Image"></a><p>EnviroCare Replacement Micro Filtration Vacuum Cleaner Dust Bags made to fit Kenmore Upright Type U/L/O 50688 and 50690, Panasonic Type U-2, Miele Type Z. 9 pack</p><p>$9.99</p><a href="https://www.amazon.com/dp/B002CI8G1I?tag=eloabder-20&linkCode=osi&th=1&psc=1">View Product</a></div>
<div class="product"><a href="https://www.amazon.com/dp/B07GNQJ67P?tag=eloabder-20&linkCode=osi&th=1&psc=1"><img src="https://m.media-amazon.com/images/I/41XHnKbgjAL._SL500_.jpg" alt="Product Image"></a><p>Kenmore 53292 Type Q HEPA Replacement Dust Bags for Canister Vacuum 81214, 81414, 81714, 21814, BC2005, BC3005, 81615, BC7005, 6 Count (Pack of 1)</p><p>$13.24 ($2.21 / Count)</p><a href="https://www.amazon.com/dp/B07GNQJ67P?tag=eloabder-20&linkCode=osi&th=1&psc=1">View Product</a></div><div class="product"><a href="https://www.amazon.com/dp/B01L0C0FVK?tag=eloabder-20&linkCode=osi&th=1&psc=1"><img src="https://m.media-amazon.com/images/I/51ZIjbo9NVL._SL500_.jpg" alt="Product Image"></a><p>Envirocare Replacement Vacuum Bags Compatible with Kenmore Canister Type C/Q. 5055, 50557 and 50558 Panasonic Type C-5 Vacuums,15 pack</p><p>$16.16</p><a href="https://www.amazon.com/dp/B01L0C0FVK?tag=eloabder-20&linkCode=osi&th=1&psc=1">View Product</a></div><div class="product"><a href="https://www.amazon.com/dp/B0BTRTP2PM?tag=eloabder-20&linkCode=osi&th=1&psc=1"><img src="https://m.media-amazon.com/images/I/41K295aRv9L._SL500_.jpg" alt="Product Image"></a><p>Vacuum Cleaner Bags Fit for Kenmore Canister Type C/Q 50555 50557 50558 and Type C-5, 10PCs</p><p>$15.99</p><a href="https://www.amazon.com/dp/B0BTRTP2PM?tag=eloabder-20&linkCode=osi&th=1&psc=1">View Product</a></div><div class="product"><a href="https://www.amazon.com/dp/B0CRQYGLZX?tag=eloabder-20&linkCode=osi&th=1&psc=1"><img src="https://m.media-amazon.com/images/I/413iXp+j3ML._SL500_.jpg" alt="Product Image"></a><p>15 Pack Canister Vacuum Cleaner Bags Compatible with Kenmore Canister Type C/Q 5055, 50555, 50557, 50558 and Type C-5, C-18, 53292, 200 Series, 400 Series, 600 Series, 700 Series, 800 Series Vacuum</p><p>$11.69</p><a href="https://www.amazon.com/dp/B0CRQYGLZX?tag=eloabder-20&linkCode=osi&th=1&psc=1">View Product</a></div><div class="product"><a href="https://www.amazon.com/dp/B00QGD3SBI?tag=eloabder-20&linkCode=osi&th=1&psc=1"><img src="https://m.media-amazon.com/images/I/51xw0asyqTL._SL500_.jpg" alt="Product Image"></a><p>EnviroCare Replacement Vacuum Bags made to fit Kenmore Canister Type C or Q 50555, 50558, 50557 and Panasonic Type C-5 Vacuums, 9 pack</p><p>$9.79</p><a href="https://www.amazon.com/dp/B00QGD3SBI?tag=eloabder-20&linkCode=osi&th=1&psc=1">View Product</a></div><div class="product"><a href="https://www.amazon.com/dp/B0CQP9NP5N?tag=eloabder-20&linkCode=osi&th=1&psc=1"><img src="https://m.media-amazon.com/images/I/41WnNkTz8zL._SL500_.jpg" alt="Product Image"></a><p>8 Pack Replacement Vacuum Bags Compatible with Kenmore Canister Type C/Q. 5055, 50104, 50557 and 50558 Panasonic Type C-5 Vacuums</p><p>$9.99 ($1.25 / Count)</p><a href="https://www.amazon.com/dp/B0CQP9NP5N?tag=eloabder-20&linkCode=osi&th=1&psc=1">View Product</a></div>
<div class="product"><a href="https://www.amazon.com/dp/B09M3Y2BHR?tag=eloabder-20&linkCode=osi&th=1&psc=1"><img src="https://m.media-amazon.com/images/I/31tevngai1L._SL500_.jpg" alt="Product Image"></a><p>Ymimi Vacuum Filter Compatible with Eureka WhirlWind Bagless Canister Vacuum Cleaner,Fits NEN110A,NEN110B,NEN110Dï¼ˆ2-Packï¼‰</p><p>$11.99 ($6.00 / Count)</p><a href="https://www.amazon.com/dp/B09M3Y2BHR?tag=eloabder-20&linkCode=osi&th=1&psc=1">View Product</a></div><div class="product"><a href="https://www.amazon.com/dp/B07J1WWBHN?tag=eloabder-20&linkCode=osi&th=1&psc=1"><img src="https://m.media-amazon.com/images/I/51gmkDrnR2L._SL500_.jpg" alt="Product Image"></a><p>Bissell Powerforce Helix Bagless Washable Premotor Filter #1608225, Black</p><p>$7.78</p><a href="https://www.amazon.com/dp/B07J1WWBHN?tag=eloabder-20&linkCode=osi&th=1&psc=1">View Product</a></div><div class="product"><a href="https://www.amazon.com/dp/B0BK64TMMK?tag=eloabder-20&linkCode=osi&th=1&psc=1"><img src="https://m.media-amazon.com/images/I/41OBMvET7eL._SL500_.jpg" alt="Product Image"></a><p>Vacuum Belt Replacement for Bissell Cleanview Swivel Pet Upright Bagless/Powerlifter Vacuum Cleaner, fits model: 2252, 2254, 22543, 2258,2259, 2260,2316, 2739, 1793, Parts # 3031120, 32074</p><p>$6.99</p><a href="https://www.amazon.com/dp/B0BK64TMMK?tag=eloabder-20&linkCode=osi&th=1&psc=1">View Product</a></div><div class="product"><a href="https://www.amazon.com/dp/B0BKKL3WRB?tag=eloabder-20&linkCode=osi&th=1&psc=1"><img src="https://m.media-amazon.com/images/I/410jMe-FjIL._SL500_.jpg" alt="Product Image"></a><p>Aolleteau F1 HEPA Filter Compatible with Dirt Devil Bagless Upright Cleaner Models Extra Lite, Breeze, Featherlite Bagless, Jaguar Bagless,Platinum Force Vision, Scorpion and Vision Bagless (2 Pack)</p><p>$13.99 ($7.00 / Count)</p><a href="https://www.amazon.com/dp/B0BKKL3WRB?tag=eloabder-20&linkCode=osi&th=1&psc=1">View Product</a></div><div class="product"><a href="https://www.amazon.com/dp/B09SG1P4WN?tag=eloabder-20&linkCode=osi&th=1&psc=1"><img src="https://m.media-amazon.com/images/I/51+Mr+Wq5ML._SL500_.jpg" alt="Product Image"></a><p>NEN110A Vacuum Filter, Inlet Frame and Sponge Filter Compatible with Eureka Whirlwind Bagless Canister Vacuum Cleaner, Fits NEN110A, NEN110B, NEN110D(4-Pack)</p><p>$15.99 ($4.00 / Count)</p><a href="https://www.amazon.com/dp/B09SG1P4WN?tag=eloabder-20&linkCode=osi&th=1&psc=1">View Product</a></div>
<div class="product"><a href="https://www.amazon.com/dp/B07GT9VB9X?tag=eloabder-20&linkCode=osi&th=1&psc=1"><img src="https://m.media-amazon.com/images/I/41IokheYtNL._SL500_.jpg" alt="Product Image"></a><p>6 Pack 1940 Bissell Steam Mop Pads for Bissell PowerFresh Steam Mop 1806 1544 1440 2075A 2685A 1940W 19404 Series, Model 19402 19408 1940a 1940f 1940q 1940t B0006 B0017, Part #5938#203-2633</p><p>$16.99 ($2.83 / Count)</p><a href="https://www.amazon.com/dp/B07GT9VB9X?tag=eloabder-20&linkCode=osi&th=1&psc=1">View Product</a></div><div class="product"><a href="https://www.amazon.com/dp/B07H3MYZLD?tag=eloabder-20&linkCode=osi&th=1&psc=1"><img src="https://m.media-amazon.com/images/I/511p6MPxQ0L._SL500_.jpg" alt="Product Image"></a><p>Flammi Steam Pocket Mop Replacement Pads for Shark S3500 Series S3501 S3601 S3550 S3901 SE450 S3801CO S3601D S2901 S2902 Steam Pocket Mop, 4 Pack</p><p>$16.97 ($4.24 / Count)</p><a href="https://www.amazon.com/dp/B07H3MYZLD?tag=eloabder-20&linkCode=osi&th=1&psc=1">View Product</a></div><div class="product"><a href="https://www.amazon.com/dp/B0C8SH97HN?tag=eloabder-20&linkCode=osi&th=1&psc=1"><img src="https://m.media-amazon.com/images/I/31Mex4y7odL._SL500_.jpg" alt="Product Image"></a><p>HOMEXCEL Steam Mop Replacement Pads Compatible with Bissell Powerfresh Steam Mop 1940 1806 1440 1544 Series, Model 19402 19404 19408 2685A 2075A 1940A 1940Q 1940T 1940W, Steam Mop Pads Refills,4 Pack</p><p>$9.99 ($2.50 / Count)</p><a href="https://www.amazon.com/dp/B0C8SH97HN?tag=eloabder-20&linkCode=osi&th=1&psc=1">View Product</a></div><div class="product"><a href="https://www.amazon.com/dp/B0BFWTXS33?tag=eloabder-20&linkCode=osi&th=1&psc=1"><img src="https://m.media-amazon.com/images/I/51pa2h7o0EL._SL500_.jpg" alt="Product Image"></a><p>12 Pack 1940 Steam Mop Replacement Pads for Bissell Powerfresh Steam Mop 1940 1440 1806 1544 2075 2685A 2814 Series, Model 19402 19404 19408 19409 1940A 1940F 1940Q 1940T 1940W B0006 B0017 2075A 15441</p><p>$24.99</p><a href="https://www.amazon.com/dp/B0BFWTXS33?tag=eloabder-20&linkCode=osi&th=1&psc=1">View Product</a></div><div class="product"><a href="https://www.amazon.com/dp/B0CLP5QGTY?tag=eloabder-20&linkCode=osi&th=1&psc=1"><img src="https://m.media-amazon.com/images/I/414HqpKde9L._SL500_.jpg" alt="Product Image"></a><p>10 Pack 1940 1806 2685A Steam Mop Pads For Bissell Powerfresh Steam Mop Deluxe Pet Lift-Off Plus Slim Scrubbing Steam Mop Replacement Pad 1940A 2814 1544A 2075A Power Fresh Steamer Pad Refill Washable</p><p>$22.99 ($2.30 / Count)</p><a href="https://www.amazon.com/dp/B0CLP5QGTY?tag=eloabder-20&linkCode=osi&th=1&psc=1">View Product</a></div><div class="product"><a href="https://www.amazon.com/dp/B078BBKBPV?tag=eloabder-20&linkCode=osi&th=1&psc=1"><img src="https://m.media-amazon.com/images/I/51WcJqtOUIL._SL500_.jpg" alt="Product Image"></a><p>Tidy Monster Steam Mop Replacement Pads Compatible with Bissell Powerfresh Steam Mop 1940 1806 1544 1440 2075A 2685A Series, Part # 5938 & 203-2633, 1606668 & 1606669 (4 Pack Scrub Plush)</p><p>$9.99</p><a href="https://www.amazon.com/dp/B078BBKBPV?tag=eloabder-20&linkCode=osi&th=1&psc=1">View Product</a></div><div class="product"><a href="https://www.amazon.com/dp/B00A6G37SU?tag=eloabder-20&linkCode=osi&th=1&psc=1"><img src="https://m.media-amazon.com/images/I/51xo0LB-SpL._SL500_.jpg" alt="Product Image"></a><p>BISSELL PowerFresh Steam Mop Pads (Pack of 2) with Fragrance discs (4 ct), 5938</p><p>$21.26 ($10.63 / Count)</p><a href="https://www.amazon.com/dp/B00A6G37SU?tag=eloabder-20&linkCode=osi&th=1&psc=1">View Product</a></div>
<div class="product"><a href="https://www.amazon.com/dp/B0D2QFVY7H?tag=eloabder-20&linkCode=osi&th=1&psc=1"><img src="https://m.media-amazon.com/images/I/417B7H+vvML._SL500_.jpg" alt="Product Image"></a><p>Kenmore KS1010 Deep Clean & Revitalize Pet Carpet Cleaner Formula, 64 oz, White, 64 Fl Oz</p><p>$22.73 ($0.36 / Fl Oz)</p><a href="https://www.amazon.com/dp/B0D2QFVY7H?tag=eloabder-20&linkCode=osi&th=1&psc=1">View Product</a></div><div class="product"><a href="https://www.amazon.com/dp/B0BNK8ZJJ1?tag=eloabder-20&linkCode=osi&th=1&psc=1"><img src="https://m.media-amazon.com/images/I/51z0Pc4xcNL._SL500_.jpg" alt="Product Image"></a><p>Bissell Spotlifter Pet Carpet and Upholstery Cleaner with Brush Head - 4 Pack, 93523</p><p>$23.88 ($0.50 / Fl Oz)</p><a href="https://www.amazon.com/dp/B0BNK8ZJJ1?tag=eloabder-20&linkCode=osi&th=1&psc=1">View Product</a></div><div class="product"><a href="https://www.amazon.com/dp/B0CX245D26?tag=eloabder-20&linkCode=osi&th=1&psc=1"><img src="https://m.media-amazon.com/images/I/411CSXvvO1L._SL500_.jpg" alt="Product Image"></a><p>BISSELLÂ® Spot & Stain with Febreze + Gain Original Scent Formula for Little Green Devices, Portable Carpet Cleaners (3968)</p><p>$12.99 ($0.41 / Fl Oz)</p><a href="https://www.amazon.com/dp/B0CX245D26?tag=eloabder-20&linkCode=osi&th=1&psc=1">View Product</a></div><div class="product"><a href="https://www.amazon.com/dp/B083VZW4R5?tag=eloabder-20&linkCode=osi&th=1&psc=1"><img src="https://m.media-amazon.com/images/I/413BULPLmBL._SL500_.jpg" alt="Product Image"></a><p>BISSELL Multi-Surface Pet Formula with Febreze Freshness for Crosswave (80 oz), 2295L</p><p>$22.99 ($0.29 / Fl Oz)</p><a href="https://www.amazon.com/dp/B083VZW4R5?tag=eloabder-20&linkCode=osi&th=1&psc=1">View Product</a></div><div class="product"><a href="https://www.amazon.com/dp/B0D2RGW219?tag=eloabder-20&linkCode=osi&th=1&psc=1"><img src="https://m.media-amazon.com/images/I/41gD+82tnAL._SL500_.jpg" alt="Product Image"></a><p>Vacmaster Clean & Restore Carpet Cleaner Formula â€“ CCS03</p><p>$19.99 ($0.31 / Fl Oz)</p><a href="https://www.amazon.com/dp/B0D2RGW219?tag=eloabder-20&linkCode=osi&th=1&psc=1">View Product</a></div>






<div class="product"><a href="https://www.amazon.com/dp/B0BY64HQTP?tag=eloabder-20&linkCode=osi&th=1&psc=1"><img src="https://m.media-amazon.com/images/I/41hUxHuASYL._SL500_.jpg" alt="Product Image"></a><p>Air Conditioning Motor WZDK13-38G-1(RD-310-13-8) DC Brushless Fan Motor, 13W Inverter air Conditioner Motor DC Motor for Central air Conditioner</p><p>$39.95</p><a href="https://www.amazon.com/dp/B0BY64HQTP?tag=eloabder-20&linkCode=osi&th=1&psc=1">View Product</a></div><div class="product"><a href="https://www.amazon.com/dp/B0CM5YB884?tag=eloabder-20&linkCode=osi&th=1&psc=1"><img src="https://m.media-amazon.com/images/I/310lQ2tAvLL._SL500_.jpg" alt="Product Image"></a><p>Sparkfix OEM WZDK20-38G (ZKFP-20-8-6) Air Conditioner Replacement Motors DC280V 20W Air Conditioning Fan Motor Inverter Air Conditioner Brushless DC Motor 1300RPM CCW</p><p>$42.79</p><a href="https://www.amazon.com/dp/B0CM5YB884?tag=eloabder-20&linkCode=osi&th=1&psc=1">View Product</a></div>













<div class="product"><a href="https://www.amazon.com/dp/B009PCI2JU?tag=eloabder-20&linkCode=osi&th=1&psc=1"><img src="https://m.media-amazon.com/images/I/310ZJurANUL._SL500_.jpg" alt="Product Image"></a><p>GE RPWFE Refrigerator Water Filter | Certified to Reduce Lead, Sulfur, and 50+ Other Impurities | Replace Every 6 Months for Best Results | Pack of 1</p><p>$49.98</p><a href="https://www.amazon.com/dp/B009PCI2JU?tag=eloabder-20&linkCode=osi&th=1&psc=1">View Product</a></div><div class="product"><a href="https://www.amazon.com/dp/B0882ZJ48W?tag=eloabder-20&linkCode=osi&th=1&psc=1"><img src="https://m.media-amazon.com/images/I/41110o9sUoL._SL500_.jpg" alt="Product Image"></a><p>GE XWFE Refrigerator Water Filter | Certified to Reduce Lead, Sulfur, and 50+ Other Impurities | Replace Every 6 Months for Best Results | Pack of 1, White</p><p>$49.00</p><a href="https://www.amazon.com/dp/B0882ZJ48W?tag=eloabder-20&linkCode=osi&th=1&psc=1">View Product</a></div><div class="product"><a href="https://www.amazon.com/dp/B074HLRXMP?tag=eloabder-20&linkCode=osi&th=1&psc=1"><img src="https://m.media-amazon.com/images/I/21oDpGCQXiL._SL500_.jpg" alt="Product Image"></a><p>LG LT1000P - 6 Month / 200 Gallon Capacity Replacement Refrigerator Water Filter (NSF42, NSF53, and NSF401) ADQ74793501, ADQ75795105, or AGF80300704 , White</p><p>$47.00</p><a href="https://www.amazon.com/dp/B074HLRXMP?tag=eloabder-20&linkCode=osi&th=1&psc=1">View Product</a></div><div class="product"><a href="https://www.amazon.com/dp/B01BKWSHHE?tag=eloabder-20&linkCode=osi&th=1&psc=1"><img src="https://m.media-amazon.com/images/I/31E2+zlkvjL._SL500_.jpg" alt="Product Image"></a><p>Frigidaire EPTWFU01 Water Filtration Filter, 1 Count, White</p><p>$42.99</p><a href="https://www.amazon.com/dp/B01BKWSHHE?tag=eloabder-20&linkCode=osi&th=1&psc=1">View Product</a></div><div class="product"><a href="https://www.amazon.com/dp/B08V6JB9R7?tag=eloabder-20&linkCode=osi&th=1&psc=1"><img src="https://m.media-amazon.com/images/I/31PRPEffCZL._SL500_.jpg" alt="Product Image"></a><p>Frigidaire FPPWFU01 PurePour PWF-1 Water Filter 1 Count (Pack of 1)</p><p>$45.81</p><a href="https://www.amazon.com/dp/B08V6JB9R7?tag=eloabder-20&linkCode=osi&th=1&psc=1">View Product</a></div><div class="product"><a href="https://www.amazon.com/dp/B000AST3AK?tag=eloabder-20&linkCode=osi&th=1&psc=1"><img src="https://m.media-amazon.com/images/I/41DUoSxpwTS._SL500_.jpg" alt="Product Image"></a><p>GE MWF Refrigerator Water Filter | Certified to Reduce Lead, Sulfur, and 50+ Other Impurities | Replace Every 6 Months for Best Results | Pack of 1</p><p>$39.98</p><a href="https://www.amazon.com/dp/B000AST3AK?tag=eloabder-20&linkCode=osi&th=1&psc=1">View Product</a></div><div class="product"><a href="https://www.amazon.com/dp/B0CFZR7K8D?tag=eloabder-20&linkCode=osi&th=1&psc=1"><img src="https://m.media-amazon.com/images/I/31WM5sdhKLL._SL500_.jpg" alt="Product Image"></a><p>HMASAV W10295370A water filter replacement, Compatible with EDR1RXD1,EDR1RXD1B,W10295370,Filter 1,WHR1RXD1,KAD1RXD1,P4RFWB,P8RFWB2L,46-9930,46-9081 2PACK</p><p>$29.99 ($15.00 / Count)</p><a href="https://www.amazon.com/dp/B0CFZR7K8D?tag=eloabder-20&linkCode=osi&th=1&psc=1">View Product</a></div><div class="product"><a href="https://www.amazon.com/dp/B07JM9TTTT?tag=eloabder-20&linkCode=osi&th=1&psc=1"><img src="https://m.media-amazon.com/images/I/41CfAtJ8TPL._SL500_.jpg" alt="Product Image"></a><p>GLACIER FRESH LT1000PC Replacement Water Filter, Compatible with LT1000PC/PCS, LT1000PC, LT-1000PC, MDJ64844601, ADQ747935 ADQ74793504 Filter and LT120F ADQ73334008 Fresh Air (3+3)</p><p>$39.99 ($13.33 / Count)</p><a href="https://www.amazon.com/dp/B07JM9TTTT?tag=eloabder-20&linkCode=osi&th=1&psc=1">View Product</a></div><div class="product"><a href="https://www.amazon.com/dp/B003N1ZSYG?tag=eloabder-20&linkCode=osi&th=1&psc=1"><img src="https://m.media-amazon.com/images/I/31Mbrkrxu1L._SL500_.jpg" alt="Product Image"></a><p>SAMSUNG Genuine Filter for Refrigerator Water and Ice, Carbon Block Filtration for Clean, Clear Drinking Water, 6-Month Life, HAF-CIN/EXP, 1 Pack</p><p>$39.99</p><a href="https://www.amazon.com/dp/B003N1ZSYG?tag=eloabder-20&linkCode=osi&th=1&psc=1">View Product</a></div>









<div class="product"><a href="https://www.amazon.com/dp/B0B2NZ47HN?tag=eloabder-20&linkCode=osi&th=1&psc=1"><img src="https://m.media-amazon.com/images/I/41nC6c2XxJL._SL500_.jpg" alt="Product Image"></a><p>OTE Portable Sparkling Water Maker Soda Maker Machine for home with 20PCS Cylinders 450ml Personal seltzer Carbonators Electroless Double Layer PET Bottle BPA Free Double Pressure Relief Valves -Pink</p><p>$49.99</p><a href="https://www.amazon.com/dp/B0B2NZ47HN?tag=eloabder-20&linkCode=osi&th=1&psc=1">View Product</a></div><div class="product"><a href="https://www.amazon.com/dp/B09DY54L7M?tag=eloabder-20&linkCode=osi&th=1&psc=1"><img src="https://m.media-amazon.com/images/I/31LSpnm3G8L._SL500_.jpg" alt="Product Image"></a><p>MOSOLAN Bottle Cleaning Brush, 17 Inches Extra Long Handle Water Bottle Brush, Flexible Bendable Cleaner for Washing Narrow Neck Bottles, Wine Decanter, Kombucha, Pipes, Beer Brewing Supplies, 2 Pack</p><p>$11.95 ($5.98 / Count)</p><a href="https://www.amazon.com/dp/B09DY54L7M?tag=eloabder-20&linkCode=osi&th=1&psc=1">View Product</a></div><div class="product"><a href="https://www.amazon.com/dp/B0736CBNDN?tag=eloabder-20&linkCode=osi&th=1&psc=1"><img src="https://m.media-amazon.com/images/I/41tWXmwP5KL._SL500_.jpg" alt="Product Image"></a><p>#2 Filter Pads (10 Pack Bulk) Compatible with Mini Jet Machine | #2 1.8-2.5 micron | 2 Micron Filtering pads. Filter Wine Beer, Kombucha, Mead Mash. Polishing filtration| Not a Buon Vino product.</p><p>$18.99</p><a href="https://www.amazon.com/dp/B0736CBNDN?tag=eloabder-20&linkCode=osi&th=1&psc=1">View Product</a></div>









<div class="product"><a href="https://www.amazon.com/dp/B07YGN577Y?tag=eloabder-20&linkCode=osi&th=1&psc=1"><img src="https://m.media-amazon.com/images/I/31kfZiyDMUL._SL500_.jpg" alt="Product Image"></a><p>9870163 Trash Power Nut WP9870163 L8</p><p>$50.36</p><a href="https://www.amazon.com/dp/B07YGN577Y?tag=eloabder-20&linkCode=osi&th=1&psc=1">View Product</a></div>

<div class="product"><a href="https://www.amazon.com/dp/B0CWQLM4C7?tag=eloabder-20&linkCode=osi&th=1&psc=1"><img src="https://m.media-amazon.com/images/I/41gTEIOjtlL._SL500_.jpg" alt="Product Image"></a><p>7" Seven Seconds Lazy Kitchen Food Making Tools - Multifunctional Fruit Vegetable Chopper Quick Garlic Peeling Machine Convenient Food Chopper for Slicing,Juice,Grinding</p><p>$32.99</p><a href="https://www.amazon.com/dp/B0CWQLM4C7?tag=eloabder-20&linkCode=osi&th=1&psc=1">View Product</a></div>







<div class="product"><a href="https://www.amazon.com/dp/B0CNKFM9WR?tag=eloabder-20&linkCode=osi&th=1&psc=1"><img src="https://m.media-amazon.com/images/I/31sGGIDic9L._SL500_.jpg" alt="Product Image"></a><p>hobbyme Pack of 4 Plastic Coffee Scoops with Brush & Espresso Grinder Brush for Ground Coffee Cleaning Tea Power Coffee Grinder Spoon</p><p>$6.49</p><a href="https://www.amazon.com/dp/B0CNKFM9WR?tag=eloabder-20&linkCode=osi&th=1&psc=1">View Product</a></div>





<div class="product"><a href="https://www.amazon.com/dp/B07798328B?tag=eloabder-20&linkCode=osi&th=1&psc=1"><img src="https://m.media-amazon.com/images/I/31Vpin+sgUS._SL500_.jpg" alt="Product Image"></a><p>Prime-Line MP10513 Standard Plastic Ice Cube Trays (5 Pack)</p><p>$12.69</p><a href="https://www.amazon.com/dp/B07798328B?tag=eloabder-20&linkCode=osi&th=1&psc=1">View Product</a></div><div class="product"><a href="https://www.amazon.com/dp/B077965JDB?tag=eloabder-20&linkCode=osi&th=1&psc=1"><img src="https://m.media-amazon.com/images/I/31H1hNlH6RL._SL500_.jpg" alt="Product Image"></a><p>Prime-Line MP10863 Standard Plastic Ice Cube Trays (2 Pack)</p><p>$9.69</p><a href="https://www.amazon.com/dp/B077965JDB?tag=eloabder-20&linkCode=osi&th=1&psc=1">View Product</a></div>

<div class="product"><a href="https://www.amazon.com/dp/B08MPLY84K?tag=eloabder-20&linkCode=osi&th=1&psc=1"><img src="https://m.media-amazon.com/images/I/31kWTfzQJBL._SL500_.jpg" alt="Product Image"></a><p>Syntus Vacuum Sealer Bags, 6 Pack 3 Rolls 11" x 20' and 3 Rolls 8" x 20' Commercial Grade BPA Free Bag Rolls, Food Vac Bags for Storage, Meal Prep or Sous Vide</p><p>$19.99</p><a href="https://www.amazon.com/dp/B08MPLY84K?tag=eloabder-20&linkCode=osi&th=1&psc=1">View Product</a></div><div class="product"><a href="https://www.amazon.com/dp/B0C5BWRMQL?tag=eloabder-20&linkCode=osi&th=1&psc=1"><img src="https://m.media-amazon.com/images/I/41yPpkb6oeL._SL500_.jpg" alt="Product Image"></a><p>Bonsenkitchen Vacuum Sealer Rolls Bags, 6 Pack 3 Rolls 11" x 20' + 3 Rolls 8" x 20' Commercial Grade BPA Free Bag Rolls, Durable Customized Size Food Vac Bags for Storage and Sous Vide Cooking VB3211</p><p>$19.99 ($3.33 / Count)</p><a href="https://www.amazon.com/dp/B0C5BWRMQL?tag=eloabder-20&linkCode=osi&th=1&psc=1">View Product</a></div><div class="product"><a href="https://www.amazon.com/dp/B0C5C1JTC4?tag=eloabder-20&linkCode=osi&th=1&psc=1"><img src="https://m.media-amazon.com/images/I/31JpyYsm7YL._SL500_.jpg" alt="Product Image"></a><p>Bonsenkitchen Vacuum Food Sealer Bags 200 Quart 8" x 12", BPA Free, Commercial Grade Textured Food Vacuum Sealer Bag, Thick Embossed Bags for Food Storage and Sous Vide Cooking VB3208</p><p>$18.39 ($0.09 / Count)</p><a href="https://www.amazon.com/dp/B0C5C1JTC4?tag=eloabder-20&linkCode=osi&th=1&psc=1">View Product</a></div><div class="product"><a href="https://www.amazon.com/dp/B07TMZDGQ1?tag=eloabder-20&linkCode=osi&th=1&psc=1"><img src="https://m.media-amazon.com/images/I/31cRCu-JIsL._SL500_.jpg" alt="Product Image"></a><p>Wevac Vacuum Sealer Bags 11x50 Rolls 2 pack for Food Saver, Seal a Meal, Weston. Commercial Grade, BPA Free, Heavy Duty, Great for vac storage, Meal Prep or Sous Vide</p><p>$20.99 ($0.21 / Count)</p><a href="https://www.amazon.com/dp/B07TMZDGQ1?tag=eloabder-20&linkCode=osi&th=1&psc=1">View Product</a></div><div class="product"><a href="https://www.amazon.com/dp/B07TV4KRCL?tag=eloabder-20&linkCode=osi&th=1&psc=1"><img src="https://m.media-amazon.com/images/I/31uv3qtc9bL._SL500_.jpg" alt="Product Image"></a><p>Wevac Vacuum Sealer Bags 100 Gallon 11x16 Inch for Food Saver, Seal a Meal, Weston. Commercial Grade, BPA Free, Heavy Duty, Great for vac storage, Meal Prep and Sous Vide</p><p>$21.24</p><a href="https://www.amazon.com/dp/B07TV4KRCL?tag=eloabder-20&linkCode=osi&th=1&psc=1">View Product</a></div>


<div class="product"><a href="https://www.amazon.com/dp/B093G5XCVF?tag=eloabder-20&linkCode=osi&th=1&psc=1"><img src="https://m.media-amazon.com/images/I/313Cq6ASf0S._SL500_.jpg" alt="Product Image"></a><p>2 Multipurpose Pastry Brush Basting & Coffee Grinders Cleaning Brush Wooden Handle Natural Boar Bristles Baking Cooking Sauce egg wash Bakery Supply Espresso Bean Barista</p><p>$7.21</p><a href="https://www.amazon.com/dp/B093G5XCVF?tag=eloabder-20&linkCode=osi&th=1&psc=1">View Product</a></div><div class="product"><a href="https://www.amazon.com/dp/B07JGRYG31?tag=eloabder-20&linkCode=osi&th=1&psc=1"><img src="https://m.media-amazon.com/images/I/31nd-jhgzdL._SL500_.jpg" alt="Product Image"></a><p>Coffee Grinder Cleaning Brush + Coffee Brush Wood Handle & Natural Bristles Pastry Brush</p><p>$5.99</p><a href="https://www.amazon.com/dp/B07JGRYG31?tag=eloabder-20&linkCode=osi&th=1&psc=1">View Product</a></div><div class="product"><a href="https://www.amazon.com/dp/B0C53G4T7X?tag=eloabder-20&linkCode=osi&th=1&psc=1"><img src="https://m.media-amazon.com/images/I/21Hrgmpj8YL._SL500_.jpg" alt="Product Image"></a><p>Leadigol Cleaning Tool Coffee Machine Home Pastry Brush Multifunctional Wooden Handle Baking Soft Bristles Coffee Grinder Brush</p><p>$7.99</p><a href="https://www.amazon.com/dp/B0C53G4T7X?tag=eloabder-20&linkCode=osi&th=1&psc=1">View Product</a></div><div class="product"><a href="https://www.amazon.com/dp/B07W5WM2LF?tag=eloabder-20&linkCode=osi&th=1&psc=1"><img src="https://m.media-amazon.com/images/I/41-7fWE9tSL._SL500_.jpg" alt="Product Image"></a><p>Redecker Waffle Machine Brush with Oiled Beechwood Handle, Stiff Heat-resistant Tampico Fiber Bristles, 6-1/2 inches, Made in Germany</p><p>$21.99</p><a href="https://www.amazon.com/dp/B07W5WM2LF?tag=eloabder-20&linkCode=osi&th=1&psc=1">View Product</a></div>






Aucun rÃ©sultat trouvÃ©.


<div class="product"><a href="https://www.amazon.com/dp/B00LQKZQAW?tag=eloabder-20&linkCode=osi&th=1&psc=1"><img src="https://m.media-amazon.com/images/I/31nBii+cbiL._SL500_.jpg" alt="Product Image"></a><p>Electrolux 5308000716 Dish Replacement , White</p><p>$17.16</p><a href="https://www.amazon.com/dp/B00LQKZQAW?tag=eloabder-20&linkCode=osi&th=1&psc=1">View Product</a></div><div class="product"><a href="https://www.amazon.com/dp/B09BBPTSNK?tag=eloabder-20&linkCode=osi&th=1&psc=1"><img src="https://m.media-amazon.com/images/I/41kdVEnPDTL._SL500_.jpg" alt="Product Image"></a><p>Judeeâ€™s Butter Powder 5 lb - 100% Non-GMO and Keto-Friendly - rBST Hormone-Free - Gluten-Free and Nut-Free - Made from 100% Real Butter - Baking Ready Ingredient - Made in USA</p><p>$59.99 ($0.75 / Ounce)</p><a href="https://www.amazon.com/dp/B09BBPTSNK?tag=eloabder-20&linkCode=osi&th=1&psc=1">View Product</a></div>
<div class="product"><a href="https://www.amazon.com/dp/B0C1G9K19X?tag=eloabder-20&linkCode=osi&th=1&psc=1"><img src="https://m.media-amazon.com/images/I/41OVBrQ1wFL._SL500_.jpg" alt="Product Image"></a><p>Coffee Cup Design Coffee Filter Holder, Coffee Paper Rack Stand, Metal Coffee Filter Container Stand, Coffee Bar Accessories Vertical Paper Towel Napkin Holder for Cone Square Fan Shaped Size (Black)</p><p>$8.99</p><a href="https://www.amazon.com/dp/B0C1G9K19X?tag=eloabder-20&linkCode=osi&th=1&psc=1">View Product</a></div><div class="product"><a href="https://www.amazon.com/dp/B07TP1YN7G?tag=eloabder-20&linkCode=osi&th=1&psc=1"><img src="https://m.media-amazon.com/images/I/41BpYdpRyaL._SL500_.jpg" alt="Product Image"></a><p>CAFEMASY Coffee Filter Holder Storage Coffee Filter Paper Dispenser Rack with Dustproof Cover for V60 and Cone Coffee Filters</p><p>$9.99</p><a href="https://www.amazon.com/dp/B07TP1YN7G?tag=eloabder-20&linkCode=osi&th=1&psc=1">View Product</a></div><div class="product"><a href="https://www.amazon.com/dp/B0BFCTW7MY?tag=eloabder-20&linkCode=osi&th=1&psc=1"><img src="https://m.media-amazon.com/images/I/31s709IEZkL._SL500_.jpg" alt="Product Image"></a><p>Coffee Filter Holder, watchget Reusable Coffee Paper Filter Storage Bag for Cone-shaped Filter Papers V60 Waterproof Canvas Suitable for Outdoor Camping Traveling(02)</p><p>$11.99</p><a href="https://www.amazon.com/dp/B0BFCTW7MY?tag=eloabder-20&linkCode=osi&th=1&psc=1">View Product</a></div>





<div class="product"><a href="https://www.amazon.com/dp/B0CTJD9VK7?tag=eloabder-20&linkCode=osi&th=1&psc=1"><img src="https://m.media-amazon.com/images/I/31pqr-gIt8L._SL500_.jpg" alt="Product Image"></a><p>[4 Pack] Water Bottle Brush & Straw Cleaner Set,Stainless Steel Long Handle Baby Bottle Scrub Cleaning Brush for Sports Bottles, Cups, Dishes, Coffee Mugs, Glasswares, Tumblers, Wine Decanters</p><p>$6.50</p><a href="https://www.amazon.com/dp/B0CTJD9VK7?tag=eloabder-20&linkCode=osi&th=1&psc=1">View Product</a></div>




<div class="product"><a href="https://www.amazon.com/dp/B0BQSPKDN4?tag=eloabder-20&linkCode=osi&th=1&psc=1"><img src="https://m.media-amazon.com/images/I/416EnQJjKDL._SL500_.jpg" alt="Product Image"></a><p>Teflon Sheets for Baking (3-Pack) Bundled with ninja foodi air fryer liners (1-Pack) - Baking Sheets for Oven and Air Fryer Oven Mat 12" x 12" - Reusable & Heat Resistant</p><p>$9.99</p><a href="https://www.amazon.com/dp/B0BQSPKDN4?tag=eloabder-20&linkCode=osi&th=1&psc=1">View Product</a></div>




















<div class="product"><a href="https://www.amazon.com/dp/B00UTFZAII?tag=eloabder-20&linkCode=osi&th=1&psc=1"><img src="https://m.media-amazon.com/images/I/31z7hZ6KbXL._SL500_.jpg" alt="Product Image"></a><p>Miele 10123210 AirClean 3D Efficiency Dust Bag, Type GN, 4 Bags & 2 Filters, White</p><p>$21.86 ($21.86 / Count)</p><a href="https://www.amazon.com/dp/B00UTFZAII?tag=eloabder-20&linkCode=osi&th=1&psc=1">View Product</a></div><div class="product"><a href="https://www.amazon.com/dp/B07WHG6J5S?tag=eloabder-20&linkCode=osi&th=1&psc=1"><img src="https://m.media-amazon.com/images/I/41hnaEOxB9L._SL500_.jpg" alt="Product Image"></a><p>KEEPOW Vacuum Filters for Eureka, Power Speed Vacuum Filters Replacement for Eureka NEU182A, NEU182B, NEU280, NEU180, NEU181, NEU188, NEU202 Bagless Upright Vacuum Cleaner, Part E0202 (4 Pack)</p><p>$9.99 ($2.50 / Count)</p><a href="https://www.amazon.com/dp/B07WHG6J5S?tag=eloabder-20&linkCode=osi&th=1&psc=1">View Product</a></div><div class="product"><a href="https://www.amazon.com/dp/B00UTFZB82?tag=eloabder-20&linkCode=osi&th=1&psc=1"><img src="https://m.media-amazon.com/images/I/41WdlL5T0dL._SL500_.jpg" alt="Product Image"></a><p>Miele AirClean 3D Efficiency Dust Bag, Type FJM, 4 Bags & 2 Filters, White</p><p>$18.99</p><a href="https://www.amazon.com/dp/B00UTFZB82?tag=eloabder-20&linkCode=osi&th=1&psc=1">View Product</a></div><div class="product"><a href="https://www.amazon.com/dp/B09NKP346M?tag=eloabder-20&linkCode=osi&th=1&psc=1"><img src="https://m.media-amazon.com/images/I/41o25nqkODL._SL500_.jpg" alt="Product Image"></a><p>Anewise 6 Pack Filter Replacement for Bissell Powerforce Compact Lightweight Upright 2112 1520 for Bissel Turbo Bagless 2690 Cleanview 3437 3508 Vacuum Cleaner, Compare to Parts #1604896/160-4896</p><p>$12.99</p><a href="https://www.amazon.com/dp/B09NKP346M?tag=eloabder-20&linkCode=osi&th=1&psc=1">View Product</a></div><div class="product"><a href="https://www.amazon.com/dp/B01MQ5NITB?tag=eloabder-20&linkCode=osi&th=1&psc=1"><img src="https://m.media-amazon.com/images/I/41J6lG4H1bL._SL500_.jpg" alt="Product Image"></a><p>Bissell Style 7 3 Pack Vacuum Cleaner Bags, White, 3 Count</p><p>$8.69 ($2.90 / Count)</p><a href="https://www.amazon.com/dp/B01MQ5NITB?tag=eloabder-20&linkCode=osi&th=1&psc=1">View Product</a></div><div class="product"><a href="https://www.amazon.com/dp/B0CDH1JY5D?tag=eloabder-20&linkCode=osi&th=1&psc=1"><img src="https://m.media-amazon.com/images/I/516DPXu4siL._SL500_.jpg" alt="Product Image"></a><p>4 Pack Replacement Filters Compatiable with Wyze Cordless Vacuum Cleaner, Removable and Washable HEPA Filter Accessories Part Set with 1 Cleaning Brush for Wyze Handheld Cordless Vacuum Cleaner</p><p>$15.99 ($4.00 / Count)</p><a href="https://www.amazon.com/dp/B0CDH1JY5D?tag=eloabder-20&linkCode=osi&th=1&psc=1">View Product</a></div><div class="product"><a href="https://www.amazon.com/dp/B07P3WB37F?tag=eloabder-20&linkCode=osi&th=1&psc=1"><img src="https://m.media-amazon.com/images/I/51WaYrkiVXL._SL500_.jpg" alt="Product Image"></a><p>Miele AirClean 3D Efficiency Dust Bag, Type GN, XL Value Pack, 8 Bags and 4 Filters</p><p>$36.99</p><a href="https://www.amazon.com/dp/B07P3WB37F?tag=eloabder-20&linkCode=osi&th=1&psc=1">View Product</a></div><div class="product"><a href="https://www.amazon.com/dp/B09DSY4Z2T?tag=eloabder-20&linkCode=osi&th=1&psc=1"><img src="https://m.media-amazon.com/images/I/51+ref3EeAL._SL500_.jpg" alt="Product Image"></a><p>Filter Replacement for Tineco A10 A11 Hero A10/A11 Master PURE ONE S11 Series, S12, X Cordless Vacuum Cleaner (3 PACK) â€¦</p><p>$12.99 ($4.33 / Count)</p><a href="https://www.amazon.com/dp/B09DSY4Z2T?tag=eloabder-20&linkCode=osi&th=1&psc=1">View Product</a></div>


<div class="product"><a href="https://www.amazon.com/dp/B0BXRR5QFV?tag=eloabder-20&linkCode=osi&th=1&psc=1"><img src="https://m.media-amazon.com/images/I/41sjdBkCp8L._SL500_.jpg" alt="Product Image"></a><p>AC Infinity CLOUDFORGE T7, Plant Humidifier 15L with VPD Humidity Controls, 10-Level Precision Vaporizer, Extendable Hose, Targeting Pipe, and No-Leak Seal for Grow Tents</p><p>$159.00</p><a href="https://www.amazon.com/dp/B0BXRR5QFV?tag=eloabder-20&linkCode=osi&th=1&psc=1">View Product</a></div><div class="product"><a href="https://www.amazon.com/dp/B01N6MV8SA?tag=eloabder-20&linkCode=osi&th=1&psc=1"><img src="https://m.media-amazon.com/images/I/41hX08+W1xL._SL500_.jpg" alt="Product Image"></a><p>Protec Humidifier Tank Cleaner, 1 Count - Colors May Vary</p><p>$5.98</p><a href="https://www.amazon.com/dp/B01N6MV8SA?tag=eloabder-20&linkCode=osi&th=1&psc=1">View Product</a></div><div class="product"><a href="https://www.amazon.com/dp/B07GXBTH82?tag=eloabder-20&linkCode=osi&th=1&psc=1"><img src="https://m.media-amazon.com/images/I/41ibxK12JPL._SL500_.jpg" alt="Product Image"></a><p>Essick Air 1970-2 Humidifier, 2-Quart Bacteriostatic Treatment, 2 Pack, Clear, 2</p><p>$22.99</p><a href="https://www.amazon.com/dp/B07GXBTH82?tag=eloabder-20&linkCode=osi&th=1&psc=1">View Product</a></div><div class="product"><a href="https://www.amazon.com/dp/B08TTT3K9B?tag=eloabder-20&linkCode=osi&th=1&psc=1"><img src="https://m.media-amazon.com/images/I/41U6j9SexmL._SL500_.jpg" alt="Product Image"></a><p>Leemone Humidifier Cleaner 12 Pack, Demineralization Cleaning Ball, Works in All humidifiers and Fish Tanks, Purifies Water, Prevents Hard Water Build-Up, Eliminates White Dust and Odor</p><p>$14.44</p><a href="https://www.amazon.com/dp/B08TTT3K9B?tag=eloabder-20&linkCode=osi&th=1&psc=1">View Product</a></div>
<div class="product"><a href="https://www.amazon.com/dp/B07YD4XCT3?tag=eloabder-20&linkCode=osi&th=1&psc=1"><img src="https://m.media-amazon.com/images/I/41hR81iKyJL._SL500_.jpg" alt="Product Image"></a><p>Vacplus Moisture Absorber Packets, Fragrance Free(10 Pack), Humidity Packs, Hanging Closet Dehumidifier Bags, Desiccant 9.8OZ</p><p>$21.99</p><a href="https://www.amazon.com/dp/B07YD4XCT3?tag=eloabder-20&linkCode=osi&th=1&psc=1">View Product</a></div><div class="product"><a href="https://www.amazon.com/dp/B09LQF5V5K?tag=eloabder-20&linkCode=osi&th=1&psc=1"><img src="https://m.media-amazon.com/images/I/51Cx5ECAotL._SL500_.jpg" alt="Product Image"></a><p>CLEVAST Moisture Absorbers Packets 10 Pack, Dehumidifier Bags for Closet, Unscented Hanging Humidity Absorber in Wardrobes, Bedrooms, Bathrooms(230g/pack)</p><p>$16.98</p><a href="https://www.amazon.com/dp/B09LQF5V5K?tag=eloabder-20&linkCode=osi&th=1&psc=1">View Product</a></div><div class="product"><a href="https://www.amazon.com/dp/B0B8L9QRW8?tag=eloabder-20&linkCode=osi&th=1&psc=1"><img src="https://m.media-amazon.com/images/I/518LgtpPi8L._SL500_.jpg" alt="Product Image"></a><p>Arm & Hammer Essentials Disposable Moisture Absorber and Odor Eliminator Tub, Fragrance Free, 1 lb, 3-Pack, Attracts and Traps Excess Moisture, Ideal Closet Dehumidifier, White</p><p>$24.94 ($0.52 / Ounce)</p><a href="https://www.amazon.com/dp/B0B8L9QRW8?tag=eloabder-20&linkCode=osi&th=1&psc=1">View Product</a></div><div class="product"><a href="https://www.amazon.com/dp/B09W9TPJGZ?tag=eloabder-20&linkCode=osi&th=1&psc=1"><img src="https://m.media-amazon.com/images/I/51pVTVMwHbL._SL500_.jpg" alt="Product Image"></a><p>THECOSKY Dehumidifier and Air Purifier Combo,HEPA H13 Filter and Negative Air Ion Function,54oz(1.6L) Water Tank with Drain Hose,24hrs Auto-Off Timer,Idea for Bedroom,Bathroom,Closet,RV</p><p>$109.99</p><a href="https://www.amazon.com/dp/B09W9TPJGZ?tag=eloabder-20&linkCode=osi&th=1&psc=1">View Product</a></div><div class="product"><a href="https://www.amazon.com/dp/B0CXDG65LZ?tag=eloabder-20&linkCode=osi&th=1&psc=1"><img src="https://m.media-amazon.com/images/I/41HNflmbKHL._SL500_.jpg" alt="Product Image"></a><p>14 x 17.5 x1.75 MERV 13 Replacement Dehumidifier Filter Compatible with Santa Fe Advance90, Advance100, Advance120, Honeywell DR90 & DR120 dehumidifier models, 2 Pack</p><p>$42.99</p><a href="https://www.amazon.com/dp/B0CXDG65LZ?tag=eloabder-20&linkCode=osi&th=1&psc=1">View Product</a></div>
<div class="product"><a href="https://www.amazon.com/dp/B088B921NQ?tag=eloabder-20&linkCode=osi&th=1&psc=1"><img src="https://m.media-amazon.com/images/I/612e4cT3RYL._SL500_.jpg" alt="Product Image"></a><p>ULTTY H13 HEPA Replacement Filter with Medical Coating, True HEPA Filter For R021/ R020 Purifying Fan, Medium</p><p>$29.99</p><a href="https://www.amazon.com/dp/B088B921NQ?tag=eloabder-20&linkCode=osi&th=1&psc=1">View Product</a></div><div class="product"><a href="https://www.amazon.com/dp/B0D2MZ4Y7Z?tag=eloabder-20&linkCode=osi&th=1&psc=1"><img src="https://m.media-amazon.com/images/I/51KgTHizWyL._SL500_.jpg" alt="Product Image"></a><p>Butto 5-Pack Ceiling Fan Filters for Blades - Strong Adhesive Ceiling Fan Filters for Common Household Contaminants - Unscented Coconut Carbon Fan Air Purifier Pads to Make Air Fresh and Natural</p><p>$9.98</p><a href="https://www.amazon.com/dp/B0D2MZ4Y7Z?tag=eloabder-20&linkCode=osi&th=1&psc=1">View Product</a></div><div class="product"><a href="https://www.amazon.com/dp/B0C42HCM21?tag=eloabder-20&linkCode=osi&th=1&psc=1"><img src="https://m.media-amazon.com/images/I/31jk3lpoygL._SL500_.jpg" alt="Product Image"></a><p>Barnakl Ceiling Fan Filters | Activated Coconut Shell Carbon Filter | Easy-Stick Universal Ceiling Fan Air Filters | Unscented Ceiling Fan Blade Filters for Common Household Contaminants, (3-Count)</p><p>$19.99 ($6.66 / Count)</p><a href="https://www.amazon.com/dp/B0C42HCM21?tag=eloabder-20&linkCode=osi&th=1&psc=1">View Product</a></div>
<div class="product"><a href="https://www.amazon.com/dp/B08LZWP29P?tag=eloabder-20&linkCode=osi&th=1&psc=1"><img src="https://m.media-amazon.com/images/I/41NLuzzFW9L._SL500_.jpg" alt="Product Image"></a><p>Chromex Tankless Water Heater Descaling Solution | Highly Effective Descaler Restores Heating Efficiency, Quart, 32 fl oz (1)</p><p>$26.99</p><a href="https://www.amazon.com/dp/B08LZWP29P?tag=eloabder-20&linkCode=osi&th=1&psc=1">View Product</a></div>

<div class="product"><a href="https://www.amazon.com/dp/B005UO4OWQ?tag=eloabder-20&linkCode=osi&th=1&psc=1"><img src="https://m.media-amazon.com/images/I/41oQPKFofoL._SL500_.jpg" alt="Product Image"></a><p>Bissell 203-7458 Brushroll, Bg10/86T3, Black</p><p>$21.26 ($21.26 / Count)</p><a href="https://www.amazon.com/dp/B005UO4OWQ?tag=eloabder-20&linkCode=osi&th=1&psc=1">View Product</a></div>





















<div class="product"><a href="https://www.amazon.com/dp/B0014J7FUY?tag=eloabder-20&linkCode=osi&th=1&psc=1"><img src="https://m.media-amazon.com/images/I/31QrM+IPxOL._SL500_.jpg" alt="Product Image"></a><p>Urnex Grindz Professional Coffee Grinder Cleaning Tablets - 430 Grams - All Natural Food Safe Gluten Free - Cleans Burr and Casing - Help Extend Life of Your Grinder</p><p>$25.99 ($1.71 / Ounce)</p><a href="https://www.amazon.com/dp/B0014J7FUY?tag=eloabder-20&linkCode=osi&th=1&psc=1">View Product</a></div>



<div class="product"><a href="https://www.amazon.com/dp/B0CHW317SG?tag=eloabder-20&linkCode=osi&th=1&psc=1"><img src="https://m.media-amazon.com/images/I/41Qd5Iu3qBL._SL500_.jpg" alt="Product Image"></a><p>EUHOMY 55 Can Beverage Refrigerator cooler-Mini Fridge Glass Door for Beer Drinks Wines, Freestanding Beverage Fridge with Adjustable Shelves Blue LED for Home/Office/Dorm/Bar (1.3cu.ft)</p><p>$128.99</p><a href="https://www.amazon.com/dp/B0CHW317SG?tag=eloabder-20&linkCode=osi&th=1&psc=1">View Product</a></div>

<div class="product"><a href="https://www.amazon.com/dp/B099CN2MRK?tag=eloabder-20&linkCode=osi&th=1&psc=1"><img src="https://m.media-amazon.com/images/I/31CvUCIUX5L._SL500_.jpg" alt="Product Image"></a><p>Genuine PuroAir 240 Replacement Filter - Replacement HEPA Filter for PuroAir 240 Purifier - Captures up to 99% of Pollen, Smoke, Pollen, Dust and Common Household Pollutants</p><p>$48.00</p><a href="https://www.amazon.com/dp/B099CN2MRK?tag=eloabder-20&linkCode=osi&th=1&psc=1">View Product</a></div><div class="product"><a href="https://www.amazon.com/dp/B0055521W0?tag=eloabder-20&linkCode=osi&th=1&psc=1"><img src="https://m.media-amazon.com/images/I/41Hs7ixdyXL._SL500_.jpg" alt="Product Image"></a><p>GermGuardian Filter B HEPA Pure Genuine Air Purifier Replacement Filter, Removes 99.97% of Pollutants for AC4825, AC4300, AC4900, AC4825DLX, AC4850, CDAP4500, AP2200, Black/Yellow, FLT4825</p><p>$17.90 ($17.90 / Count)</p><a href="https://www.amazon.com/dp/B0055521W0?tag=eloabder-20&linkCode=osi&th=1&psc=1">View Product</a></div><div class="product"><a href="https://www.amazon.com/dp/B0BNMYKZPV?tag=eloabder-20&linkCode=osi&th=1&psc=1"><img src="https://m.media-amazon.com/images/I/41-K3mB6KkL._SL500_.jpg" alt="Product Image"></a><p>2 Pack True HEPA KILO Filter Compatible with Afloia KILO, KILOPLUS, KILOPRO, MIRO,MIRO PRO and MORENTO MR-Kilo, Kalo Air Purifier, 360Â° 3-Stage Filtration</p><p>$34.99 ($17.50 / Count)</p><a href="https://www.amazon.com/dp/B0BNMYKZPV?tag=eloabder-20&linkCode=osi&th=1&psc=1">View Product</a></div><div class="product"><a href="https://www.amazon.com/dp/B0D3M4Y9W7?tag=eloabder-20&linkCode=osi&th=1&psc=1"><img src="https://m.media-amazon.com/images/I/41tzW+mkZuL._SL500_.jpg" alt="Product Image"></a><p>Breshair 14 True HEPA Filter Replacement Compatible with PuroAir 240 Air Purifier, 3-in-1 Filtration System with Activated Carbon Filter, 2-Pack</p><p>$31.56 ($15.78 / Count)</p><a href="https://www.amazon.com/dp/B0D3M4Y9W7?tag=eloabder-20&linkCode=osi&th=1&psc=1">View Product</a></div><div class="product"><a href="https://www.amazon.com/dp/B0CB18MVX6?tag=eloabder-20&linkCode=osi&th=1&psc=1"><img src="https://m.media-amazon.com/images/I/519ZmmLOrzL._SL500_.jpg" alt="Product Image"></a><p>2 Pack 3-in-1 H13 True HEPA Replacement Filter Compatible with Pure Enrichment PureZone Air Purifier Part# PEAIRPLG</p><p>$23.99 ($12.00 / Count)</p><a href="https://www.amazon.com/dp/B0CB18MVX6?tag=eloabder-20&linkCode=osi&th=1&psc=1">View Product</a></div><div class="product"><a href="https://www.amazon.com/dp/B08JTZMRML?tag=eloabder-20&linkCode=osi&th=1&psc=1"><img src="https://m.media-amazon.com/images/I/51yx60sCjHL._SL500_.jpg" alt="Product Image"></a><p>6 Pack HPA300 HEPA Filter Replacement for Honeywell HPA300 Series Air Purifiers HPA300, HPA300VP, HPA304, HPA3300, Replace HRF-R3 (6 Ture HEPA R Replacement Filter + 8 Activated Carbon Pre-Filter)</p><p>$47.99 ($3.43 / Count)</p><a href="https://www.amazon.com/dp/B08JTZMRML?tag=eloabder-20&linkCode=osi&th=1&psc=1">View Product</a></div><div class="product"><a href="https://www.amazon.com/dp/B0CF1GLSYS?tag=eloabder-20&linkCode=osi&th=1&psc=1"><img src="https://m.media-amazon.com/images/I/41709EXRzXL._SL500_.jpg" alt="Product Image"></a><p>CHIVALZ 4 Pack HY4866 True HEPA Replacement Filters Compatible with MORENTO HY4866 Air Purifier, WESTHEY HY4866 Air Purifier and YIOU M1 Air Cleaner Purifier, Original Version</p><p>$39.99 ($10.00 / Count)</p><a href="https://www.amazon.com/dp/B0CF1GLSYS?tag=eloabder-20&linkCode=osi&th=1&psc=1">View Product</a></div>







<div class="product"><a href="https://www.amazon.com/dp/B0CYKMFKR9?tag=eloabder-20&linkCode=osi&th=1&psc=1"><img src="https://m.media-amazon.com/images/I/316zU-ozoxL._SL500_.jpg" alt="Product Image"></a><p>Air Purifier Replacement Filter for Space Heater Bladeless Fan</p><p>$29.99</p><a href="https://www.amazon.com/dp/B0CYKMFKR9?tag=eloabder-20&linkCode=osi&th=1&psc=1">View Product</a></div>
<div class="product"><a href="https://www.amazon.com/dp/B07MRH6VY7?tag=eloabder-20&linkCode=osi&th=1&psc=1"><img src="https://m.media-amazon.com/images/I/51g-nuN4A5L._SL500_.jpg" alt="Product Image"></a><p>Colorfullife Replacement Air Purifier Filter for Dyson Tower Purifier Pure Cool Link TP01, TP02, TP03, BP01, Compare to Part 968126-03ï¼Œ2 Pack</p><p>$26.99</p><a href="https://www.amazon.com/dp/B07MRH6VY7?tag=eloabder-20&linkCode=osi&th=1&psc=1">View Product</a></div><div class="product"><a href="https://www.amazon.com/dp/B07TX5SW7J?tag=eloabder-20&linkCode=osi&th=1&psc=1"><img src="https://m.media-amazon.com/images/I/512Kn+cPglL._SL500_.jpg" alt="Product Image"></a><p>TP01 HEPA Filter Replacement Compatible with Dyson Tower Purifier Pure Cool Link TP01, TP02, TP03, AM11, BP01 Models, Compare to Part # 968126-03 (Pack of 2)</p><p>$27.95 ($13.98 / Count)</p><a href="https://www.amazon.com/dp/B07TX5SW7J?tag=eloabder-20&linkCode=osi&th=1&psc=1">View Product</a></div><div class="product"><a href="https://www.amazon.com/dp/B0CC24GZGB?tag=eloabder-20&linkCode=osi&th=1&psc=1"><img src="https://m.media-amazon.com/images/I/41woNpZ9VgL._SL500_.jpg" alt="Product Image"></a><p>TP01 TP02 Filter Compatible with Dyson Pure Cool Link Purifying Tower Fan TP00 TP03 AM11 and Cool Me BP01 Personal Series, 360Â° Air Purifier Filter Replacement 968126-03, 1-Pack</p><p>$25.99</p><a href="https://www.amazon.com/dp/B0CC24GZGB?tag=eloabder-20&linkCode=osi&th=1&psc=1">View Product</a></div><div class="product"><a href="https://www.amazon.com/dp/B0CX23N2JJ?tag=eloabder-20&linkCode=osi&th=1&psc=1"><img src="https://m.media-amazon.com/images/I/3145hmd5j7L._SL500_.jpg" alt="Product Image"></a><p>Dreo Air Purifiers Replacement Filter, HEPA Filter for Dreo Purifier Tower Fan MC710S, with 2 Stage Filtration, Black, Standard(DR-HPA019)</p><p>$39.99</p><a href="https://www.amazon.com/dp/B0CX23N2JJ?tag=eloabder-20&linkCode=osi&th=1&psc=1">View Product</a></div>










<div class="product"><a href="https://www.amazon.com/dp/B001U0OJ7O?tag=eloabder-20&linkCode=osi&th=1&psc=1"><img src="https://m.media-amazon.com/images/I/41XEg3QV-wL._SL500_.jpg" alt="Product Image"></a><p>Whirlpool W10165294RB 15-Inch Plastic Trash Compactor ct, 60 Bags, Count</p><p>$48.34</p><a href="https://www.amazon.com/dp/B001U0OJ7O?tag=eloabder-20&linkCode=osi&th=1&psc=1">View Product</a></div><div class="product"><a href="https://www.amazon.com/dp/B0CC3V4ZZ4?tag=eloabder-20&linkCode=osi&th=1&psc=1"><img src="https://m.media-amazon.com/images/I/31bbvodHnjL._SL500_.jpg" alt="Product Image"></a><p>Waste Smasher- Hand-Held Manual Trash Compactor Dishwasher Safe Black</p><p>$24.95</p><a href="https://www.amazon.com/dp/B0CC3V4ZZ4?tag=eloabder-20&linkCode=osi&th=1&psc=1">View Product</a></div><div class="product"><a href="https://www.amazon.com/dp/B00IYO5914?tag=eloabder-20&linkCode=osi&th=1&psc=1"><img src="https://m.media-amazon.com/images/I/51SLpTXIYNL._SL500_.jpg" alt="Product Image"></a><p>Kitchen Master Super Strong Compactor Bags Pre Cuffed (12 Pack)</p><p>$34.95</p><a href="https://www.amazon.com/dp/B00IYO5914?tag=eloabder-20&linkCode=osi&th=1&psc=1">View Product</a></div><div class="product"><a href="https://www.amazon.com/dp/B075DJ4ZVQ?tag=eloabder-20&linkCode=osi&th=1&psc=1"><img src="https://m.media-amazon.com/images/I/51Vaek4I89L._SL500_.jpg" alt="Product Image"></a><p>Dano Pre-Cuffed Compactor Bags</p><p>$32.95 ($2.75 / Count)</p><a href="https://www.amazon.com/dp/B075DJ4ZVQ?tag=eloabder-20&linkCode=osi&th=1&psc=1">View Product</a></div><div class="product"><a href="https://www.amazon.com/dp/B0C2DCVCBJ?tag=eloabder-20&linkCode=osi&th=1&psc=1"><img src="https://m.media-amazon.com/images/I/51072CtaKuL._SL500_.jpg" alt="Product Image"></a><p>60-pack W10165294RB Trash Compactor Bags - leak-proof trash compactor bags for kitchen 60-ct 15 inches - Fits 15-inch Rectangular Drawer Compactors</p><p>$45.99 ($0.77 / Count)</p><a href="https://www.amazon.com/dp/B0C2DCVCBJ?tag=eloabder-20&linkCode=osi&th=1&psc=1">View Product</a></div><div class="product"><a href="https://www.amazon.com/dp/B001U0OJ7E?tag=eloabder-20&linkCode=osi&th=1&psc=1"><img src="https://m.media-amazon.com/images/I/41c0z26RyvL._SL500_.jpg" alt="Product Image"></a><p>Whirlpool W10165293RB Genuine OEM 60 Pack-Plastic Compactor Bags-18" Models â€“ 1394369, 4178058, 4318932, 4318933, 4318935, 4318937, 4318939, AH1964576, EA1964576, PS1964576</p><p>$48.64 ($0.81 / Count)</p><a href="https://www.amazon.com/dp/B001U0OJ7E?tag=eloabder-20&linkCode=osi&th=1&psc=1">View Product</a></div><div class="product"><a href="https://www.amazon.com/dp/B00W27J16S?tag=eloabder-20&linkCode=osi&th=1&psc=1"><img src="https://m.media-amazon.com/images/I/41RaOjAGlrL._SL500_.jpg" alt="Product Image"></a><p>Compactor Bags Pre Cuffed (50 Pack)</p><p>$84.95 ($1.70 / count)</p><a href="https://www.amazon.com/dp/B00W27J16S?tag=eloabder-20&linkCode=osi&th=1&psc=1">View Product</a></div><div class="product"><a href="https://www.amazon.com/dp/B00MOCYY2W?tag=eloabder-20&linkCode=osi&th=1&psc=1"><img src="https://m.media-amazon.com/images/I/41SH8mDsAnL._SL500_.jpg" alt="Product Image"></a><p>GE WX60X1 Genuine OEM Universal Trash Compactor Bags for GE Trash Compactors</p><p>$19.00</p><a href="https://www.amazon.com/dp/B00MOCYY2W?tag=eloabder-20&linkCode=osi&th=1&psc=1">View Product</a></div><div class="product"><a href="https://www.amazon.com/dp/B0D7SFSTNG?tag=eloabder-20&linkCode=osi&th=1&psc=1"><img src="https://m.media-amazon.com/images/I/41szt9tZJPL._SL500_.jpg" alt="Product Image"></a><p>4PCS Trash Compactor Charcoal Air Filter Fit for Whirlpool/KitchenAid/Maytag/Jenn-Air/Amana/Inglis/Magic Chef Trash Compactor, Replaces 4151750 554358 WP4151750 AP6009134 PS11742279</p><p>$23.59 ($5.90 / Count)</p><a href="https://www.amazon.com/dp/B0D7SFSTNG?tag=eloabder-20&linkCode=osi&th=1&psc=1">View Product</a></div>
<div class="product"><a href="https://www.amazon.com/dp/B0CGLX5ZB9?tag=eloabder-20&linkCode=osi&th=1&psc=1"><img src="https://m.media-amazon.com/images/I/51qeRZQS98L._SL500_.jpg" alt="Product Image"></a><p>Spare Replacement Parts Compatible with MAMNV BR150 BR151, ZCWA BR150 BR151, MANVINS G20 Robot Vacuum and Mop Combo Accessories Include: 3 Hepa Filters 3 Mop Pads 6 Side Spin Brushes</p><p>$9.98</p><a href="https://www.amazon.com/dp/B0CGLX5ZB9?tag=eloabder-20&linkCode=osi&th=1&psc=1">View Product</a></div><div class="product"><a href="https://www.amazon.com/dp/B0B28DGZBG?tag=eloabder-20&linkCode=osi&th=1&psc=1"><img src="https://m.media-amazon.com/images/I/51ooMN4RqML._SL500_.jpg" alt="Product Image"></a><p>Replacement Parts for Shark AI AV2511AE AV2501S AV2610WA AV2501AE RV2502AE RV2610WA RV2520 AV2510 2-In-1 AI Ultra Robot Vacuum Cleaner Accessories Kits. Main Brush, HEPA Filter, Foam Filter,Side Brush</p><p>$19.99 ($1.05 / Count)</p><a href="https://www.amazon.com/dp/B0B28DGZBG?tag=eloabder-20&linkCode=osi&th=1&psc=1">View Product</a></div><div class="product"><a href="https://www.amazon.com/dp/B0782T7L6P?tag=eloabder-20&linkCode=osi&th=1&psc=1"><img src="https://m.media-amazon.com/images/I/41hTVkuzMJL._SL500_.jpg" alt="Product Image"></a><p>10pcs HEPA Filters Replacement for ILIFE V3s V3s pro V5 V5s V5s Pro V5s Pro 2 V5s Plus Noisz S5 Robotic Vacuum Cleaner ILIFE V3s pro Filters ILIFE Robot Vacuum Filter</p><p>$9.80 ($0.98 / Count)</p><a href="https://www.amazon.com/dp/B0782T7L6P?tag=eloabder-20&linkCode=osi&th=1&psc=1">View Product</a></div><div class="product"><a href="https://www.amazon.com/dp/B0CXLVHTTC?tag=eloabder-20&linkCode=osi&th=1&psc=1"><img src="https://m.media-amazon.com/images/I/51BT3phYzKL._SL500_.jpg" alt="Product Image"></a><p>HUIZHEN Spare Accessories for MAMNV BR150/BR151, for ZCWA BR150/BR151, for MANVINS G20,for GTTVO BR150/BR151,for ONSON BR150/BR151 Robot Vacuum Replacement Parts,6 Side Brush,4 HEPA Filters,4 Mop Pads</p><p>$9.99</p><a href="https://www.amazon.com/dp/B0CXLVHTTC?tag=eloabder-20&linkCode=osi&th=1&psc=1">View Product</a></div><div class="product"><a href="https://www.amazon.com/dp/B08RYDDQL8?tag=eloabder-20&linkCode=osi&th=1&psc=1"><img src="https://m.media-amazon.com/images/I/314Xd7+oBXL._SL500_.jpg" alt="Product Image"></a><p>AirClean 4 Pack 3.7" High Replacement Base Pre-Motor Foam Filters Compatible with Shark IQ Robot Vacuum R101AE RV1001AE UR1005AE Self-Empty Base</p><p>$12.99 ($3.25 / Count)</p><a href="https://www.amazon.com/dp/B08RYDDQL8?tag=eloabder-20&linkCode=osi&th=1&psc=1">View Product</a></div><div class="product"><a href="https://www.amazon.com/dp/B0CJLHJ557?tag=eloabder-20&linkCode=osi&th=1&psc=1"><img src="https://m.media-amazon.com/images/I/41iQm8hUjiL._SL500_.jpg" alt="Product Image"></a><p>Replacement Parts Compatible with WYZE Robot Vacuum Cleaner WVCR200S Accessories, 2 Main Brushes, 6 Hepa Filters, 8 Side Brushes Attachment Spare Pack</p><p>$14.99 ($0.94 / Count)</p><a href="https://www.amazon.com/dp/B0CJLHJ557?tag=eloabder-20&linkCode=osi&th=1&psc=1">View Product</a></div>
<div class="product"><a href="https://www.amazon.com/dp/B0C4595Q8P?tag=eloabder-20&linkCode=osi&th=1&psc=1"><img src="https://m.media-amazon.com/images/I/51k23SAtRxL._SL500_.jpg" alt="Product Image"></a><p>4 Pack FSV001 HEPA Filter Compatiable with Fabuletta FSV101, FSV001, Girnoor G160&G165, Afoddon A300, Lubluelu 202, Oraimo Cordless Vacuum Cleaner, Besswin W26 Cordless Stick Vacuum Cleaners</p><p>$15.99 ($4.00 / Count)</p><a href="https://www.amazon.com/dp/B0C4595Q8P?tag=eloabder-20&linkCode=osi&th=1&psc=1">View Product</a></div>
<div class="product"><a href="https://www.amazon.com/dp/B0BNKJX96X?tag=eloabder-20&linkCode=osi&th=1&psc=1"><img src="https://m.media-amazon.com/images/I/41OPeLFppoL._SL500_.jpg" alt="Product Image"></a><p>6 PACK 2033 Replacement Filter Compatible with Bissell Featherweight Stick Lightweight Bagless Vacuum Cleaner 20331, 20333, 20334, 20336, 20339, 2033M,6 Mesh Filter 6 Foam Filters, Replace # 1611508</p><p>$14.99 ($2.50 / Count)</p><a href="https://www.amazon.com/dp/B0BNKJX96X?tag=eloabder-20&linkCode=osi&th=1&psc=1">View Product</a></div><div class="product"><a href="https://www.amazon.com/dp/B0CMBWLTSM?tag=eloabder-20&linkCode=osi&th=1&psc=1"><img src="https://m.media-amazon.com/images/I/41PHqKaLTDL._SL500_.jpg" alt="Product Image"></a><p>18V ONE + Cordless Pet Stick Vacuum Filter for Ryobi, PCL720, PBLSV716, PBLSV717 Stick Vacuum, Reusable Washable Filters, Compare to Part A32SV720N, 6 Pack</p><p>$15.99 ($2.66 / Count)</p><a href="https://www.amazon.com/dp/B0CMBWLTSM?tag=eloabder-20&linkCode=osi&th=1&psc=1">View Product</a></div><div class="product"><a href="https://www.amazon.com/dp/B0CXDYWWT9?tag=eloabder-20&linkCode=osi&th=1&psc=1"><img src="https://m.media-amazon.com/images/I/41F1csTT8jL._SL500_.jpg" alt="Product Image"></a><p>2 Replacement Filters for Craftsman V20 Cordless Stick Vacuum CMCVS001D1, for Black Decker BSVF1 BSV2020 BSV2020G BSV2020P Cordless Stick Vacuum Cleaner with 1 Cleaning Brush</p><p>$14.99</p><a href="https://www.amazon.com/dp/B0CXDYWWT9?tag=eloabder-20&linkCode=osi&th=1&psc=1">View Product</a></div><div class="product"><a href="https://www.amazon.com/dp/B0CCJ5N5DH?tag=eloabder-20&linkCode=osi&th=1&psc=1"><img src="https://m.media-amazon.com/images/I/41xmhDPqk8L._SL500_.jpg" alt="Product Image"></a><p>Aolleteau 1 Pack Brush Roller Compatible with Black + Decker BSV2020, BSV2020P, BSV2020G Powerseries Extreme Cordless Stick Vacuum and Compatible with Craftsman V20 Cordless Stick Vacuum CMCVS001D1</p><p>$17.99</p><a href="https://www.amazon.com/dp/B0CCJ5N5DH?tag=eloabder-20&linkCode=osi&th=1&psc=1">View Product</a></div><div class="product"><a href="https://www.amazon.com/dp/B0CQY61LFD?tag=eloabder-20&linkCode=osi&th=1&psc=1"><img src="https://m.media-amazon.com/images/I/31swBBC444L._SL500_.jpg" alt="Product Image"></a><p>Tablenco for Shark HZ602 Filter Replacement Ultralight Pet Pro Corded Stick Vacuum and HZ2002 Vertex DuoClean PowerFins fit HZ2000 HZ251 HZ250 HH200 HH202,4 Foam Felt 4 Motor Kit (No cleaning brush)</p><p>$9.98</p><a href="https://www.amazon.com/dp/B0CQY61LFD?tag=eloabder-20&linkCode=osi&th=1&psc=1">View Product</a></div><div class="product"><a href="https://www.amazon.com/dp/B09Q55KW8W?tag=eloabder-20&linkCode=osi&th=1&psc=1"><img src="https://m.media-amazon.com/images/I/51MKsJy6nSL._SL500_.jpg" alt="Product Image"></a><p>Anicell 2033 Featherweight Filter for Bissell Featherweight Stick Lightweight Bagless Vacuum 20331 20333 20334 20336 20339 2033M, 4 Mesh Filters 6 Foam Filters Replacement, Replace part# 1611508</p><p>$11.99</p><a href="https://www.amazon.com/dp/B09Q55KW8W?tag=eloabder-20&linkCode=osi&th=1&psc=1">View Product</a></div><div class="product"><a href="https://www.amazon.com/dp/B0CDVG7LHD?tag=eloabder-20&linkCode=osi&th=1&psc=1"><img src="https://m.media-amazon.com/images/I/41hjN1Te6sL._SL500_.jpg" alt="Product Image"></a><p>Moreffi 3 Pack Filter Replacement For HART Cordless Stick Vacuum HPSV01 and HPSV50, Compare to Part Number HASV01</p><p>$19.99 ($6.66 / Count)</p><a href="https://www.amazon.com/dp/B0CDVG7LHD?tag=eloabder-20&linkCode=osi&th=1&psc=1">View Product</a></div>
<div class="product"><a href="https://www.amazon.com/dp/B07DQ9TZC8?tag=eloabder-20&linkCode=osi&th=1&psc=1"><img src="https://m.media-amazon.com/images/I/41PHyZ20FuL._SL500_.jpg" alt="Product Image"></a><p>Kenmore 53294 Style O HEPA Cloth Vacuum Bags for Kenmore Upright Vacuum Cleaners 6 Pack,White</p><p>$20.99 ($3.50 / Count)</p><a href="https://www.amazon.com/dp/B07DQ9TZC8?tag=eloabder-20&linkCode=osi&th=1&psc=1">View Product</a></div><div class="product"><a href="https://www.amazon.com/dp/B08MXVTTT2?tag=eloabder-20&linkCode=osi&th=1&psc=1"><img src="https://m.media-amazon.com/images/I/41T6wRpIMzL._SL500_.jpg" alt="Product Image"></a><p>Kenmore IB600 HEPA Replacement Intuition Upright Vacuum Cleaner Bags for BU4022, BU4020, BU4018, BU4050, BU3040,White</p><p>$18.75</p><a href="https://www.amazon.com/dp/B08MXVTTT2?tag=eloabder-20&linkCode=osi&th=1&psc=1">View Product</a></div><div class="product"><a href="https://www.amazon.com/dp/B01010JVYO?tag=eloabder-20&linkCode=osi&th=1&psc=1"><img src="https://m.media-amazon.com/images/I/51Anluh47GL._SL500_.jpg" alt="Product Image"></a><p>EnviroCare Replacement Micro Filtration Vacuum Cleaner Dust Bags Designed to fit Hoover Windtunnel Upright Type Y 9 pack</p><p>$9.89 ($1.10 / Count)</p><a href="https://www.amazon.com/dp/B01010JVYO?tag=eloabder-20&linkCode=osi&th=1&psc=1">View Product</a></div><div class="product"><a href="https://www.amazon.com/dp/B0D5CP3WBY?tag=eloabder-20&linkCode=osi&th=1&psc=1"><img src="https://m.media-amazon.com/images/I/31MaGmsVOwL._SL500_.jpg" alt="Product Image"></a><p>Bagless Upright Kenmore Vacuum HEPA Filters, Compatible with Foam Filters, Felt Filters and Upright vacuum cleaner for Models K4010,DU2015,DU2012(includes 1 Hepa Filters,2 Foam and 2 Felt Filters)</p><p>$12.99</p><a href="https://www.amazon.com/dp/B0D5CP3WBY?tag=eloabder-20&linkCode=osi&th=1&psc=1">View Product</a></div><div class="product"><a href="https://www.amazon.com/dp/B0CBFV28WX?tag=eloabder-20&linkCode=osi&th=1&psc=1"><img src="https://m.media-amazon.com/images/I/51LIYI0wXSL._SL500_.jpg" alt="Product Image"></a><p>16 Packs Vacuum Bags for Oreck Type CC, Compatible with All Oreck XL Upright Vacuum Cleaner - Replaces Part # CCPK8DW</p><p>$21.99 ($1.37 / Count)</p><a href="https://www.amazon.com/dp/B0CBFV28WX?tag=eloabder-20&linkCode=osi&th=1&psc=1">View Product</a></div><div class="product"><a href="https://www.amazon.com/dp/B00F9GQMHA?tag=eloabder-20&linkCode=osi&th=1&psc=1"><img src="https://m.media-amazon.com/images/I/51lhelurelL._SL500_.jpg" alt="Product Image"></a><p>EnviroCare Replacement Premium Vacuum Cleaner Dust Bags made to fit Eureka F&G Uprights 9 bags</p><p>$11.09</p><a href="https://www.amazon.com/dp/B00F9GQMHA?tag=eloabder-20&linkCode=osi&th=1&psc=1">View Product</a></div><div class="product"><a href="https://www.amazon.com/dp/B002CI8G1I?tag=eloabder-20&linkCode=osi&th=1&psc=1"><img src="https://m.media-amazon.com/images/I/51PYQrQpbSL._SL500_.jpg" alt="Product Image"></a><p>EnviroCare Replacement Micro Filtration Vacuum Cleaner Dust Bags made to fit Kenmore Upright Type U/L/O 50688 and 50690, Panasonic Type U-2, Miele Type Z. 9 pack</p><p>$9.99</p><a href="https://www.amazon.com/dp/B002CI8G1I?tag=eloabder-20&linkCode=osi&th=1&psc=1">View Product</a></div>
<div class="product"><a href="https://www.amazon.com/dp/B07GNQJ67P?tag=eloabder-20&linkCode=osi&th=1&psc=1"><img src="https://m.media-amazon.com/images/I/41XHnKbgjAL._SL500_.jpg" alt="Product Image"></a><p>Kenmore 53292 Type Q HEPA Replacement Dust Bags for Canister Vacuum 81214, 81414, 81714, 21814, BC2005, BC3005, 81615, BC7005, 6 Count (Pack of 1)</p><p>$13.24 ($2.21 / Count)</p><a href="https://www.amazon.com/dp/B07GNQJ67P?tag=eloabder-20&linkCode=osi&th=1&psc=1">View Product</a></div><div class="product"><a href="https://www.amazon.com/dp/B01L0C0FVK?tag=eloabder-20&linkCode=osi&th=1&psc=1"><img src="https://m.media-amazon.com/images/I/51ZIjbo9NVL._SL500_.jpg" alt="Product Image"></a><p>Envirocare Replacement Vacuum Bags Compatible with Kenmore Canister Type C/Q. 5055, 50557 and 50558 Panasonic Type C-5 Vacuums,15 pack</p><p>$16.16</p><a href="https://www.amazon.com/dp/B01L0C0FVK?tag=eloabder-20&linkCode=osi&th=1&psc=1">View Product</a></div><div class="product"><a href="https://www.amazon.com/dp/B0BTRTP2PM?tag=eloabder-20&linkCode=osi&th=1&psc=1"><img src="https://m.media-amazon.com/images/I/41K295aRv9L._SL500_.jpg" alt="Product Image"></a><p>Vacuum Cleaner Bags Fit for Kenmore Canister Type C/Q 50555 50557 50558 and Type C-5, 10PCs</p><p>$15.99</p><a href="https://www.amazon.com/dp/B0BTRTP2PM?tag=eloabder-20&linkCode=osi&th=1&psc=1">View Product</a></div><div class="product"><a href="https://www.amazon.com/dp/B0CRQYGLZX?tag=eloabder-20&linkCode=osi&th=1&psc=1"><img src="https://m.media-amazon.com/images/I/413iXp+j3ML._SL500_.jpg" alt="Product Image"></a><p>15 Pack Canister Vacuum Cleaner Bags Compatible with Kenmore Canister Type C/Q 5055, 50555, 50557, 50558 and Type C-5, C-18, 53292, 200 Series, 400 Series, 600 Series, 700 Series, 800 Series Vacuum</p><p>$11.69</p><a href="https://www.amazon.com/dp/B0CRQYGLZX?tag=eloabder-20&linkCode=osi&th=1&psc=1">View Product</a></div><div class="product"><a href="https://www.amazon.com/dp/B00QGD3SBI?tag=eloabder-20&linkCode=osi&th=1&psc=1"><img src="https://m.media-amazon.com/images/I/51xw0asyqTL._SL500_.jpg" alt="Product Image"></a><p>EnviroCare Replacement Vacuum Bags made to fit Kenmore Canister Type C or Q 50555, 50558, 50557 and Panasonic Type C-5 Vacuums, 9 pack</p><p>$9.79</p><a href="https://www.amazon.com/dp/B00QGD3SBI?tag=eloabder-20&linkCode=osi&th=1&psc=1">View Product</a></div><div class="product"><a href="https://www.amazon.com/dp/B0CQP9NP5N?tag=eloabder-20&linkCode=osi&th=1&psc=1"><img src="https://m.media-amazon.com/images/I/41WnNkTz8zL._SL500_.jpg" alt="Product Image"></a><p>8 Pack Replacement Vacuum Bags Compatible with Kenmore Canister Type C/Q. 5055, 50104, 50557 and 50558 Panasonic Type C-5 Vacuums</p><p>$9.99 ($1.25 / Count)</p><a href="https://www.amazon.com/dp/B0CQP9NP5N?tag=eloabder-20&linkCode=osi&th=1&psc=1">View Product</a></div>
<div class="product"><a href="https://www.amazon.com/dp/B09M3Y2BHR?tag=eloabder-20&linkCode=osi&th=1&psc=1"><img src="https://m.media-amazon.com/images/I/31tevngai1L._SL500_.jpg" alt="Product Image"></a><p>Ymimi Vacuum Filter Compatible with Eureka WhirlWind Bagless Canister Vacuum Cleaner,Fits NEN110A,NEN110B,NEN110Dï¼ˆ2-Packï¼‰</p><p>$11.99 ($6.00 / Count)</p><a href="https://www.amazon.com/dp/B09M3Y2BHR?tag=eloabder-20&linkCode=osi&th=1&psc=1">View Product</a></div><div class="product"><a href="https://www.amazon.com/dp/B07J1WWBHN?tag=eloabder-20&linkCode=osi&th=1&psc=1"><img src="https://m.media-amazon.com/images/I/51gmkDrnR2L._SL500_.jpg" alt="Product Image"></a><p>Bissell Powerforce Helix Bagless Washable Premotor Filter #1608225, Black</p><p>$7.78</p><a href="https://www.amazon.com/dp/B07J1WWBHN?tag=eloabder-20&linkCode=osi&th=1&psc=1">View Product</a></div><div class="product"><a href="https://www.amazon.com/dp/B0BK64TMMK?tag=eloabder-20&linkCode=osi&th=1&psc=1"><img src="https://m.media-amazon.com/images/I/41OBMvET7eL._SL500_.jpg" alt="Product Image"></a><p>Vacuum Belt Replacement for Bissell Cleanview Swivel Pet Upright Bagless/Powerlifter Vacuum Cleaner, fits model: 2252, 2254, 22543, 2258,2259, 2260,2316, 2739, 1793, Parts # 3031120, 32074</p><p>$6.99</p><a href="https://www.amazon.com/dp/B0BK64TMMK?tag=eloabder-20&linkCode=osi&th=1&psc=1">View Product</a></div><div class="product"><a href="https://www.amazon.com/dp/B0BKKL3WRB?tag=eloabder-20&linkCode=osi&th=1&psc=1"><img src="https://m.media-amazon.com/images/I/410jMe-FjIL._SL500_.jpg" alt="Product Image"></a><p>Aolleteau F1 HEPA Filter Compatible with Dirt Devil Bagless Upright Cleaner Models Extra Lite, Breeze, Featherlite Bagless, Jaguar Bagless,Platinum Force Vision, Scorpion and Vision Bagless (2 Pack)</p><p>$13.99 ($7.00 / Count)</p><a href="https://www.amazon.com/dp/B0BKKL3WRB?tag=eloabder-20&linkCode=osi&th=1&psc=1">View Product</a></div><div class="product"><a href="https://www.amazon.com/dp/B09SG1P4WN?tag=eloabder-20&linkCode=osi&th=1&psc=1"><img src="https://m.media-amazon.com/images/I/51+Mr+Wq5ML._SL500_.jpg" alt="Product Image"></a><p>NEN110A Vacuum Filter, Inlet Frame and Sponge Filter Compatible with Eureka Whirlwind Bagless Canister Vacuum Cleaner, Fits NEN110A, NEN110B, NEN110D(4-Pack)</p><p>$15.99 ($4.00 / Count)</p><a href="https://www.amazon.com/dp/B09SG1P4WN?tag=eloabder-20&linkCode=osi&th=1&psc=1">View Product</a></div>
<div class="product"><a href="https://www.amazon.com/dp/B07GT9VB9X?tag=eloabder-20&linkCode=osi&th=1&psc=1"><img src="https://m.media-amazon.com/images/I/41IokheYtNL._SL500_.jpg" alt="Product Image"></a><p>6 Pack 1940 Bissell Steam Mop Pads for Bissell PowerFresh Steam Mop 1806 1544 1440 2075A 2685A 1940W 19404 Series, Model 19402 19408 1940a 1940f 1940q 1940t B0006 B0017, Part #5938#203-2633</p><p>$16.99 ($2.83 / Count)</p><a href="https://www.amazon.com/dp/B07GT9VB9X?tag=eloabder-20&linkCode=osi&th=1&psc=1">View Product</a></div><div class="product"><a href="https://www.amazon.com/dp/B07H3MYZLD?tag=eloabder-20&linkCode=osi&th=1&psc=1"><img src="https://m.media-amazon.com/images/I/511p6MPxQ0L._SL500_.jpg" alt="Product Image"></a><p>Flammi Steam Pocket Mop Replacement Pads for Shark S3500 Series S3501 S3601 S3550 S3901 SE450 S3801CO S3601D S2901 S2902 Steam Pocket Mop, 4 Pack</p><p>$16.97 ($4.24 / Count)</p><a href="https://www.amazon.com/dp/B07H3MYZLD?tag=eloabder-20&linkCode=osi&th=1&psc=1">View Product</a></div><div class="product"><a href="https://www.amazon.com/dp/B0C8SH97HN?tag=eloabder-20&linkCode=osi&th=1&psc=1"><img src="https://m.media-amazon.com/images/I/31Mex4y7odL._SL500_.jpg" alt="Product Image"></a><p>HOMEXCEL Steam Mop Replacement Pads Compatible with Bissell Powerfresh Steam Mop 1940 1806 1440 1544 Series, Model 19402 19404 19408 2685A 2075A 1940A 1940Q 1940T 1940W, Steam Mop Pads Refills,4 Pack</p><p>$9.99 ($2.50 / Count)</p><a href="https://www.amazon.com/dp/B0C8SH97HN?tag=eloabder-20&linkCode=osi&th=1&psc=1">View Product</a></div><div class="product"><a href="https://www.amazon.com/dp/B0BFWTXS33?tag=eloabder-20&linkCode=osi&th=1&psc=1"><img src="https://m.media-amazon.com/images/I/51pa2h7o0EL._SL500_.jpg" alt="Product Image"></a><p>12 Pack 1940 Steam Mop Replacement Pads for Bissell Powerfresh Steam Mop 1940 1440 1806 1544 2075 2685A 2814 Series, Model 19402 19404 19408 19409 1940A 1940F 1940Q 1940T 1940W B0006 B0017 2075A 15441</p><p>$24.99</p><a href="https://www.amazon.com/dp/B0BFWTXS33?tag=eloabder-20&linkCode=osi&th=1&psc=1">View Product</a></div><div class="product"><a href="https://www.amazon.com/dp/B0CLP5QGTY?tag=eloabder-20&linkCode=osi&th=1&psc=1"><img src="https://m.media-amazon.com/images/I/414HqpKde9L._SL500_.jpg" alt="Product Image"></a><p>10 Pack 1940 1806 2685A Steam Mop Pads For Bissell Powerfresh Steam Mop Deluxe Pet Lift-Off Plus Slim Scrubbing Steam Mop Replacement Pad 1940A 2814 1544A 2075A Power Fresh Steamer Pad Refill Washable</p><p>$22.99 ($2.30 / Count)</p><a href="https://www.amazon.com/dp/B0CLP5QGTY?tag=eloabder-20&linkCode=osi&th=1&psc=1">View Product</a></div><div class="product"><a href="https://www.amazon.com/dp/B078BBKBPV?tag=eloabder-20&linkCode=osi&th=1&psc=1"><img src="https://m.media-amazon.com/images/I/51WcJqtOUIL._SL500_.jpg" alt="Product Image"></a><p>Tidy Monster Steam Mop Replacement Pads Compatible with Bissell Powerfresh Steam Mop 1940 1806 1544 1440 2075A 2685A Series, Part # 5938 & 203-2633, 1606668 & 1606669 (4 Pack Scrub Plush)</p><p>$9.99</p><a href="https://www.amazon.com/dp/B078BBKBPV?tag=eloabder-20&linkCode=osi&th=1&psc=1">View Product</a></div><div class="product"><a href="https://www.amazon.com/dp/B00A6G37SU?tag=eloabder-20&linkCode=osi&th=1&psc=1"><img src="https://m.media-amazon.com/images/I/51xo0LB-SpL._SL500_.jpg" alt="Product Image"></a><p>BISSELL PowerFresh Steam Mop Pads (Pack of 2) with Fragrance discs (4 ct), 5938</p><p>$21.26 ($10.63 / Count)</p><a href="https://www.amazon.com/dp/B00A6G37SU?tag=eloabder-20&linkCode=osi&th=1&psc=1">View Product</a></div>
<div class="product"><a href="https://www.amazon.com/dp/B0D2QFVY7H?tag=eloabder-20&linkCode=osi&th=1&psc=1"><img src="https://m.media-amazon.com/images/I/417B7H+vvML._SL500_.jpg" alt="Product Image"></a><p>Kenmore KS1010 Deep Clean & Revitalize Pet Carpet Cleaner Formula, 64 oz, White, 64 Fl Oz</p><p>$22.73 ($0.36 / Fl Oz)</p><a href="https://www.amazon.com/dp/B0D2QFVY7H?tag=eloabder-20&linkCode=osi&th=1&psc=1">View Product</a></div><div class="product"><a href="https://www.amazon.com/dp/B0BNK8ZJJ1?tag=eloabder-20&linkCode=osi&th=1&psc=1"><img src="https://m.media-amazon.com/images/I/51z0Pc4xcNL._SL500_.jpg" alt="Product Image"></a><p>Bissell Spotlifter Pet Carpet and Upholstery Cleaner with Brush Head - 4 Pack, 93523</p><p>$23.88 ($0.50 / Fl Oz)</p><a href="https://www.amazon.com/dp/B0BNK8ZJJ1?tag=eloabder-20&linkCode=osi&th=1&psc=1">View Product</a></div><div class="product"><a href="https://www.amazon.com/dp/B0CX245D26?tag=eloabder-20&linkCode=osi&th=1&psc=1"><img src="https://m.media-amazon.com/images/I/411CSXvvO1L._SL500_.jpg" alt="Product Image"></a><p>BISSELLÂ® Spot & Stain with Febreze + Gain Original Scent Formula for Little Green Devices, Portable Carpet Cleaners (3968)</p><p>$12.99 ($0.41 / Fl Oz)</p><a href="https://www.amazon.com/dp/B0CX245D26?tag=eloabder-20&linkCode=osi&th=1&psc=1">View Product</a></div><div class="product"><a href="https://www.amazon.com/dp/B083VZW4R5?tag=eloabder-20&linkCode=osi&th=1&psc=1"><img src="https://m.media-amazon.com/images/I/413BULPLmBL._SL500_.jpg" alt="Product Image"></a><p>BISSELL Multi-Surface Pet Formula with Febreze Freshness for Crosswave (80 oz), 2295L</p><p>$22.99 ($0.29 / Fl Oz)</p><a href="https://www.amazon.com/dp/B083VZW4R5?tag=eloabder-20&linkCode=osi&th=1&psc=1">View Product</a></div><div class="product"><a href="https://www.amazon.com/dp/B0D2RGW219?tag=eloabder-20&linkCode=osi&th=1&psc=1"><img src="https://m.media-amazon.com/images/I/41gD+82tnAL._SL500_.jpg" alt="Product Image"></a><p>Vacmaster Clean & Restore Carpet Cleaner Formula â€“ CCS03</p><p>$19.99 ($0.31 / Fl Oz)</p><a href="https://www.amazon.com/dp/B0D2RGW219?tag=eloabder-20&linkCode=osi&th=1&psc=1">View Product</a></div>






<div class="product"><a href="https://www.amazon.com/dp/B0BY64HQTP?tag=eloabder-20&linkCode=osi&th=1&psc=1"><img src="https://m.media-amazon.com/images/I/41hUxHuASYL._SL500_.jpg" alt="Product Image"></a><p>Air Conditioning Motor WZDK13-38G-1(RD-310-13-8) DC Brushless Fan Motor, 13W Inverter air Conditioner Motor DC Motor for Central air Conditioner</p><p>$39.95</p><a href="https://www.amazon.com/dp/B0BY64HQTP?tag=eloabder-20&linkCode=osi&th=1&psc=1">View Product</a></div><div class="product"><a href="https://www.amazon.com/dp/B0CM5YB884?tag=eloabder-20&linkCode=osi&th=1&psc=1"><img src="https://m.media-amazon.com/images/I/310lQ2tAvLL._SL500_.jpg" alt="Product Image"></a><p>Sparkfix OEM WZDK20-38G (ZKFP-20-8-6) Air Conditioner Replacement Motors DC280V 20W Air Conditioning Fan Motor Inverter Air Conditioner Brushless DC Motor 1300RPM CCW</p><p>$42.79</p><a href="https://www.amazon.com/dp/B0CM5YB884?tag=eloabder-20&linkCode=osi&th=1&psc=1">View Product</a></div>













<div class="product"><a href="https://www.amazon.com/dp/B009PCI2JU?tag=eloabder-20&linkCode=osi&th=1&psc=1"><img src="https://m.media-amazon.com/images/I/310ZJurANUL._SL500_.jpg" alt="Product Image"></a><p>GE RPWFE Refrigerator Water Filter | Certified to Reduce Lead, Sulfur, and 50+ Other Impurities | Replace Every 6 Months for Best Results | Pack of 1</p><p>$49.98</p><a href="https://www.amazon.com/dp/B009PCI2JU?tag=eloabder-20&linkCode=osi&th=1&psc=1">View Product</a></div><div class="product"><a href="https://www.amazon.com/dp/B0882ZJ48W?tag=eloabder-20&linkCode=osi&th=1&psc=1"><img src="https://m.media-amazon.com/images/I/41110o9sUoL._SL500_.jpg" alt="Product Image"></a><p>GE XWFE Refrigerator Water Filter | Certified to Reduce Lead, Sulfur, and 50+ Other Impurities | Replace Every 6 Months for Best Results | Pack of 1, White</p><p>$49.00</p><a href="https://www.amazon.com/dp/B0882ZJ48W?tag=eloabder-20&linkCode=osi&th=1&psc=1">View Product</a></div><div class="product"><a href="https://www.amazon.com/dp/B074HLRXMP?tag=eloabder-20&linkCode=osi&th=1&psc=1"><img src="https://m.media-amazon.com/images/I/21oDpGCQXiL._SL500_.jpg" alt="Product Image"></a><p>LG LT1000P - 6 Month / 200 Gallon Capacity Replacement Refrigerator Water Filter (NSF42, NSF53, and NSF401) ADQ74793501, ADQ75795105, or AGF80300704 , White</p><p>$47.00</p><a href="https://www.amazon.com/dp/B074HLRXMP?tag=eloabder-20&linkCode=osi&th=1&psc=1">View Product</a></div><div class="product"><a href="https://www.amazon.com/dp/B01BKWSHHE?tag=eloabder-20&linkCode=osi&th=1&psc=1"><img src="https://m.media-amazon.com/images/I/31E2+zlkvjL._SL500_.jpg" alt="Product Image"></a><p>Frigidaire EPTWFU01 Water Filtration Filter, 1 Count, White</p><p>$42.99</p><a href="https://www.amazon.com/dp/B01BKWSHHE?tag=eloabder-20&linkCode=osi&th=1&psc=1">View Product</a></div><div class="product"><a href="https://www.amazon.com/dp/B08V6JB9R7?tag=eloabder-20&linkCode=osi&th=1&psc=1"><img src="https://m.media-amazon.com/images/I/31PRPEffCZL._SL500_.jpg" alt="Product Image"></a><p>Frigidaire FPPWFU01 PurePour PWF-1 Water Filter 1 Count (Pack of 1)</p><p>$45.81</p><a href="https://www.amazon.com/dp/B08V6JB9R7?tag=eloabder-20&linkCode=osi&th=1&psc=1">View Product</a></div><div class="product"><a href="https://www.amazon.com/dp/B000AST3AK?tag=eloabder-20&linkCode=osi&th=1&psc=1"><img src="https://m.media-amazon.com/images/I/41DUoSxpwTS._SL500_.jpg" alt="Product Image"></a><p>GE MWF Refrigerator Water Filter | Certified to Reduce Lead, Sulfur, and 50+ Other Impurities | Replace Every 6 Months for Best Results | Pack of 1</p><p>$39.98</p><a href="https://www.amazon.com/dp/B000AST3AK?tag=eloabder-20&linkCode=osi&th=1&psc=1">View Product</a></div><div class="product"><a href="https://www.amazon.com/dp/B0CFZR7K8D?tag=eloabder-20&linkCode=osi&th=1&psc=1"><img src="https://m.media-amazon.com/images/I/31WM5sdhKLL._SL500_.jpg" alt="Product Image"></a><p>HMASAV W10295370A water filter replacement, Compatible with EDR1RXD1,EDR1RXD1B,W10295370,Filter 1,WHR1RXD1,KAD1RXD1,P4RFWB,P8RFWB2L,46-9930,46-9081 2PACK</p><p>$29.99 ($15.00 / Count)</p><a href="https://www.amazon.com/dp/B0CFZR7K8D?tag=eloabder-20&linkCode=osi&th=1&psc=1">View Product</a></div><div class="product"><a href="https://www.amazon.com/dp/B07JM9TTTT?tag=eloabder-20&linkCode=osi&th=1&psc=1"><img src="https://m.media-amazon.com/images/I/41CfAtJ8TPL._SL500_.jpg" alt="Product Image"></a><p>GLACIER FRESH LT1000PC Replacement Water Filter, Compatible with LT1000PC/PCS, LT1000PC, LT-1000PC, MDJ64844601, ADQ747935 ADQ74793504 Filter and LT120F ADQ73334008 Fresh Air (3+3)</p><p>$39.99 ($13.33 / Count)</p><a href="https://www.amazon.com/dp/B07JM9TTTT?tag=eloabder-20&linkCode=osi&th=1&psc=1">View Product</a></div><div class="product"><a href="https://www.amazon.com/dp/B003N1ZSYG?tag=eloabder-20&linkCode=osi&th=1&psc=1"><img src="https://m.media-amazon.com/images/I/31Mbrkrxu1L._SL500_.jpg" alt="Product Image"></a><p>SAMSUNG Genuine Filter for Refrigerator Water and Ice, Carbon Block Filtration for Clean, Clear Drinking Water, 6-Month Life, HAF-CIN/EXP, 1 Pack</p><p>$39.99</p><a href="https://www.amazon.com/dp/B003N1ZSYG?tag=eloabder-20&linkCode=osi&th=1&psc=1">View Product</a></div>









<div class="product"><a href="https://www.amazon.com/dp/B0B2NZ47HN?tag=eloabder-20&linkCode=osi&th=1&psc=1"><img src="https://m.media-amazon.com/images/I/41nC6c2XxJL._SL500_.jpg" alt="Product Image"></a><p>OTE Portable Sparkling Water Maker Soda Maker Machine for home with 20PCS Cylinders 450ml Personal seltzer Carbonators Electroless Double Layer PET Bottle BPA Free Double Pressure Relief Valves -Pink</p><p>$49.99</p><a href="https://www.amazon.com/dp/B0B2NZ47HN?tag=eloabder-20&linkCode=osi&th=1&psc=1">View Product</a></div><div class="product"><a href="https://www.amazon.com/dp/B09DY54L7M?tag=eloabder-20&linkCode=osi&th=1&psc=1"><img src="https://m.media-amazon.com/images/I/31LSpnm3G8L._SL500_.jpg" alt="Product Image"></a><p>MOSOLAN Bottle Cleaning Brush, 17 Inches Extra Long Handle Water Bottle Brush, Flexible Bendable Cleaner for Washing Narrow Neck Bottles, Wine Decanter, Kombucha, Pipes, Beer Brewing Supplies, 2 Pack</p><p>$11.95 ($5.98 / Count)</p><a href="https://www.amazon.com/dp/B09DY54L7M?tag=eloabder-20&linkCode=osi&th=1&psc=1">View Product</a></div><div class="product"><a href="https://www.amazon.com/dp/B0736CBNDN?tag=eloabder-20&linkCode=osi&th=1&psc=1"><img src="https://m.media-amazon.com/images/I/41tWXmwP5KL._SL500_.jpg" alt="Product Image"></a><p>#2 Filter Pads (10 Pack Bulk) Compatible with Mini Jet Machine | #2 1.8-2.5 micron | 2 Micron Filtering pads. Filter Wine Beer, Kombucha, Mead Mash. Polishing filtration| Not a Buon Vino product.</p><p>$18.99</p><a href="https://www.amazon.com/dp/B0736CBNDN?tag=eloabder-20&linkCode=osi&th=1&psc=1">View Product</a></div>









<div class="product"><a href="https://www.amazon.com/dp/B07YGN577Y?tag=eloabder-20&linkCode=osi&th=1&psc=1"><img src="https://m.media-amazon.com/images/I/31kfZiyDMUL._SL500_.jpg" alt="Product Image"></a><p>9870163 Trash Power Nut WP9870163 L8</p><p>$50.36</p><a href="https://www.amazon.com/dp/B07YGN577Y?tag=eloabder-20&linkCode=osi&th=1&psc=1">View Product</a></div>

<div class="product"><a href="https://www.amazon.com/dp/B0CWQLM4C7?tag=eloabder-20&linkCode=osi&th=1&psc=1"><img src="https://m.media-amazon.com/images/I/41gTEIOjtlL._SL500_.jpg" alt="Product Image"></a><p>7" Seven Seconds Lazy Kitchen Food Making Tools - Multifunctional Fruit Vegetable Chopper Quick Garlic Peeling Machine Convenient Food Chopper for Slicing,Juice,Grinding</p><p>$32.99</p><a href="https://www.amazon.com/dp/B0CWQLM4C7?tag=eloabder-20&linkCode=osi&th=1&psc=1">View Product</a></div>







<div class="product"><a href="https://www.amazon.com/dp/B0CNKFM9WR?tag=eloabder-20&linkCode=osi&th=1&psc=1"><img src="https://m.media-amazon.com/images/I/31sGGIDic9L._SL500_.jpg" alt="Product Image"></a><p>hobbyme Pack of 4 Plastic Coffee Scoops with Brush & Espresso Grinder Brush for Ground Coffee Cleaning Tea Power Coffee Grinder Spoon</p><p>$6.49</p><a href="https://www.amazon.com/dp/B0CNKFM9WR?tag=eloabder-20&linkCode=osi&th=1&psc=1">View Product</a></div>





<div class="product"><a href="https://www.amazon.com/dp/B07798328B?tag=eloabder-20&linkCode=osi&th=1&psc=1"><img src="https://m.media-amazon.com/images/I/31Vpin+sgUS._SL500_.jpg" alt="Product Image"></a><p>Prime-Line MP10513 Standard Plastic Ice Cube Trays (5 Pack)</p><p>$12.69</p><a href="https://www.amazon.com/dp/B07798328B?tag=eloabder-20&linkCode=osi&th=1&psc=1">View Product</a></div><div class="product"><a href="https://www.amazon.com/dp/B077965JDB?tag=eloabder-20&linkCode=osi&th=1&psc=1"><img src="https://m.media-amazon.com/images/I/31H1hNlH6RL._SL500_.jpg" alt="Product Image"></a><p>Prime-Line MP10863 Standard Plastic Ice Cube Trays (2 Pack)</p><p>$9.69</p><a href="https://www.amazon.com/dp/B077965JDB?tag=eloabder-20&linkCode=osi&th=1&psc=1">View Product</a></div>

<div class="product"><a href="https://www.amazon.com/dp/B08MPLY84K?tag=eloabder-20&linkCode=osi&th=1&psc=1"><img src="https://m.media-amazon.com/images/I/31kWTfzQJBL._SL500_.jpg" alt="Product Image"></a><p>Syntus Vacuum Sealer Bags, 6 Pack 3 Rolls 11" x 20' and 3 Rolls 8" x 20' Commercial Grade BPA Free Bag Rolls, Food Vac Bags for Storage, Meal Prep or Sous Vide</p><p>$19.99</p><a href="https://www.amazon.com/dp/B08MPLY84K?tag=eloabder-20&linkCode=osi&th=1&psc=1">View Product</a></div><div class="product"><a href="https://www.amazon.com/dp/B0C5BWRMQL?tag=eloabder-20&linkCode=osi&th=1&psc=1"><img src="https://m.media-amazon.com/images/I/41yPpkb6oeL._SL500_.jpg" alt="Product Image"></a><p>Bonsenkitchen Vacuum Sealer Rolls Bags, 6 Pack 3 Rolls 11" x 20' + 3 Rolls 8" x 20' Commercial Grade BPA Free Bag Rolls, Durable Customized Size Food Vac Bags for Storage and Sous Vide Cooking VB3211</p><p>$19.99 ($3.33 / Count)</p><a href="https://www.amazon.com/dp/B0C5BWRMQL?tag=eloabder-20&linkCode=osi&th=1&psc=1">View Product</a></div><div class="product"><a href="https://www.amazon.com/dp/B0C5C1JTC4?tag=eloabder-20&linkCode=osi&th=1&psc=1"><img src="https://m.media-amazon.com/images/I/31JpyYsm7YL._SL500_.jpg" alt="Product Image"></a><p>Bonsenkitchen Vacuum Food Sealer Bags 200 Quart 8" x 12", BPA Free, Commercial Grade Textured Food Vacuum Sealer Bag, Thick Embossed Bags for Food Storage and Sous Vide Cooking VB3208</p><p>$18.39 ($0.09 / Count)</p><a href="https://www.amazon.com/dp/B0C5C1JTC4?tag=eloabder-20&linkCode=osi&th=1&psc=1">View Product</a></div><div class="product"><a href="https://www.amazon.com/dp/B07TMZDGQ1?tag=eloabder-20&linkCode=osi&th=1&psc=1"><img src="https://m.media-amazon.com/images/I/31cRCu-JIsL._SL500_.jpg" alt="Product Image"></a><p>Wevac Vacuum Sealer Bags 11x50 Rolls 2 pack for Food Saver, Seal a Meal, Weston. Commercial Grade, BPA Free, Heavy Duty, Great for vac storage, Meal Prep or Sous Vide</p><p>$20.99 ($0.21 / Count)</p><a href="https://www.amazon.com/dp/B07TMZDGQ1?tag=eloabder-20&linkCode=osi&th=1&psc=1">View Product</a></div><div class="product"><a href="https://www.amazon.com/dp/B07TV4KRCL?tag=eloabder-20&linkCode=osi&th=1&psc=1"><img src="https://m.media-amazon.com/images/I/31uv3qtc9bL._SL500_.jpg" alt="Product Image"></a><p>Wevac Vacuum Sealer Bags 100 Gallon 11x16 Inch for Food Saver, Seal a Meal, Weston. Commercial Grade, BPA Free, Heavy Duty, Great for vac storage, Meal Prep and Sous Vide</p><p>$21.24</p><a href="https://www.amazon.com/dp/B07TV4KRCL?tag=eloabder-20&linkCode=osi&th=1&psc=1">View Product</a></div>


<div class="product"><a href="https://www.amazon.com/dp/B093G5XCVF?tag=eloabder-20&linkCode=osi&th=1&psc=1"><img src="https://m.media-amazon.com/images/I/313Cq6ASf0S._SL500_.jpg" alt="Product Image"></a><p>2 Multipurpose Pastry Brush Basting & Coffee Grinders Cleaning Brush Wooden Handle Natural Boar Bristles Baking Cooking Sauce egg wash Bakery Supply Espresso Bean Barista</p><p>$7.21</p><a href="https://www.amazon.com/dp/B093G5XCVF?tag=eloabder-20&linkCode=osi&th=1&psc=1">View Product</a></div><div class="product"><a href="https://www.amazon.com/dp/B07JGRYG31?tag=eloabder-20&linkCode=osi&th=1&psc=1"><img src="https://m.media-amazon.com/images/I/31nd-jhgzdL._SL500_.jpg" alt="Product Image"></a><p>Coffee Grinder Cleaning Brush + Coffee Brush Wood Handle & Natural Bristles Pastry Brush</p><p>$5.99</p><a href="https://www.amazon.com/dp/B07JGRYG31?tag=eloabder-20&linkCode=osi&th=1&psc=1">View Product</a></div><div class="product"><a href="https://www.amazon.com/dp/B0C53G4T7X?tag=eloabder-20&linkCode=osi&th=1&psc=1"><img src="https://m.media-amazon.com/images/I/21Hrgmpj8YL._SL500_.jpg" alt="Product Image"></a><p>Leadigol Cleaning Tool Coffee Machine Home Pastry Brush Multifunctional Wooden Handle Baking Soft Bristles Coffee Grinder Brush</p><p>$7.99</p><a href="https://www.amazon.com/dp/B0C53G4T7X?tag=eloabder-20&linkCode=osi&th=1&psc=1">View Product</a></div><div class="product"><a href="https://www.amazon.com/dp/B07W5WM2LF?tag=eloabder-20&linkCode=osi&th=1&psc=1"><img src="https://m.media-amazon.com/images/I/41-7fWE9tSL._SL500_.jpg" alt="Product Image"></a><p>Redecker Waffle Machine Brush with Oiled Beechwood Handle, Stiff Heat-resistant Tampico Fiber Bristles, 6-1/2 inches, Made in Germany</p><p>$21.99</p><a href="https://www.amazon.com/dp/B07W5WM2LF?tag=eloabder-20&linkCode=osi&th=1&psc=1">View Product</a></div>






Aucun rÃ©sultat trouvÃ©.


<div class="product"><a href="https://www.amazon.com/dp/B00LQKZQAW?tag=eloabder-20&linkCode=osi&th=1&psc=1"><img src="https://m.media-amazon.com/images/I/31nBii+cbiL._SL500_.jpg" alt="Product Image"></a><p>Electrolux 5308000716 Dish Replacement , White</p><p>$17.16</p><a href="https://www.amazon.com/dp/B00LQKZQAW?tag=eloabder-20&linkCode=osi&th=1&psc=1">View Product</a></div><div class="product"><a href="https://www.amazon.com/dp/B09BBPTSNK?tag=eloabder-20&linkCode=osi&th=1&psc=1"><img src="https://m.media-amazon.com/images/I/41kdVEnPDTL._SL500_.jpg" alt="Product Image"></a><p>Judeeâ€™s Butter Powder 5 lb - 100% Non-GMO and Keto-Friendly - rBST Hormone-Free - Gluten-Free and Nut-Free - Made from 100% Real Butter - Baking Ready Ingredient - Made in USA</p><p>$59.99 ($0.75 / Ounce)</p><a href="https://www.amazon.com/dp/B09BBPTSNK?tag=eloabder-20&linkCode=osi&th=1&psc=1">View Product</a></div>
<div class="product"><a href="https://www.amazon.com/dp/B0C1G9K19X?tag=eloabder-20&linkCode=osi&th=1&psc=1"><img src="https://m.media-amazon.com/images/I/41OVBrQ1wFL._SL500_.jpg" alt="Product Image"></a><p>Coffee Cup Design Coffee Filter Holder, Coffee Paper Rack Stand, Metal Coffee Filter Container Stand, Coffee Bar Accessories Vertical Paper Towel Napkin Holder for Cone Square Fan Shaped Size (Black)</p><p>$8.99</p><a href="https://www.amazon.com/dp/B0C1G9K19X?tag=eloabder-20&linkCode=osi&th=1&psc=1">View Product</a></div><div class="product"><a href="https://www.amazon.com/dp/B07TP1YN7G?tag=eloabder-20&linkCode=osi&th=1&psc=1"><img src="https://m.media-amazon.com/images/I/41BpYdpRyaL._SL500_.jpg" alt="Product Image"></a><p>CAFEMASY Coffee Filter Holder Storage Coffee Filter Paper Dispenser Rack with Dustproof Cover for V60 and Cone Coffee Filters</p><p>$9.99</p><a href="https://www.amazon.com/dp/B07TP1YN7G?tag=eloabder-20&linkCode=osi&th=1&psc=1">View Product</a></div><div class="product"><a href="https://www.amazon.com/dp/B0BFCTW7MY?tag=eloabder-20&linkCode=osi&th=1&psc=1"><img src="https://m.media-amazon.com/images/I/31s709IEZkL._SL500_.jpg" alt="Product Image"></a><p>Coffee Filter Holder, watchget Reusable Coffee Paper Filter Storage Bag for Cone-shaped Filter Papers V60 Waterproof Canvas Suitable for Outdoor Camping Traveling(02)</p><p>$11.99</p><a href="https://www.amazon.com/dp/B0BFCTW7MY?tag=eloabder-20&linkCode=osi&th=1&psc=1">View Product</a></div>





<div class="product"><a href="https://www.amazon.com/dp/B0CTJD9VK7?tag=eloabder-20&linkCode=osi&th=1&psc=1"><img src="https://m.media-amazon.com/images/I/31pqr-gIt8L._SL500_.jpg" alt="Product Image"></a><p>[4 Pack] Water Bottle Brush & Straw Cleaner Set,Stainless Steel Long Handle Baby Bottle Scrub Cleaning Brush for Sports Bottles, Cups, Dishes, Coffee Mugs, Glasswares, Tumblers, Wine Decanters</p><p>$6.50</p><a href="https://www.amazon.com/dp/B0CTJD9VK7?tag=eloabder-20&linkCode=osi&th=1&psc=1">View Product</a></div>




<div class="product"><a href="https://www.amazon.com/dp/B0BQSPKDN4?tag=eloabder-20&linkCode=osi&th=1&psc=1"><img src="https://m.media-amazon.com/images/I/416EnQJjKDL._SL500_.jpg" alt="Product Image"></a><p>Teflon Sheets for Baking (3-Pack) Bundled with ninja foodi air fryer liners (1-Pack) - Baking Sheets for Oven and Air Fryer Oven Mat 12" x 12" - Reusable & Heat Resistant</p><p>$9.99</p><a href="https://www.amazon.com/dp/B0BQSPKDN4?tag=eloabder-20&linkCode=osi&th=1&psc=1">View Product</a></div>





















<div class="product"><a href="https://www.amazon.com/dp/B00UTFZAII?tag=eloabder-20&linkCode=osi&th=1&psc=1"><img src="https://m.media-amazon.com/images/I/31z7hZ6KbXL._SL500_.jpg" alt="Product Image"></a><p>Miele 10123210 AirClean 3D Efficiency Dust Bag, Type GN, 4 Bags & 2 Filters, White</p><p>$21.86 ($21.86 / Count)</p><a href="https://www.amazon.com/dp/B00UTFZAII?tag=eloabder-20&linkCode=osi&th=1&psc=1">View Product</a></div><div class="product"><a href="https://www.amazon.com/dp/B07WHG6J5S?tag=eloabder-20&linkCode=osi&th=1&psc=1"><img src="https://m.media-amazon.com/images/I/41hnaEOxB9L._SL500_.jpg" alt="Product Image"></a><p>KEEPOW Vacuum Filters for Eureka, Power Speed Vacuum Filters Replacement for Eureka NEU182A, NEU182B, NEU280, NEU180, NEU181, NEU188, NEU202 Bagless Upright Vacuum Cleaner, Part E0202 (4 Pack)</p><p>$9.99 ($2.50 / Count)</p><a href="https://www.amazon.com/dp/B07WHG6J5S?tag=eloabder-20&linkCode=osi&th=1&psc=1">View Product</a></div><div class="product"><a href="https://www.amazon.com/dp/B00UTFZB82?tag=eloabder-20&linkCode=osi&th=1&psc=1"><img src="https://m.media-amazon.com/images/I/41WdlL5T0dL._SL500_.jpg" alt="Product Image"></a><p>Miele AirClean 3D Efficiency Dust Bag, Type FJM, 4 Bags & 2 Filters, White</p><p>$18.99</p><a href="https://www.amazon.com/dp/B00UTFZB82?tag=eloabder-20&linkCode=osi&th=1&psc=1">View Product</a></div><div class="product"><a href="https://www.amazon.com/dp/B09NKP346M?tag=eloabder-20&linkCode=osi&th=1&psc=1"><img src="https://m.media-amazon.com/images/I/41o25nqkODL._SL500_.jpg" alt="Product Image"></a><p>Anewise 6 Pack Filter Replacement for Bissell Powerforce Compact Lightweight Upright 2112 1520 for Bissel Turbo Bagless 2690 Cleanview 3437 3508 Vacuum Cleaner, Compare to Parts #1604896/160-4896</p><p>$12.99</p><a href="https://www.amazon.com/dp/B09NKP346M?tag=eloabder-20&linkCode=osi&th=1&psc=1">View Product</a></div><div class="product"><a href="https://www.amazon.com/dp/B01MQ5NITB?tag=eloabder-20&linkCode=osi&th=1&psc=1"><img src="https://m.media-amazon.com/images/I/41J6lG4H1bL._SL500_.jpg" alt="Product Image"></a><p>Bissell Style 7 3 Pack Vacuum Cleaner Bags, White, 3 Count</p><p>$8.69 ($2.90 / Count)</p><a href="https://www.amazon.com/dp/B01MQ5NITB?tag=eloabder-20&linkCode=osi&th=1&psc=1">View Product</a></div><div class="product"><a href="https://www.amazon.com/dp/B0CDH1JY5D?tag=eloabder-20&linkCode=osi&th=1&psc=1"><img src="https://m.media-amazon.com/images/I/516DPXu4siL._SL500_.jpg" alt="Product Image"></a><p>4 Pack Replacement Filters Compatiable with Wyze Cordless Vacuum Cleaner, Removable and Washable HEPA Filter Accessories Part Set with 1 Cleaning Brush for Wyze Handheld Cordless Vacuum Cleaner</p><p>$15.99 ($4.00 / Count)</p><a href="https://www.amazon.com/dp/B0CDH1JY5D?tag=eloabder-20&linkCode=osi&th=1&psc=1">View Product</a></div><div class="product"><a href="https://www.amazon.com/dp/B07P3WB37F?tag=eloabder-20&linkCode=osi&th=1&psc=1"><img src="https://m.media-amazon.com/images/I/51WaYrkiVXL._SL500_.jpg" alt="Product Image"></a><p>Miele AirClean 3D Efficiency Dust Bag, Type GN, XL Value Pack, 8 Bags and 4 Filters</p><p>$36.99</p><a href="https://www.amazon.com/dp/B07P3WB37F?tag=eloabder-20&linkCode=osi&th=1&psc=1">View Product</a></div><div class="product"><a href="https://www.amazon.com/dp/B09DSY4Z2T?tag=eloabder-20&linkCode=osi&th=1&psc=1"><img src="https://m.media-amazon.com/images/I/51+ref3EeAL._SL500_.jpg" alt="Product Image"></a><p>Filter Replacement for Tineco A10 A11 Hero A10/A11 Master PURE ONE S11 Series, S12, X Cordless Vacuum Cleaner (3 PACK) â€¦</p><p>$12.99 ($4.33 / Count)</p><a href="https://www.amazon.com/dp/B09DSY4Z2T?tag=eloabder-20&linkCode=osi&th=1&psc=1">View Product</a></div>


<div class="product"><a href="https://www.amazon.com/dp/B0BXRR5QFV?tag=eloabder-20&linkCode=osi&th=1&psc=1"><img src="https://m.media-amazon.com/images/I/41sjdBkCp8L._SL500_.jpg" alt="Product Image"></a><p>AC Infinity CLOUDFORGE T7, Plant Humidifier 15L with VPD Humidity Controls, 10-Level Precision Vaporizer, Extendable Hose, Targeting Pipe, and No-Leak Seal for Grow Tents</p><p>$159.00</p><a href="https://www.amazon.com/dp/B0BXRR5QFV?tag=eloabder-20&linkCode=osi&th=1&psc=1">View Product</a></div><div class="product"><a href="https://www.amazon.com/dp/B01N6MV8SA?tag=eloabder-20&linkCode=osi&th=1&psc=1"><img src="https://m.media-amazon.com/images/I/41hX08+W1xL._SL500_.jpg" alt="Product Image"></a><p>Protec Humidifier Tank Cleaner, 1 Count - Colors May Vary</p><p>$5.98</p><a href="https://www.amazon.com/dp/B01N6MV8SA?tag=eloabder-20&linkCode=osi&th=1&psc=1">View Product</a></div><div class="product"><a href="https://www.amazon.com/dp/B07GXBTH82?tag=eloabder-20&linkCode=osi&th=1&psc=1"><img src="https://m.media-amazon.com/images/I/41ibxK12JPL._SL500_.jpg" alt="Product Image"></a><p>Essick Air 1970-2 Humidifier, 2-Quart Bacteriostatic Treatment, 2 Pack, Clear, 2</p><p>$22.99</p><a href="https://www.amazon.com/dp/B07GXBTH82?tag=eloabder-20&linkCode=osi&th=1&psc=1">View Product</a></div><div class="product"><a href="https://www.amazon.com/dp/B08TTT3K9B?tag=eloabder-20&linkCode=osi&th=1&psc=1"><img src="https://m.media-amazon.com/images/I/41U6j9SexmL._SL500_.jpg" alt="Product Image"></a><p>Leemone Humidifier Cleaner 12 Pack, Demineralization Cleaning Ball, Works in All humidifiers and Fish Tanks, Purifies Water, Prevents Hard Water Build-Up, Eliminates White Dust and Odor</p><p>$14.44</p><a href="https://www.amazon.com/dp/B08TTT3K9B?tag=eloabder-20&linkCode=osi&th=1&psc=1">View Product</a></div>
<div class="product"><a href="https://www.amazon.com/dp/B07YD4XCT3?tag=eloabder-20&linkCode=osi&th=1&psc=1"><img src="https://m.media-amazon.com/images/I/41hR81iKyJL._SL500_.jpg" alt="Product Image"></a><p>Vacplus Moisture Absorber Packets, Fragrance Free(10 Pack), Humidity Packs, Hanging Closet Dehumidifier Bags, Desiccant 9.8OZ</p><p>$21.99</p><a href="https://www.amazon.com/dp/B07YD4XCT3?tag=eloabder-20&linkCode=osi&th=1&psc=1">View Product</a></div><div class="product"><a href="https://www.amazon.com/dp/B09LQF5V5K?tag=eloabder-20&linkCode=osi&th=1&psc=1"><img src="https://m.media-amazon.com/images/I/51Cx5ECAotL._SL500_.jpg" alt="Product Image"></a><p>CLEVAST Moisture Absorbers Packets 10 Pack, Dehumidifier Bags for Closet, Unscented Hanging Humidity Absorber in Wardrobes, Bedrooms, Bathrooms(230g/pack)</p><p>$16.98</p><a href="https://www.amazon.com/dp/B09LQF5V5K?tag=eloabder-20&linkCode=osi&th=1&psc=1">View Product</a></div><div class="product"><a href="https://www.amazon.com/dp/B0B8L9QRW8?tag=eloabder-20&linkCode=osi&th=1&psc=1"><img src="https://m.media-amazon.com/images/I/518LgtpPi8L._SL500_.jpg" alt="Product Image"></a><p>Arm & Hammer Essentials Disposable Moisture Absorber and Odor Eliminator Tub, Fragrance Free, 1 lb, 3-Pack, Attracts and Traps Excess Moisture, Ideal Closet Dehumidifier, White</p><p>$24.94 ($0.52 / Ounce)</p><a href="https://www.amazon.com/dp/B0B8L9QRW8?tag=eloabder-20&linkCode=osi&th=1&psc=1">View Product</a></div><div class="product"><a href="https://www.amazon.com/dp/B09W9TPJGZ?tag=eloabder-20&linkCode=osi&th=1&psc=1"><img src="https://m.media-amazon.com/images/I/51pVTVMwHbL._SL500_.jpg" alt="Product Image"></a><p>THECOSKY Dehumidifier and Air Purifier Combo,HEPA H13 Filter and Negative Air Ion Function,54oz(1.6L) Water Tank with Drain Hose,24hrs Auto-Off Timer,Idea for Bedroom,Bathroom,Closet,RV</p><p>$109.99</p><a href="https://www.amazon.com/dp/B09W9TPJGZ?tag=eloabder-20&linkCode=osi&th=1&psc=1">View Product</a></div><div class="product"><a href="https://www.amazon.com/dp/B0CXDG65LZ?tag=eloabder-20&linkCode=osi&th=1&psc=1"><img src="https://m.media-amazon.com/images/I/41HNflmbKHL._SL500_.jpg" alt="Product Image"></a><p>14 x 17.5 x1.75 MERV 13 Replacement Dehumidifier Filter Compatible with Santa Fe Advance90, Advance100, Advance120, Honeywell DR90 & DR120 dehumidifier models, 2 Pack</p><p>$42.99</p><a href="https://www.amazon.com/dp/B0CXDG65LZ?tag=eloabder-20&linkCode=osi&th=1&psc=1">View Product</a></div>
<div class="product"><a href="https://www.amazon.com/dp/B088B921NQ?tag=eloabder-20&linkCode=osi&th=1&psc=1"><img src="https://m.media-amazon.com/images/I/612e4cT3RYL._SL500_.jpg" alt="Product Image"></a><p>ULTTY H13 HEPA Replacement Filter with Medical Coating, True HEPA Filter For R021/ R020 Purifying Fan, Medium</p><p>$29.99</p><a href="https://www.amazon.com/dp/B088B921NQ?tag=eloabder-20&linkCode=osi&th=1&psc=1">View Product</a></div><div class="product"><a href="https://www.amazon.com/dp/B0D2MZ4Y7Z?tag=eloabder-20&linkCode=osi&th=1&psc=1"><img src="https://m.media-amazon.com/images/I/51KgTHizWyL._SL500_.jpg" alt="Product Image"></a><p>Butto 5-Pack Ceiling Fan Filters for Blades - Strong Adhesive Ceiling Fan Filters for Common Household Contaminants - Unscented Coconut Carbon Fan Air Purifier Pads to Make Air Fresh and Natural</p><p>$9.98</p><a href="https://www.amazon.com/dp/B0D2MZ4Y7Z?tag=eloabder-20&linkCode=osi&th=1&psc=1">View Product</a></div><div class="product"><a href="https://www.amazon.com/dp/B0C42HCM21?tag=eloabder-20&linkCode=osi&th=1&psc=1"><img src="https://m.media-amazon.com/images/I/31jk3lpoygL._SL500_.jpg" alt="Product Image"></a><p>Barnakl Ceiling Fan Filters | Activated Coconut Shell Carbon Filter | Easy-Stick Universal Ceiling Fan Air Filters | Unscented Ceiling Fan Blade Filters for Common Household Contaminants, (3-Count)</p><p>$19.99 ($6.66 / Count)</p><a href="https://www.amazon.com/dp/B0C42HCM21?tag=eloabder-20&linkCode=osi&th=1&psc=1">View Product</a></div>
<div class="product"><a href="https://www.amazon.com/dp/B08LZWP29P?tag=eloabder-20&linkCode=osi&th=1&psc=1"><img src="https://m.media-amazon.com/images/I/41NLuzzFW9L._SL500_.jpg" alt="Product Image"></a><p>Chromex Tankless Water Heater Descaling Solution | Highly Effective Descaler Restores Heating Efficiency, Quart, 32 fl oz (1)</p><p>$26.99</p><a href="https://www.amazon.com/dp/B08LZWP29P?tag=eloabder-20&linkCode=osi&th=1&psc=1">View Product</a></div>

<div class="product"><a href="https://www.amazon.com/dp/B005UO4OWQ?tag=eloabder-20&linkCode=osi&th=1&psc=1"><img src="https://m.media-amazon.com/images/I/41oQPKFofoL._SL500_.jpg" alt="Product Image"></a><p>Bissell 203-7458 Brushroll, Bg10/86T3, Black</p><p>$21.26 ($21.26 / Count)</p><a href="https://www.amazon.com/dp/B005UO4OWQ?tag=eloabder-20&linkCode=osi&th=1&psc=1">View Product</a></div>





















<div class="product"><a href="https://www.amazon.com/dp/B0014J7FUY?tag=eloabder-20&linkCode=osi&th=1&psc=1"><img src="https://m.media-amazon.com/images/I/31QrM+IPxOL._SL500_.jpg" alt="Product Image"></a><p>Urnex Grindz Professional Coffee Grinder Cleaning Tablets - 430 Grams - All Natural Food Safe Gluten Free - Cleans Burr and Casing - Help Extend Life of Your Grinder</p><p>$25.99 ($1.71 / Ounce)</p><a href="https://www.amazon.com/dp/B0014J7FUY?tag=eloabder-20&linkCode=osi&th=1&psc=1">View Product</a></div>



<div class="product"><a href="https://www.amazon.com/dp/B0CHW317SG?tag=eloabder-20&linkCode=osi&th=1&psc=1"><img src="https://m.media-amazon.com/images/I/41Qd5Iu3qBL._SL500_.jpg" alt="Product Image"></a><p>EUHOMY 55 Can Beverage Refrigerator cooler-Mini Fridge Glass Door for Beer Drinks Wines, Freestanding Beverage Fridge with Adjustable Shelves Blue LED for Home/Office/Dorm/Bar (1.3cu.ft)</p><p>$128.99</p><a href="https://www.amazon.com/dp/B0CHW317SG?tag=eloabder-20&linkCode=osi&th=1&psc=1">View Product</a></div>

<div class="product"><a href="https://www.amazon.com/dp/B099CN2MRK?tag=eloabder-20&linkCode=osi&th=1&psc=1"><img src="https://m.media-amazon.com/images/I/31CvUCIUX5L._SL500_.jpg" alt="Product Image"></a><p>Genuine PuroAir 240 Replacement Filter - Replacement HEPA Filter for PuroAir 240 Purifier - Captures up to 99% of Pollen, Smoke, Pollen, Dust and Common Household Pollutants</p><p>$48.00</p><a href="https://www.amazon.com/dp/B099CN2MRK?tag=eloabder-20&linkCode=osi&th=1&psc=1">View Product</a></div><div class="product"><a href="https://www.amazon.com/dp/B0055521W0?tag=eloabder-20&linkCode=osi&th=1&psc=1"><img src="https://m.media-amazon.com/images/I/41Hs7ixdyXL._SL500_.jpg" alt="Product Image"></a><p>GermGuardian Filter B HEPA Pure Genuine Air Purifier Replacement Filter, Removes 99.97% of Pollutants for AC4825, AC4300, AC4900, AC4825DLX, AC4850, CDAP4500, AP2200, Black/Yellow, FLT4825</p><p>$17.90 ($17.90 / Count)</p><a href="https://www.amazon.com/dp/B0055521W0?tag=eloabder-20&linkCode=osi&th=1&psc=1">View Product</a></div><div class="product"><a href="https://www.amazon.com/dp/B0BNMYKZPV?tag=eloabder-20&linkCode=osi&th=1&psc=1"><img src="https://m.media-amazon.com/images/I/41-K3mB6KkL._SL500_.jpg" alt="Product Image"></a><p>2 Pack True HEPA KILO Filter Compatible with Afloia KILO, KILOPLUS, KILOPRO, MIRO,MIRO PRO and MORENTO MR-Kilo, Kalo Air Purifier, 360Â° 3-Stage Filtration</p><p>$34.99 ($17.50 / Count)</p><a href="https://www.amazon.com/dp/B0BNMYKZPV?tag=eloabder-20&linkCode=osi&th=1&psc=1">View Product</a></div><div class="product"><a href="https://www.amazon.com/dp/B0D3M4Y9W7?tag=eloabder-20&linkCode=osi&th=1&psc=1"><img src="https://m.media-amazon.com/images/I/41tzW+mkZuL._SL500_.jpg" alt="Product Image"></a><p>Breshair 14 True HEPA Filter Replacement Compatible with PuroAir 240 Air Purifier, 3-in-1 Filtration System with Activated Carbon Filter, 2-Pack</p><p>$31.56 ($15.78 / Count)</p><a href="https://www.amazon.com/dp/B0D3M4Y9W7?tag=eloabder-20&linkCode=osi&th=1&psc=1">View Product</a></div><div class="product"><a href="https://www.amazon.com/dp/B0CB18MVX6?tag=eloabder-20&linkCode=osi&th=1&psc=1"><img src="https://m.media-amazon.com/images/I/519ZmmLOrzL._SL500_.jpg" alt="Product Image"></a><p>2 Pack 3-in-1 H13 True HEPA Replacement Filter Compatible with Pure Enrichment PureZone Air Purifier Part# PEAIRPLG</p><p>$23.99 ($12.00 / Count)</p><a href="https://www.amazon.com/dp/B0CB18MVX6?tag=eloabder-20&linkCode=osi&th=1&psc=1">View Product</a></div><div class="product"><a href="https://www.amazon.com/dp/B08JTZMRML?tag=eloabder-20&linkCode=osi&th=1&psc=1"><img src="https://m.media-amazon.com/images/I/51yx60sCjHL._SL500_.jpg" alt="Product Image"></a><p>6 Pack HPA300 HEPA Filter Replacement for Honeywell HPA300 Series Air Purifiers HPA300, HPA300VP, HPA304, HPA3300, Replace HRF-R3 (6 Ture HEPA R Replacement Filter + 8 Activated Carbon Pre-Filter)</p><p>$47.99 ($3.43 / Count)</p><a href="https://www.amazon.com/dp/B08JTZMRML?tag=eloabder-20&linkCode=osi&th=1&psc=1">View Product</a></div><div class="product"><a href="https://www.amazon.com/dp/B0CF1GLSYS?tag=eloabder-20&linkCode=osi&th=1&psc=1"><img src="https://m.media-amazon.com/images/I/41709EXRzXL._SL500_.jpg" alt="Product Image"></a><p>CHIVALZ 4 Pack HY4866 True HEPA Replacement Filters Compatible with MORENTO HY4866 Air Purifier, WESTHEY HY4866 Air Purifier and YIOU M1 Air Cleaner Purifier, Original Version</p><p>$39.99 ($10.00 / Count)</p><a href="https://www.amazon.com/dp/B0CF1GLSYS?tag=eloabder-20&linkCode=osi&th=1&psc=1">View Product</a></div>







<div class="product"><a href="https://www.amazon.com/dp/B0CYKMFKR9?tag=eloabder-20&linkCode=osi&th=1&psc=1"><img src="https://m.media-amazon.com/images/I/316zU-ozoxL._SL500_.jpg" alt="Product Image"></a><p>Air Purifier Replacement Filter for Space Heater Bladeless Fan</p><p>$29.99</p><a href="https://www.amazon.com/dp/B0CYKMFKR9?tag=eloabder-20&linkCode=osi&th=1&psc=1">View Product</a></div>
<div class="product"><a href="https://www.amazon.com/dp/B07MRH6VY7?tag=eloabder-20&linkCode=osi&th=1&psc=1"><img src="https://m.media-amazon.com/images/I/51g-nuN4A5L._SL500_.jpg" alt="Product Image"></a><p>Colorfullife Replacement Air Purifier Filter for Dyson Tower Purifier Pure Cool Link TP01, TP02, TP03, BP01, Compare to Part 968126-03ï¼Œ2 Pack</p><p>$26.99</p><a href="https://www.amazon.com/dp/B07MRH6VY7?tag=eloabder-20&linkCode=osi&th=1&psc=1">View Product</a></div><div class="product"><a href="https://www.amazon.com/dp/B07TX5SW7J?tag=eloabder-20&linkCode=osi&th=1&psc=1"><img src="https://m.media-amazon.com/images/I/512Kn+cPglL._SL500_.jpg" alt="Product Image"></a><p>TP01 HEPA Filter Replacement Compatible with Dyson Tower Purifier Pure Cool Link TP01, TP02, TP03, AM11, BP01 Models, Compare to Part # 968126-03 (Pack of 2)</p><p>$27.95 ($13.98 / Count)</p><a href="https://www.amazon.com/dp/B07TX5SW7J?tag=eloabder-20&linkCode=osi&th=1&psc=1">View Product</a></div><div class="product"><a href="https://www.amazon.com/dp/B0CC24GZGB?tag=eloabder-20&linkCode=osi&th=1&psc=1"><img src="https://m.media-amazon.com/images/I/41woNpZ9VgL._SL500_.jpg" alt="Product Image"></a><p>TP01 TP02 Filter Compatible with Dyson Pure Cool Link Purifying Tower Fan TP00 TP03 AM11 and Cool Me BP01 Personal Series, 360Â° Air Purifier Filter Replacement 968126-03, 1-Pack</p><p>$25.99</p><a href="https://www.amazon.com/dp/B0CC24GZGB?tag=eloabder-20&linkCode=osi&th=1&psc=1">View Product</a></div><div class="product"><a href="https://www.amazon.com/dp/B0CX23N2JJ?tag=eloabder-20&linkCode=osi&th=1&psc=1"><img src="https://m.media-amazon.com/images/I/3145hmd5j7L._SL500_.jpg" alt="Product Image"></a><p>Dreo Air Purifiers Replacement Filter, HEPA Filter for Dreo Purifier Tower Fan MC710S, with 2 Stage Filtration, Black, Standard(DR-HPA019)</p><p>$39.99</p><a href="https://www.amazon.com/dp/B0CX23N2JJ?tag=eloabder-20&linkCode=osi&th=1&psc=1">View Product</a></div>










<div class="product"><a href="https://www.amazon.com/dp/B001U0OJ7O?tag=eloabder-20&linkCode=osi&th=1&psc=1"><img src="https://m.media-amazon.com/images/I/41XEg3QV-wL._SL500_.jpg" alt="Product Image"></a><p>Whirlpool W10165294RB 15-Inch Plastic Trash Compactor ct, 60 Bags, Count</p><p>$48.34</p><a href="https://www.amazon.com/dp/B001U0OJ7O?tag=eloabder-20&linkCode=osi&th=1&psc=1">View Product</a></div><div class="product"><a href="https://www.amazon.com/dp/B0CC3V4ZZ4?tag=eloabder-20&linkCode=osi&th=1&psc=1"><img src="https://m.media-amazon.com/images/I/31bbvodHnjL._SL500_.jpg" alt="Product Image"></a><p>Waste Smasher- Hand-Held Manual Trash Compactor Dishwasher Safe Black</p><p>$24.95</p><a href="https://www.amazon.com/dp/B0CC3V4ZZ4?tag=eloabder-20&linkCode=osi&th=1&psc=1">View Product</a></div><div class="product"><a href="https://www.amazon.com/dp/B00IYO5914?tag=eloabder-20&linkCode=osi&th=1&psc=1"><img src="https://m.media-amazon.com/images/I/51SLpTXIYNL._SL500_.jpg" alt="Product Image"></a><p>Kitchen Master Super Strong Compactor Bags Pre Cuffed (12 Pack)</p><p>$34.95</p><a href="https://www.amazon.com/dp/B00IYO5914?tag=eloabder-20&linkCode=osi&th=1&psc=1">View Product</a></div><div class="product"><a href="https://www.amazon.com/dp/B075DJ4ZVQ?tag=eloabder-20&linkCode=osi&th=1&psc=1"><img src="https://m.media-amazon.com/images/I/51Vaek4I89L._SL500_.jpg" alt="Product Image"></a><p>Dano Pre-Cuffed Compactor Bags</p><p>$32.95 ($2.75 / Count)</p><a href="https://www.amazon.com/dp/B075DJ4ZVQ?tag=eloabder-20&linkCode=osi&th=1&psc=1">View Product</a></div><div class="product"><a href="https://www.amazon.com/dp/B0C2DCVCBJ?tag=eloabder-20&linkCode=osi&th=1&psc=1"><img src="https://m.media-amazon.com/images/I/51072CtaKuL._SL500_.jpg" alt="Product Image"></a><p>60-pack W10165294RB Trash Compactor Bags - leak-proof trash compactor bags for kitchen 60-ct 15 inches - Fits 15-inch Rectangular Drawer Compactors</p><p>$45.99 ($0.77 / Count)</p><a href="https://www.amazon.com/dp/B0C2DCVCBJ?tag=eloabder-20&linkCode=osi&th=1&psc=1">View Product</a></div><div class="product"><a href="https://www.amazon.com/dp/B001U0OJ7E?tag=eloabder-20&linkCode=osi&th=1&psc=1"><img src="https://m.media-amazon.com/images/I/41c0z26RyvL._SL500_.jpg" alt="Product Image"></a><p>Whirlpool W10165293RB Genuine OEM 60 Pack-Plastic Compactor Bags-18" Models â€“ 1394369, 4178058, 4318932, 4318933, 4318935, 4318937, 4318939, AH1964576, EA1964576, PS1964576</p><p>$48.64 ($0.81 / Count)</p><a href="https://www.amazon.com/dp/B001U0OJ7E?tag=eloabder-20&linkCode=osi&th=1&psc=1">View Product</a></div><div class="product"><a href="https://www.amazon.com/dp/B00W27J16S?tag=eloabder-20&linkCode=osi&th=1&psc=1"><img src="https://m.media-amazon.com/images/I/41RaOjAGlrL._SL500_.jpg" alt="Product Image"></a><p>Compactor Bags Pre Cuffed (50 Pack)</p><p>$84.95 ($1.70 / count)</p><a href="https://www.amazon.com/dp/B00W27J16S?tag=eloabder-20&linkCode=osi&th=1&psc=1">View Product</a></div><div class="product"><a href="https://www.amazon.com/dp/B00MOCYY2W?tag=eloabder-20&linkCode=osi&th=1&psc=1"><img src="https://m.media-amazon.com/images/I/41SH8mDsAnL._SL500_.jpg" alt="Product Image"></a><p>GE WX60X1 Genuine OEM Universal Trash Compactor Bags for GE Trash Compactors</p><p>$19.00</p><a href="https://www.amazon.com/dp/B00MOCYY2W?tag=eloabder-20&linkCode=osi&th=1&psc=1">View Product</a></div><div class="product"><a href="https://www.amazon.com/dp/B0D7SFSTNG?tag=eloabder-20&linkCode=osi&th=1&psc=1"><img src="https://m.media-amazon.com/images/I/41szt9tZJPL._SL500_.jpg" alt="Product Image"></a><p>4PCS Trash Compactor Charcoal Air Filter Fit for Whirlpool/KitchenAid/Maytag/Jenn-Air/Amana/Inglis/Magic Chef Trash Compactor, Replaces 4151750 554358 WP4151750 AP6009134 PS11742279</p><p>$23.59 ($5.90 / Count)</p><a href="https://www.amazon.com/dp/B0D7SFSTNG?tag=eloabder-20&linkCode=osi&th=1&psc=1">View Product</a></div>
<div class="product"><a href="https://www.amazon.com/dp/B0CGLX5ZB9?tag=eloabder-20&linkCode=osi&th=1&psc=1"><img src="https://m.media-amazon.com/images/I/51qeRZQS98L._SL500_.jpg" alt="Product Image"></a><p>Spare Replacement Parts Compatible with MAMNV BR150 BR151, ZCWA BR150 BR151, MANVINS G20 Robot Vacuum and Mop Combo Accessories Include: 3 Hepa Filters 3 Mop Pads 6 Side Spin Brushes</p><p>$9.98</p><a href="https://www.amazon.com/dp/B0CGLX5ZB9?tag=eloabder-20&linkCode=osi&th=1&psc=1">View Product</a></div><div class="product"><a href="https://www.amazon.com/dp/B0B28DGZBG?tag=eloabder-20&linkCode=osi&th=1&psc=1"><img src="https://m.media-amazon.com/images/I/51ooMN4RqML._SL500_.jpg" alt="Product Image"></a><p>Replacement Parts for Shark AI AV2511AE AV2501S AV2610WA AV2501AE RV2502AE RV2610WA RV2520 AV2510 2-In-1 AI Ultra Robot Vacuum Cleaner Accessories Kits. Main Brush, HEPA Filter, Foam Filter,Side Brush</p><p>$19.99 ($1.05 / Count)</p><a href="https://www.amazon.com/dp/B0B28DGZBG?tag=eloabder-20&linkCode=osi&th=1&psc=1">View Product</a></div><div class="product"><a href="https://www.amazon.com/dp/B0782T7L6P?tag=eloabder-20&linkCode=osi&th=1&psc=1"><img src="https://m.media-amazon.com/images/I/41hTVkuzMJL._SL500_.jpg" alt="Product Image"></a><p>10pcs HEPA Filters Replacement for ILIFE V3s V3s pro V5 V5s V5s Pro V5s Pro 2 V5s Plus Noisz S5 Robotic Vacuum Cleaner ILIFE V3s pro Filters ILIFE Robot Vacuum Filter</p><p>$9.80 ($0.98 / Count)</p><a href="https://www.amazon.com/dp/B0782T7L6P?tag=eloabder-20&linkCode=osi&th=1&psc=1">View Product</a></div><div class="product"><a href="https://www.amazon.com/dp/B0CXLVHTTC?tag=eloabder-20&linkCode=osi&th=1&psc=1"><img src="https://m.media-amazon.com/images/I/51BT3phYzKL._SL500_.jpg" alt="Product Image"></a><p>HUIZHEN Spare Accessories for MAMNV BR150/BR151, for ZCWA BR150/BR151, for MANVINS G20,for GTTVO BR150/BR151,for ONSON BR150/BR151 Robot Vacuum Replacement Parts,6 Side Brush,4 HEPA Filters,4 Mop Pads</p><p>$9.99</p><a href="https://www.amazon.com/dp/B0CXLVHTTC?tag=eloabder-20&linkCode=osi&th=1&psc=1">View Product</a></div><div class="product"><a href="https://www.amazon.com/dp/B08RYDDQL8?tag=eloabder-20&linkCode=osi&th=1&psc=1"><img src="https://m.media-amazon.com/images/I/314Xd7+oBXL._SL500_.jpg" alt="Product Image"></a><p>AirClean 4 Pack 3.7" High Replacement Base Pre-Motor Foam Filters Compatible with Shark IQ Robot Vacuum R101AE RV1001AE UR1005AE Self-Empty Base</p><p>$12.99 ($3.25 / Count)</p><a href="https://www.amazon.com/dp/B08RYDDQL8?tag=eloabder-20&linkCode=osi&th=1&psc=1">View Product</a></div><div class="product"><a href="https://www.amazon.com/dp/B0CJLHJ557?tag=eloabder-20&linkCode=osi&th=1&psc=1"><img src="https://m.media-amazon.com/images/I/41iQm8hUjiL._SL500_.jpg" alt="Product Image"></a><p>Replacement Parts Compatible with WYZE Robot Vacuum Cleaner WVCR200S Accessories, 2 Main Brushes, 6 Hepa Filters, 8 Side Brushes Attachment Spare Pack</p><p>$14.99 ($0.94 / Count)</p><a href="https://www.amazon.com/dp/B0CJLHJ557?tag=eloabder-20&linkCode=osi&th=1&psc=1">View Product</a></div>
<div class="product"><a href="https://www.amazon.com/dp/B0C4595Q8P?tag=eloabder-20&linkCode=osi&th=1&psc=1"><img src="https://m.media-amazon.com/images/I/51k23SAtRxL._SL500_.jpg" alt="Product Image"></a><p>4 Pack FSV001 HEPA Filter Compatiable with Fabuletta FSV101, FSV001, Girnoor G160&G165, Afoddon A300, Lubluelu 202, Oraimo Cordless Vacuum Cleaner, Besswin W26 Cordless Stick Vacuum Cleaners</p><p>$15.99 ($4.00 / Count)</p><a href="https://www.amazon.com/dp/B0C4595Q8P?tag=eloabder-20&linkCode=osi&th=1&psc=1">View Product</a></div>
<div class="product"><a href="https://www.amazon.com/dp/B0BNKJX96X?tag=eloabder-20&linkCode=osi&th=1&psc=1"><img src="https://m.media-amazon.com/images/I/41OPeLFppoL._SL500_.jpg" alt="Product Image"></a><p>6 PACK 2033 Replacement Filter Compatible with Bissell Featherweight Stick Lightweight Bagless Vacuum Cleaner 20331, 20333, 20334, 20336, 20339, 2033M,6 Mesh Filter 6 Foam Filters, Replace # 1611508</p><p>$14.99 ($2.50 / Count)</p><a href="https://www.amazon.com/dp/B0BNKJX96X?tag=eloabder-20&linkCode=osi&th=1&psc=1">View Product</a></div><div class="product"><a href="https://www.amazon.com/dp/B0CMBWLTSM?tag=eloabder-20&linkCode=osi&th=1&psc=1"><img src="https://m.media-amazon.com/images/I/41PHqKaLTDL._SL500_.jpg" alt="Product Image"></a><p>18V ONE + Cordless Pet Stick Vacuum Filter for Ryobi, PCL720, PBLSV716, PBLSV717 Stick Vacuum, Reusable Washable Filters, Compare to Part A32SV720N, 6 Pack</p><p>$15.99 ($2.66 / Count)</p><a href="https://www.amazon.com/dp/B0CMBWLTSM?tag=eloabder-20&linkCode=osi&th=1&psc=1">View Product</a></div><div class="product"><a href="https://www.amazon.com/dp/B0CXDYWWT9?tag=eloabder-20&linkCode=osi&th=1&psc=1"><img src="https://m.media-amazon.com/images/I/41F1csTT8jL._SL500_.jpg" alt="Product Image"></a><p>2 Replacement Filters for Craftsman V20 Cordless Stick Vacuum CMCVS001D1, for Black Decker BSVF1 BSV2020 BSV2020G BSV2020P Cordless Stick Vacuum Cleaner with 1 Cleaning Brush</p><p>$14.99</p><a href="https://www.amazon.com/dp/B0CXDYWWT9?tag=eloabder-20&linkCode=osi&th=1&psc=1">View Product</a></div><div class="product"><a href="https://www.amazon.com/dp/B0CCJ5N5DH?tag=eloabder-20&linkCode=osi&th=1&psc=1"><img src="https://m.media-amazon.com/images/I/41xmhDPqk8L._SL500_.jpg" alt="Product Image"></a><p>Aolleteau 1 Pack Brush Roller Compatible with Black + Decker BSV2020, BSV2020P, BSV2020G Powerseries Extreme Cordless Stick Vacuum and Compatible with Craftsman V20 Cordless Stick Vacuum CMCVS001D1</p><p>$17.99</p><a href="https://www.amazon.com/dp/B0CCJ5N5DH?tag=eloabder-20&linkCode=osi&th=1&psc=1">View Product</a></div><div class="product"><a href="https://www.amazon.com/dp/B0CQY61LFD?tag=eloabder-20&linkCode=osi&th=1&psc=1"><img src="https://m.media-amazon.com/images/I/31swBBC444L._SL500_.jpg" alt="Product Image"></a><p>Tablenco for Shark HZ602 Filter Replacement Ultralight Pet Pro Corded Stick Vacuum and HZ2002 Vertex DuoClean PowerFins fit HZ2000 HZ251 HZ250 HH200 HH202,4 Foam Felt 4 Motor Kit (No cleaning brush)</p><p>$9.98</p><a href="https://www.amazon.com/dp/B0CQY61LFD?tag=eloabder-20&linkCode=osi&th=1&psc=1">View Product</a></div><div class="product"><a href="https://www.amazon.com/dp/B09Q55KW8W?tag=eloabder-20&linkCode=osi&th=1&psc=1"><img src="https://m.media-amazon.com/images/I/51MKsJy6nSL._SL500_.jpg" alt="Product Image"></a><p>Anicell 2033 Featherweight Filter for Bissell Featherweight Stick Lightweight Bagless Vacuum 20331 20333 20334 20336 20339 2033M, 4 Mesh Filters 6 Foam Filters Replacement, Replace part# 1611508</p><p>$11.99</p><a href="https://www.amazon.com/dp/B09Q55KW8W?tag=eloabder-20&linkCode=osi&th=1&psc=1">View Product</a></div><div class="product"><a href="https://www.amazon.com/dp/B0CDVG7LHD?tag=eloabder-20&linkCode=osi&th=1&psc=1"><img src="https://m.media-amazon.com/images/I/41hjN1Te6sL._SL500_.jpg" alt="Product Image"></a><p>Moreffi 3 Pack Filter Replacement For HART Cordless Stick Vacuum HPSV01 and HPSV50, Compare to Part Number HASV01</p><p>$19.99 ($6.66 / Count)</p><a href="https://www.amazon.com/dp/B0CDVG7LHD?tag=eloabder-20&linkCode=osi&th=1&psc=1">View Product</a></div>
<div class="product"><a href="https://www.amazon.com/dp/B07DQ9TZC8?tag=eloabder-20&linkCode=osi&th=1&psc=1"><img src="https://m.media-amazon.com/images/I/41PHyZ20FuL._SL500_.jpg" alt="Product Image"></a><p>Kenmore 53294 Style O HEPA Cloth Vacuum Bags for Kenmore Upright Vacuum Cleaners 6 Pack,White</p><p>$20.99 ($3.50 / Count)</p><a href="https://www.amazon.com/dp/B07DQ9TZC8?tag=eloabder-20&linkCode=osi&th=1&psc=1">View Product</a></div><div class="product"><a href="https://www.amazon.com/dp/B08MXVTTT2?tag=eloabder-20&linkCode=osi&th=1&psc=1"><img src="https://m.media-amazon.com/images/I/41T6wRpIMzL._SL500_.jpg" alt="Product Image"></a><p>Kenmore IB600 HEPA Replacement Intuition Upright Vacuum Cleaner Bags for BU4022, BU4020, BU4018, BU4050, BU3040,White</p><p>$18.75</p><a href="https://www.amazon.com/dp/B08MXVTTT2?tag=eloabder-20&linkCode=osi&th=1&psc=1">View Product</a></div><div class="product"><a href="https://www.amazon.com/dp/B01010JVYO?tag=eloabder-20&linkCode=osi&th=1&psc=1"><img src="https://m.media-amazon.com/images/I/51Anluh47GL._SL500_.jpg" alt="Product Image"></a><p>EnviroCare Replacement Micro Filtration Vacuum Cleaner Dust Bags Designed to fit Hoover Windtunnel Upright Type Y 9 pack</p><p>$9.89 ($1.10 / Count)</p><a href="https://www.amazon.com/dp/B01010JVYO?tag=eloabder-20&linkCode=osi&th=1&psc=1">View Product</a></div><div class="product"><a href="https://www.amazon.com/dp/B0D5CP3WBY?tag=eloabder-20&linkCode=osi&th=1&psc=1"><img src="https://m.media-amazon.com/images/I/31MaGmsVOwL._SL500_.jpg" alt="Product Image"></a><p>Bagless Upright Kenmore Vacuum HEPA Filters, Compatible with Foam Filters, Felt Filters and Upright vacuum cleaner for Models K4010,DU2015,DU2012(includes 1 Hepa Filters,2 Foam and 2 Felt Filters)</p><p>$12.99</p><a href="https://www.amazon.com/dp/B0D5CP3WBY?tag=eloabder-20&linkCode=osi&th=1&psc=1">View Product</a></div><div class="product"><a href="https://www.amazon.com/dp/B0CBFV28WX?tag=eloabder-20&linkCode=osi&th=1&psc=1"><img src="https://m.media-amazon.com/images/I/51LIYI0wXSL._SL500_.jpg" alt="Product Image"></a><p>16 Packs Vacuum Bags for Oreck Type CC, Compatible with All Oreck XL Upright Vacuum Cleaner - Replaces Part # CCPK8DW</p><p>$21.99 ($1.37 / Count)</p><a href="https://www.amazon.com/dp/B0CBFV28WX?tag=eloabder-20&linkCode=osi&th=1&psc=1">View Product</a></div><div class="product"><a href="https://www.amazon.com/dp/B00F9GQMHA?tag=eloabder-20&linkCode=osi&th=1&psc=1"><img src="https://m.media-amazon.com/images/I/51lhelurelL._SL500_.jpg" alt="Product Image"></a><p>EnviroCare Replacement Premium Vacuum Cleaner Dust Bags made to fit Eureka F&G Uprights 9 bags</p><p>$11.09</p><a href="https://www.amazon.com/dp/B00F9GQMHA?tag=eloabder-20&linkCode=osi&th=1&psc=1">View Product</a></div><div class="product"><a href="https://www.amazon.com/dp/B002CI8G1I?tag=eloabder-20&linkCode=osi&th=1&psc=1"><img src="https://m.media-amazon.com/images/I/51PYQrQpbSL._SL500_.jpg" alt="Product Image"></a><p>EnviroCare Replacement Micro Filtration Vacuum Cleaner Dust Bags made to fit Kenmore Upright Type U/L/O 50688 and 50690, Panasonic Type U-2, Miele Type Z. 9 pack</p><p>$9.99</p><a href="https://www.amazon.com/dp/B002CI8G1I?tag=eloabder-20&linkCode=osi&th=1&psc=1">View Product</a></div>
<div class="product"><a href="https://www.amazon.com/dp/B07GNQJ67P?tag=eloabder-20&linkCode=osi&th=1&psc=1"><img src="https://m.media-amazon.com/images/I/41XHnKbgjAL._SL500_.jpg" alt="Product Image"></a><p>Kenmore 53292 Type Q HEPA Replacement Dust Bags for Canister Vacuum 81214, 81414, 81714, 21814, BC2005, BC3005, 81615, BC7005, 6 Count (Pack of 1)</p><p>$13.24 ($2.21 / Count)</p><a href="https://www.amazon.com/dp/B07GNQJ67P?tag=eloabder-20&linkCode=osi&th=1&psc=1">View Product</a></div><div class="product"><a href="https://www.amazon.com/dp/B01L0C0FVK?tag=eloabder-20&linkCode=osi&th=1&psc=1"><img src="https://m.media-amazon.com/images/I/51ZIjbo9NVL._SL500_.jpg" alt="Product Image"></a><p>Envirocare Replacement Vacuum Bags Compatible with Kenmore Canister Type C/Q. 5055, 50557 and 50558 Panasonic Type C-5 Vacuums,15 pack</p><p>$16.16</p><a href="https://www.amazon.com/dp/B01L0C0FVK?tag=eloabder-20&linkCode=osi&th=1&psc=1">View Product</a></div><div class="product"><a href="https://www.amazon.com/dp/B0BTRTP2PM?tag=eloabder-20&linkCode=osi&th=1&psc=1"><img src="https://m.media-amazon.com/images/I/41K295aRv9L._SL500_.jpg" alt="Product Image"></a><p>Vacuum Cleaner Bags Fit for Kenmore Canister Type C/Q 50555 50557 50558 and Type C-5, 10PCs</p><p>$15.99</p><a href="https://www.amazon.com/dp/B0BTRTP2PM?tag=eloabder-20&linkCode=osi&th=1&psc=1">View Product</a></div><div class="product"><a href="https://www.amazon.com/dp/B0CRQYGLZX?tag=eloabder-20&linkCode=osi&th=1&psc=1"><img src="https://m.media-amazon.com/images/I/413iXp+j3ML._SL500_.jpg" alt="Product Image"></a><p>15 Pack Canister Vacuum Cleaner Bags Compatible with Kenmore Canister Type C/Q 5055, 50555, 50557, 50558 and Type C-5, C-18, 53292, 200 Series, 400 Series, 600 Series, 700 Series, 800 Series Vacuum</p><p>$11.69</p><a href="https://www.amazon.com/dp/B0CRQYGLZX?tag=eloabder-20&linkCode=osi&th=1&psc=1">View Product</a></div><div class="product"><a href="https://www.amazon.com/dp/B00QGD3SBI?tag=eloabder-20&linkCode=osi&th=1&psc=1"><img src="https://m.media-amazon.com/images/I/51xw0asyqTL._SL500_.jpg" alt="Product Image"></a><p>EnviroCare Replacement Vacuum Bags made to fit Kenmore Canister Type C or Q 50555, 50558, 50557 and Panasonic Type C-5 Vacuums, 9 pack</p><p>$9.79</p><a href="https://www.amazon.com/dp/B00QGD3SBI?tag=eloabder-20&linkCode=osi&th=1&psc=1">View Product</a></div><div class="product"><a href="https://www.amazon.com/dp/B0CQP9NP5N?tag=eloabder-20&linkCode=osi&th=1&psc=1"><img src="https://m.media-amazon.com/images/I/41WnNkTz8zL._SL500_.jpg" alt="Product Image"></a><p>8 Pack Replacement Vacuum Bags Compatible with Kenmore Canister Type C/Q. 5055, 50104, 50557 and 50558 Panasonic Type C-5 Vacuums</p><p>$9.99 ($1.25 / Count)</p><a href="https://www.amazon.com/dp/B0CQP9NP5N?tag=eloabder-20&linkCode=osi&th=1&psc=1">View Product</a></div>
<div class="product"><a href="https://www.amazon.com/dp/B09M3Y2BHR?tag=eloabder-20&linkCode=osi&th=1&psc=1"><img src="https://m.media-amazon.com/images/I/31tevngai1L._SL500_.jpg" alt="Product Image"></a><p>Ymimi Vacuum Filter Compatible with Eureka WhirlWind Bagless Canister Vacuum Cleaner,Fits NEN110A,NEN110B,NEN110Dï¼ˆ2-Packï¼‰</p><p>$11.99 ($6.00 / Count)</p><a href="https://www.amazon.com/dp/B09M3Y2BHR?tag=eloabder-20&linkCode=osi&th=1&psc=1">View Product</a></div><div class="product"><a href="https://www.amazon.com/dp/B07J1WWBHN?tag=eloabder-20&linkCode=osi&th=1&psc=1"><img src="https://m.media-amazon.com/images/I/51gmkDrnR2L._SL500_.jpg" alt="Product Image"></a><p>Bissell Powerforce Helix Bagless Washable Premotor Filter #1608225, Black</p><p>$7.78</p><a href="https://www.amazon.com/dp/B07J1WWBHN?tag=eloabder-20&linkCode=osi&th=1&psc=1">View Product</a></div><div class="product"><a href="https://www.amazon.com/dp/B0BK64TMMK?tag=eloabder-20&linkCode=osi&th=1&psc=1"><img src="https://m.media-amazon.com/images/I/41OBMvET7eL._SL500_.jpg" alt="Product Image"></a><p>Vacuum Belt Replacement for Bissell Cleanview Swivel Pet Upright Bagless/Powerlifter Vacuum Cleaner, fits model: 2252, 2254, 22543, 2258,2259, 2260,2316, 2739, 1793, Parts # 3031120, 32074</p><p>$6.99</p><a href="https://www.amazon.com/dp/B0BK64TMMK?tag=eloabder-20&linkCode=osi&th=1&psc=1">View Product</a></div><div class="product"><a href="https://www.amazon.com/dp/B0BKKL3WRB?tag=eloabder-20&linkCode=osi&th=1&psc=1"><img src="https://m.media-amazon.com/images/I/410jMe-FjIL._SL500_.jpg" alt="Product Image"></a><p>Aolleteau F1 HEPA Filter Compatible with Dirt Devil Bagless Upright Cleaner Models Extra Lite, Breeze, Featherlite Bagless, Jaguar Bagless,Platinum Force Vision, Scorpion and Vision Bagless (2 Pack)</p><p>$13.99 ($7.00 / Count)</p><a href="https://www.amazon.com/dp/B0BKKL3WRB?tag=eloabder-20&linkCode=osi&th=1&psc=1">View Product</a></div><div class="product"><a href="https://www.amazon.com/dp/B09SG1P4WN?tag=eloabder-20&linkCode=osi&th=1&psc=1"><img src="https://m.media-amazon.com/images/I/51+Mr+Wq5ML._SL500_.jpg" alt="Product Image"></a><p>NEN110A Vacuum Filter, Inlet Frame and Sponge Filter Compatible with Eureka Whirlwind Bagless Canister Vacuum Cleaner, Fits NEN110A, NEN110B, NEN110D(4-Pack)</p><p>$15.99 ($4.00 / Count)</p><a href="https://www.amazon.com/dp/B09SG1P4WN?tag=eloabder-20&linkCode=osi&th=1&psc=1">View Product</a></div>
<div class="product"><a href="https://www.amazon.com/dp/B07GT9VB9X?tag=eloabder-20&linkCode=osi&th=1&psc=1"><img src="https://m.media-amazon.com/images/I/41IokheYtNL._SL500_.jpg" alt="Product Image"></a><p>6 Pack 1940 Bissell Steam Mop Pads for Bissell PowerFresh Steam Mop 1806 1544 1440 2075A 2685A 1940W 19404 Series, Model 19402 19408 1940a 1940f 1940q 1940t B0006 B0017, Part #5938#203-2633</p><p>$16.99 ($2.83 / Count)</p><a href="https://www.amazon.com/dp/B07GT9VB9X?tag=eloabder-20&linkCode=osi&th=1&psc=1">View Product</a></div><div class="product"><a href="https://www.amazon.com/dp/B07H3MYZLD?tag=eloabder-20&linkCode=osi&th=1&psc=1"><img src="https://m.media-amazon.com/images/I/511p6MPxQ0L._SL500_.jpg" alt="Product Image"></a><p>Flammi Steam Pocket Mop Replacement Pads for Shark S3500 Series S3501 S3601 S3550 S3901 SE450 S3801CO S3601D S2901 S2902 Steam Pocket Mop, 4 Pack</p><p>$16.97 ($4.24 / Count)</p><a href="https://www.amazon.com/dp/B07H3MYZLD?tag=eloabder-20&linkCode=osi&th=1&psc=1">View Product</a></div><div class="product"><a href="https://www.amazon.com/dp/B0C8SH97HN?tag=eloabder-20&linkCode=osi&th=1&psc=1"><img src="https://m.media-amazon.com/images/I/31Mex4y7odL._SL500_.jpg" alt="Product Image"></a><p>HOMEXCEL Steam Mop Replacement Pads Compatible with Bissell Powerfresh Steam Mop 1940 1806 1440 1544 Series, Model 19402 19404 19408 2685A 2075A 1940A 1940Q 1940T 1940W, Steam Mop Pads Refills,4 Pack</p><p>$9.99 ($2.50 / Count)</p><a href="https://www.amazon.com/dp/B0C8SH97HN?tag=eloabder-20&linkCode=osi&th=1&psc=1">View Product</a></div><div class="product"><a href="https://www.amazon.com/dp/B0BFWTXS33?tag=eloabder-20&linkCode=osi&th=1&psc=1"><img src="https://m.media-amazon.com/images/I/51pa2h7o0EL._SL500_.jpg" alt="Product Image"></a><p>12 Pack 1940 Steam Mop Replacement Pads for Bissell Powerfresh Steam Mop 1940 1440 1806 1544 2075 2685A 2814 Series, Model 19402 19404 19408 19409 1940A 1940F 1940Q 1940T 1940W B0006 B0017 2075A 15441</p><p>$24.99</p><a href="https://www.amazon.com/dp/B0BFWTXS33?tag=eloabder-20&linkCode=osi&th=1&psc=1">View Product</a></div><div class="product"><a href="https://www.amazon.com/dp/B0CLP5QGTY?tag=eloabder-20&linkCode=osi&th=1&psc=1"><img src="https://m.media-amazon.com/images/I/414HqpKde9L._SL500_.jpg" alt="Product Image"></a><p>10 Pack 1940 1806 2685A Steam Mop Pads For Bissell Powerfresh Steam Mop Deluxe Pet Lift-Off Plus Slim Scrubbing Steam Mop Replacement Pad 1940A 2814 1544A 2075A Power Fresh Steamer Pad Refill Washable</p><p>$22.99 ($2.30 / Count)</p><a href="https://www.amazon.com/dp/B0CLP5QGTY?tag=eloabder-20&linkCode=osi&th=1&psc=1">View Product</a></div><div class="product"><a href="https://www.amazon.com/dp/B078BBKBPV?tag=eloabder-20&linkCode=osi&th=1&psc=1"><img src="https://m.media-amazon.com/images/I/51WcJqtOUIL._SL500_.jpg" alt="Product Image"></a><p>Tidy Monster Steam Mop Replacement Pads Compatible with Bissell Powerfresh Steam Mop 1940 1806 1544 1440 2075A 2685A Series, Part # 5938 & 203-2633, 1606668 & 1606669 (4 Pack Scrub Plush)</p><p>$9.99</p><a href="https://www.amazon.com/dp/B078BBKBPV?tag=eloabder-20&linkCode=osi&th=1&psc=1">View Product</a></div><div class="product"><a href="https://www.amazon.com/dp/B00A6G37SU?tag=eloabder-20&linkCode=osi&th=1&psc=1"><img src="https://m.media-amazon.com/images/I/51xo0LB-SpL._SL500_.jpg" alt="Product Image"></a><p>BISSELL PowerFresh Steam Mop Pads (Pack of 2) with Fragrance discs (4 ct), 5938</p><p>$21.26 ($10.63 / Count)</p><a href="https://www.amazon.com/dp/B00A6G37SU?tag=eloabder-20&linkCode=osi&th=1&psc=1">View Product</a></div>
<div class="product"><a href="https://www.amazon.com/dp/B0D2QFVY7H?tag=eloabder-20&linkCode=osi&th=1&psc=1"><img src="https://m.media-amazon.com/images/I/417B7H+vvML._SL500_.jpg" alt="Product Image"></a><p>Kenmore KS1010 Deep Clean & Revitalize Pet Carpet Cleaner Formula, 64 oz, White, 64 Fl Oz</p><p>$22.73 ($0.36 / Fl Oz)</p><a href="https://www.amazon.com/dp/B0D2QFVY7H?tag=eloabder-20&linkCode=osi&th=1&psc=1">View Product</a></div><div class="product"><a href="https://www.amazon.com/dp/B0BNK8ZJJ1?tag=eloabder-20&linkCode=osi&th=1&psc=1"><img src="https://m.media-amazon.com/images/I/51z0Pc4xcNL._SL500_.jpg" alt="Product Image"></a><p>Bissell Spotlifter Pet Carpet and Upholstery Cleaner with Brush Head - 4 Pack, 93523</p><p>$23.88 ($0.50 / Fl Oz)</p><a href="https://www.amazon.com/dp/B0BNK8ZJJ1?tag=eloabder-20&linkCode=osi&th=1&psc=1">View Product</a></div><div class="product"><a href="https://www.amazon.com/dp/B0CX245D26?tag=eloabder-20&linkCode=osi&th=1&psc=1"><img src="https://m.media-amazon.com/images/I/411CSXvvO1L._SL500_.jpg" alt="Product Image"></a><p>BISSELLÂ® Spot & Stain with Febreze + Gain Original Scent Formula for Little Green Devices, Portable Carpet Cleaners (3968)</p><p>$12.99 ($0.41 / Fl Oz)</p><a href="https://www.amazon.com/dp/B0CX245D26?tag=eloabder-20&linkCode=osi&th=1&psc=1">View Product</a></div><div class="product"><a href="https://www.amazon.com/dp/B083VZW4R5?tag=eloabder-20&linkCode=osi&th=1&psc=1"><img src="https://m.media-amazon.com/images/I/413BULPLmBL._SL500_.jpg" alt="Product Image"></a><p>BISSELL Multi-Surface Pet Formula with Febreze Freshness for Crosswave (80 oz), 2295L</p><p>$22.99 ($0.29 / Fl Oz)</p><a href="https://www.amazon.com/dp/B083VZW4R5?tag=eloabder-20&linkCode=osi&th=1&psc=1">View Product</a></div><div class="product"><a href="https://www.amazon.com/dp/B0D2RGW219?tag=eloabder-20&linkCode=osi&th=1&psc=1"><img src="https://m.media-amazon.com/images/I/41gD+82tnAL._SL500_.jpg" alt="Product Image"></a><p>Vacmaster Clean & Restore Carpet Cleaner Formula â€“ CCS03</p><p>$19.99 ($0.31 / Fl Oz)</p><a href="https://www.amazon.com/dp/B0D2RGW219?tag=eloabder-20&linkCode=osi&th=1&psc=1">View Product</a></div>






<div class="product"><a href="https://www.amazon.com/dp/B0BY64HQTP?tag=eloabder-20&linkCode=osi&th=1&psc=1"><img src="https://m.media-amazon.com/images/I/41hUxHuASYL._SL500_.jpg" alt="Product Image"></a><p>Air Conditioning Motor WZDK13-38G-1(RD-310-13-8) DC Brushless Fan Motor, 13W Inverter air Conditioner Motor DC Motor for Central air Conditioner</p><p>$39.95</p><a href="https://www.amazon.com/dp/B0BY64HQTP?tag=eloabder-20&linkCode=osi&th=1&psc=1">View Product</a></div><div class="product"><a href="https://www.amazon.com/dp/B0CM5YB884?tag=eloabder-20&linkCode=osi&th=1&psc=1"><img src="https://m.media-amazon.com/images/I/310lQ2tAvLL._SL500_.jpg" alt="Product Image"></a><p>Sparkfix OEM WZDK20-38G (ZKFP-20-8-6) Air Conditioner Replacement Motors DC280V 20W Air Conditioning Fan Motor Inverter Air Conditioner Brushless DC Motor 1300RPM CCW</p><p>$42.79</p><a href="https://www.amazon.com/dp/B0CM5YB884?tag=eloabder-20&linkCode=osi&th=1&psc=1">View Product</a></div>













<div class="product"><a href="https://www.amazon.com/dp/B009PCI2JU?tag=eloabder-20&linkCode=osi&th=1&psc=1"><img src="https://m.media-amazon.com/images/I/310ZJurANUL._SL500_.jpg" alt="Product Image"></a><p>GE RPWFE Refrigerator Water Filter | Certified to Reduce Lead, Sulfur, and 50+ Other Impurities | Replace Every 6 Months for Best Results | Pack of 1</p><p>$49.98</p><a href="https://www.amazon.com/dp/B009PCI2JU?tag=eloabder-20&linkCode=osi&th=1&psc=1">View Product</a></div><div class="product"><a href="https://www.amazon.com/dp/B0882ZJ48W?tag=eloabder-20&linkCode=osi&th=1&psc=1"><img src="https://m.media-amazon.com/images/I/41110o9sUoL._SL500_.jpg" alt="Product Image"></a><p>GE XWFE Refrigerator Water Filter | Certified to Reduce Lead, Sulfur, and 50+ Other Impurities | Replace Every 6 Months for Best Results | Pack of 1, White</p><p>$49.00</p><a href="https://www.amazon.com/dp/B0882ZJ48W?tag=eloabder-20&linkCode=osi&th=1&psc=1">View Product</a></div><div class="product"><a href="https://www.amazon.com/dp/B074HLRXMP?tag=eloabder-20&linkCode=osi&th=1&psc=1"><img src="https://m.media-amazon.com/images/I/21oDpGCQXiL._SL500_.jpg" alt="Product Image"></a><p>LG LT1000P - 6 Month / 200 Gallon Capacity Replacement Refrigerator Water Filter (NSF42, NSF53, and NSF401) ADQ74793501, ADQ75795105, or AGF80300704 , White</p><p>$47.00</p><a href="https://www.amazon.com/dp/B074HLRXMP?tag=eloabder-20&linkCode=osi&th=1&psc=1">View Product</a></div><div class="product"><a href="https://www.amazon.com/dp/B01BKWSHHE?tag=eloabder-20&linkCode=osi&th=1&psc=1"><img src="https://m.media-amazon.com/images/I/31E2+zlkvjL._SL500_.jpg" alt="Product Image"></a><p>Frigidaire EPTWFU01 Water Filtration Filter, 1 Count, White</p><p>$42.99</p><a href="https://www.amazon.com/dp/B01BKWSHHE?tag=eloabder-20&linkCode=osi&th=1&psc=1">View Product</a></div><div class="product"><a href="https://www.amazon.com/dp/B08V6JB9R7?tag=eloabder-20&linkCode=osi&th=1&psc=1"><img src="https://m.media-amazon.com/images/I/31PRPEffCZL._SL500_.jpg" alt="Product Image"></a><p>Frigidaire FPPWFU01 PurePour PWF-1 Water Filter 1 Count (Pack of 1)</p><p>$45.81</p><a href="https://www.amazon.com/dp/B08V6JB9R7?tag=eloabder-20&linkCode=osi&th=1&psc=1">View Product</a></div><div class="product"><a href="https://www.amazon.com/dp/B000AST3AK?tag=eloabder-20&linkCode=osi&th=1&psc=1"><img src="https://m.media-amazon.com/images/I/41DUoSxpwTS._SL500_.jpg" alt="Product Image"></a><p>GE MWF Refrigerator Water Filter | Certified to Reduce Lead, Sulfur, and 50+ Other Impurities | Replace Every 6 Months for Best Results | Pack of 1</p><p>$39.98</p><a href="https://www.amazon.com/dp/B000AST3AK?tag=eloabder-20&linkCode=osi&th=1&psc=1">View Product</a></div><div class="product"><a href="https://www.amazon.com/dp/B0CFZR7K8D?tag=eloabder-20&linkCode=osi&th=1&psc=1"><img src="https://m.media-amazon.com/images/I/31WM5sdhKLL._SL500_.jpg" alt="Product Image"></a><p>HMASAV W10295370A water filter replacement, Compatible with EDR1RXD1,EDR1RXD1B,W10295370,Filter 1,WHR1RXD1,KAD1RXD1,P4RFWB,P8RFWB2L,46-9930,46-9081 2PACK</p><p>$29.99 ($15.00 / Count)</p><a href="https://www.amazon.com/dp/B0CFZR7K8D?tag=eloabder-20&linkCode=osi&th=1&psc=1">View Product</a></div><div class="product"><a href="https://www.amazon.com/dp/B07JM9TTTT?tag=eloabder-20&linkCode=osi&th=1&psc=1"><img src="https://m.media-amazon.com/images/I/41CfAtJ8TPL._SL500_.jpg" alt="Product Image"></a><p>GLACIER FRESH LT1000PC Replacement Water Filter, Compatible with LT1000PC/PCS, LT1000PC, LT-1000PC, MDJ64844601, ADQ747935 ADQ74793504 Filter and LT120F ADQ73334008 Fresh Air (3+3)</p><p>$39.99 ($13.33 / Count)</p><a href="https://www.amazon.com/dp/B07JM9TTTT?tag=eloabder-20&linkCode=osi&th=1&psc=1">View Product</a></div><div class="product"><a href="https://www.amazon.com/dp/B003N1ZSYG?tag=eloabder-20&linkCode=osi&th=1&psc=1"><img src="https://m.media-amazon.com/images/I/31Mbrkrxu1L._SL500_.jpg" alt="Product Image"></a><p>SAMSUNG Genuine Filter for Refrigerator Water and Ice, Carbon Block Filtration for Clean, Clear Drinking Water, 6-Month Life, HAF-CIN/EXP, 1 Pack</p><p>$39.99</p><a href="https://www.amazon.com/dp/B003N1ZSYG?tag=eloabder-20&linkCode=osi&th=1&psc=1">View Product</a></div>









<div class="product"><a href="https://www.amazon.com/dp/B0B2NZ47HN?tag=eloabder-20&linkCode=osi&th=1&psc=1"><img src="https://m.media-amazon.com/images/I/41nC6c2XxJL._SL500_.jpg" alt="Product Image"></a><p>OTE Portable Sparkling Water Maker Soda Maker Machine for home with 20PCS Cylinders 450ml Personal seltzer Carbonators Electroless Double Layer PET Bottle BPA Free Double Pressure Relief Valves -Pink</p><p>$49.99</p><a href="https://www.amazon.com/dp/B0B2NZ47HN?tag=eloabder-20&linkCode=osi&th=1&psc=1">View Product</a></div><div class="product"><a href="https://www.amazon.com/dp/B09DY54L7M?tag=eloabder-20&linkCode=osi&th=1&psc=1"><img src="https://m.media-amazon.com/images/I/31LSpnm3G8L._SL500_.jpg" alt="Product Image"></a><p>MOSOLAN Bottle Cleaning Brush, 17 Inches Extra Long Handle Water Bottle Brush, Flexible Bendable Cleaner for Washing Narrow Neck Bottles, Wine Decanter, Kombucha, Pipes, Beer Brewing Supplies, 2 Pack</p><p>$11.95 ($5.98 / Count)</p><a href="https://www.amazon.com/dp/B09DY54L7M?tag=eloabder-20&linkCode=osi&th=1&psc=1">View Product</a></div><div class="product"><a href="https://www.amazon.com/dp/B0736CBNDN?tag=eloabder-20&linkCode=osi&th=1&psc=1"><img src="https://m.media-amazon.com/images/I/41tWXmwP5KL._SL500_.jpg" alt="Product Image"></a><p>#2 Filter Pads (10 Pack Bulk) Compatible with Mini Jet Machine | #2 1.8-2.5 micron | 2 Micron Filtering pads. Filter Wine Beer, Kombucha, Mead Mash. Polishing filtration| Not a Buon Vino product.</p><p>$18.99</p><a href="https://www.amazon.com/dp/B0736CBNDN?tag=eloabder-20&linkCode=osi&th=1&psc=1">View Product</a></div>









<div class="product"><a href="https://www.amazon.com/dp/B07YGN577Y?tag=eloabder-20&linkCode=osi&th=1&psc=1"><img src="https://m.media-amazon.com/images/I/31kfZiyDMUL._SL500_.jpg" alt="Product Image"></a><p>9870163 Trash Power Nut WP9870163 L8</p><p>$50.36</p><a href="https://www.amazon.com/dp/B07YGN577Y?tag=eloabder-20&linkCode=osi&th=1&psc=1">View Product</a></div>

<div class="product"><a href="https://www.amazon.com/dp/B0CWQLM4C7?tag=eloabder-20&linkCode=osi&th=1&psc=1"><img src="https://m.media-amazon.com/images/I/41gTEIOjtlL._SL500_.jpg" alt="Product Image"></a><p>7" Seven Seconds Lazy Kitchen Food Making Tools - Multifunctional Fruit Vegetable Chopper Quick Garlic Peeling Machine Convenient Food Chopper for Slicing,Juice,Grinding</p><p>$32.99</p><a href="https://www.amazon.com/dp/B0CWQLM4C7?tag=eloabder-20&linkCode=osi&th=1&psc=1">View Product</a></div>







<div class="product"><a href="https://www.amazon.com/dp/B0CNKFM9WR?tag=eloabder-20&linkCode=osi&th=1&psc=1"><img src="https://m.media-amazon.com/images/I/31sGGIDic9L._SL500_.jpg" alt="Product Image"></a><p>hobbyme Pack of 4 Plastic Coffee Scoops with Brush & Espresso Grinder Brush for Ground Coffee Cleaning Tea Power Coffee Grinder Spoon</p><p>$6.49</p><a href="https://www.amazon.com/dp/B0CNKFM9WR?tag=eloabder-20&linkCode=osi&th=1&psc=1">View Product</a></div>





<div class="product"><a href="https://www.amazon.com/dp/B07798328B?tag=eloabder-20&linkCode=osi&th=1&psc=1"><img src="https://m.media-amazon.com/images/I/31Vpin+sgUS._SL500_.jpg" alt="Product Image"></a><p>Prime-Line MP10513 Standard Plastic Ice Cube Trays (5 Pack)</p><p>$12.69</p><a href="https://www.amazon.com/dp/B07798328B?tag=eloabder-20&linkCode=osi&th=1&psc=1">View Product</a></div><div class="product"><a href="https://www.amazon.com/dp/B077965JDB?tag=eloabder-20&linkCode=osi&th=1&psc=1"><img src="https://m.media-amazon.com/images/I/31H1hNlH6RL._SL500_.jpg" alt="Product Image"></a><p>Prime-Line MP10863 Standard Plastic Ice Cube Trays (2 Pack)</p><p>$9.69</p><a href="https://www.amazon.com/dp/B077965JDB?tag=eloabder-20&linkCode=osi&th=1&psc=1">View Product</a></div>

<div class="product"><a href="https://www.amazon.com/dp/B08MPLY84K?tag=eloabder-20&linkCode=osi&th=1&psc=1"><img src="https://m.media-amazon.com/images/I/31kWTfzQJBL._SL500_.jpg" alt="Product Image"></a><p>Syntus Vacuum Sealer Bags, 6 Pack 3 Rolls 11" x 20' and 3 Rolls 8" x 20' Commercial Grade BPA Free Bag Rolls, Food Vac Bags for Storage, Meal Prep or Sous Vide</p><p>$19.99</p><a href="https://www.amazon.com/dp/B08MPLY84K?tag=eloabder-20&linkCode=osi&th=1&psc=1">View Product</a></div><div class="product"><a href="https://www.amazon.com/dp/B0C5BWRMQL?tag=eloabder-20&linkCode=osi&th=1&psc=1"><img src="https://m.media-amazon.com/images/I/41yPpkb6oeL._SL500_.jpg" alt="Product Image"></a><p>Bonsenkitchen Vacuum Sealer Rolls Bags, 6 Pack 3 Rolls 11" x 20' + 3 Rolls 8" x 20' Commercial Grade BPA Free Bag Rolls, Durable Customized Size Food Vac Bags for Storage and Sous Vide Cooking VB3211</p><p>$19.99 ($3.33 / Count)</p><a href="https://www.amazon.com/dp/B0C5BWRMQL?tag=eloabder-20&linkCode=osi&th=1&psc=1">View Product</a></div><div class="product"><a href="https://www.amazon.com/dp/B0C5C1JTC4?tag=eloabder-20&linkCode=osi&th=1&psc=1"><img src="https://m.media-amazon.com/images/I/31JpyYsm7YL._SL500_.jpg" alt="Product Image"></a><p>Bonsenkitchen Vacuum Food Sealer Bags 200 Quart 8" x 12", BPA Free, Commercial Grade Textured Food Vacuum Sealer Bag, Thick Embossed Bags for Food Storage and Sous Vide Cooking VB3208</p><p>$18.39 ($0.09 / Count)</p><a href="https://www.amazon.com/dp/B0C5C1JTC4?tag=eloabder-20&linkCode=osi&th=1&psc=1">View Product</a></div><div class="product"><a href="https://www.amazon.com/dp/B07TMZDGQ1?tag=eloabder-20&linkCode=osi&th=1&psc=1"><img src="https://m.media-amazon.com/images/I/31cRCu-JIsL._SL500_.jpg" alt="Product Image"></a><p>Wevac Vacuum Sealer Bags 11x50 Rolls 2 pack for Food Saver, Seal a Meal, Weston. Commercial Grade, BPA Free, Heavy Duty, Great for vac storage, Meal Prep or Sous Vide</p><p>$20.99 ($0.21 / Count)</p><a href="https://www.amazon.com/dp/B07TMZDGQ1?tag=eloabder-20&linkCode=osi&th=1&psc=1">View Product</a></div><div class="product"><a href="https://www.amazon.com/dp/B07TV4KRCL?tag=eloabder-20&linkCode=osi&th=1&psc=1"><img src="https://m.media-amazon.com/images/I/31uv3qtc9bL._SL500_.jpg" alt="Product Image"></a><p>Wevac Vacuum Sealer Bags 100 Gallon 11x16 Inch for Food Saver, Seal a Meal, Weston. Commercial Grade, BPA Free, Heavy Duty, Great for vac storage, Meal Prep and Sous Vide</p><p>$21.24</p><a href="https://www.amazon.com/dp/B07TV4KRCL?tag=eloabder-20&linkCode=osi&th=1&psc=1">View Product</a></div>


<div class="product"><a href="https://www.amazon.com/dp/B093G5XCVF?tag=eloabder-20&linkCode=osi&th=1&psc=1"><img src="https://m.media-amazon.com/images/I/313Cq6ASf0S._SL500_.jpg" alt="Product Image"></a><p>2 Multipurpose Pastry Brush Basting & Coffee Grinders Cleaning Brush Wooden Handle Natural Boar Bristles Baking Cooking Sauce egg wash Bakery Supply Espresso Bean Barista</p><p>$7.21</p><a href="https://www.amazon.com/dp/B093G5XCVF?tag=eloabder-20&linkCode=osi&th=1&psc=1">View Product</a></div><div class="product"><a href="https://www.amazon.com/dp/B07JGRYG31?tag=eloabder-20&linkCode=osi&th=1&psc=1"><img src="https://m.media-amazon.com/images/I/31nd-jhgzdL._SL500_.jpg" alt="Product Image"></a><p>Coffee Grinder Cleaning Brush + Coffee Brush Wood Handle & Natural Bristles Pastry Brush</p><p>$5.99</p><a href="https://www.amazon.com/dp/B07JGRYG31?tag=eloabder-20&linkCode=osi&th=1&psc=1">View Product</a></div><div class="product"><a href="https://www.amazon.com/dp/B0C53G4T7X?tag=eloabder-20&linkCode=osi&th=1&psc=1"><img src="https://m.media-amazon.com/images/I/21Hrgmpj8YL._SL500_.jpg" alt="Product Image"></a><p>Leadigol Cleaning Tool Coffee Machine Home Pastry Brush Multifunctional Wooden Handle Baking Soft Bristles Coffee Grinder Brush</p><p>$7.99</p><a href="https://www.amazon.com/dp/B0C53G4T7X?tag=eloabder-20&linkCode=osi&th=1&psc=1">View Product</a></div><div class="product"><a href="https://www.amazon.com/dp/B07W5WM2LF?tag=eloabder-20&linkCode=osi&th=1&psc=1"><img src="https://m.media-amazon.com/images/I/41-7fWE9tSL._SL500_.jpg" alt="Product Image"></a><p>Redecker Waffle Machine Brush with Oiled Beechwood Handle, Stiff Heat-resistant Tampico Fiber Bristles, 6-1/2 inches, Made in Germany</p><p>$21.99</p><a href="https://www.amazon.com/dp/B07W5WM2LF?tag=eloabder-20&linkCode=osi&th=1&psc=1">View Product</a></div>






Aucun rÃ©sultat trouvÃ©.


<div class="product"><a href="https://www.amazon.com/dp/B00LQKZQAW?tag=eloabder-20&linkCode=osi&th=1&psc=1"><img src="https://m.media-amazon.com/images/I/31nBii+cbiL._SL500_.jpg" alt="Product Image"></a><p>Electrolux 5308000716 Dish Replacement , White</p><p>$17.16</p><a href="https://www.amazon.com/dp/B00LQKZQAW?tag=eloabder-20&linkCode=osi&th=1&psc=1">View Product</a></div><div class="product"><a href="https://www.amazon.com/dp/B09BBPTSNK?tag=eloabder-20&linkCode=osi&th=1&psc=1"><img src="https://m.media-amazon.com/images/I/41kdVEnPDTL._SL500_.jpg" alt="Product Image"></a><p>Judeeâ€™s Butter Powder 5 lb - 100% Non-GMO and Keto-Friendly - rBST Hormone-Free - Gluten-Free and Nut-Free - Made from 100% Real Butter - Baking Ready Ingredient - Made in USA</p><p>$59.99 ($0.75 / Ounce)</p><a href="https://www.amazon.com/dp/B09BBPTSNK?tag=eloabder-20&linkCode=osi&th=1&psc=1">View Product</a></div>
<div class="product"><a href="https://www.amazon.com/dp/B0C1G9K19X?tag=eloabder-20&linkCode=osi&th=1&psc=1"><img src="https://m.media-amazon.com/images/I/41OVBrQ1wFL._SL500_.jpg" alt="Product Image"></a><p>Coffee Cup Design Coffee Filter Holder, Coffee Paper Rack Stand, Metal Coffee Filter Container Stand, Coffee Bar Accessories Vertical Paper Towel Napkin Holder for Cone Square Fan Shaped Size (Black)</p><p>$8.99</p><a href="https://www.amazon.com/dp/B0C1G9K19X?tag=eloabder-20&linkCode=osi&th=1&psc=1">View Product</a></div><div class="product"><a href="https://www.amazon.com/dp/B07TP1YN7G?tag=eloabder-20&linkCode=osi&th=1&psc=1"><img src="https://m.media-amazon.com/images/I/41BpYdpRyaL._SL500_.jpg" alt="Product Image"></a><p>CAFEMASY Coffee Filter Holder Storage Coffee Filter Paper Dispenser Rack with Dustproof Cover for V60 and Cone Coffee Filters</p><p>$9.99</p><a href="https://www.amazon.com/dp/B07TP1YN7G?tag=eloabder-20&linkCode=osi&th=1&psc=1">View Product</a></div><div class="product"><a href="https://www.amazon.com/dp/B0BFCTW7MY?tag=eloabder-20&linkCode=osi&th=1&psc=1"><img src="https://m.media-amazon.com/images/I/31s709IEZkL._SL500_.jpg" alt="Product Image"></a><p>Coffee Filter Holder, watchget Reusable Coffee Paper Filter Storage Bag for Cone-shaped Filter Papers V60 Waterproof Canvas Suitable for Outdoor Camping Traveling(02)</p><p>$11.99</p><a href="https://www.amazon.com/dp/B0BFCTW7MY?tag=eloabder-20&linkCode=osi&th=1&psc=1">View Product</a></div>





<div class="product"><a href="https://www.amazon.com/dp/B0CTJD9VK7?tag=eloabder-20&linkCode=osi&th=1&psc=1"><img src="https://m.media-amazon.com/images/I/31pqr-gIt8L._SL500_.jpg" alt="Product Image"></a><p>[4 Pack] Water Bottle Brush & Straw Cleaner Set,Stainless Steel Long Handle Baby Bottle Scrub Cleaning Brush for Sports Bottles, Cups, Dishes, Coffee Mugs, Glasswares, Tumblers, Wine Decanters</p><p>$6.50</p><a href="https://www.amazon.com/dp/B0CTJD9VK7?tag=eloabder-20&linkCode=osi&th=1&psc=1">View Product</a></div>




<div class="product"><a href="https://www.amazon.com/dp/B0BQSPKDN4?tag=eloabder-20&linkCode=osi&th=1&psc=1"><img src="https://m.media-amazon.com/images/I/416EnQJjKDL._SL500_.jpg" alt="Product Image"></a><p>Teflon Sheets for Baking (3-Pack) Bundled with ninja foodi air fryer liners (1-Pack) - Baking Sheets for Oven and Air Fryer Oven Mat 12" x 12" - Reusable & Heat Resistant</p><p>$9.99</p><a href="https://www.amazon.com/dp/B0BQSPKDN4?tag=eloabder-20&linkCode=osi&th=1&psc=1">View Product</a></div>






















<div class="product"><a href="https://www.amazon.com/dp/B00UTFZAII?tag=eloabder-20&linkCode=osi&th=1&psc=1"><img src="https://m.media-amazon.com/images/I/31z7hZ6KbXL._SL500_.jpg" alt="Product Image"></a><p>Miele 10123210 AirClean 3D Efficiency Dust Bag, Type GN, 4 Bags & 2 Filters, White</p><p>$21.86 ($21.86 / Count)</p><a href="https://www.amazon.com/dp/B00UTFZAII?tag=eloabder-20&linkCode=osi&th=1&psc=1">View Product</a></div><div class="product"><a href="https://www.amazon.com/dp/B07WHG6J5S?tag=eloabder-20&linkCode=osi&th=1&psc=1"><img src="https://m.media-amazon.com/images/I/41hnaEOxB9L._SL500_.jpg" alt="Product Image"></a><p>KEEPOW Vacuum Filters for Eureka, Power Speed Vacuum Filters Replacement for Eureka NEU182A, NEU182B, NEU280, NEU180, NEU181, NEU188, NEU202 Bagless Upright Vacuum Cleaner, Part E0202 (4 Pack)</p><p>$9.99 ($2.50 / Count)</p><a href="https://www.amazon.com/dp/B07WHG6J5S?tag=eloabder-20&linkCode=osi&th=1&psc=1">View Product</a></div><div class="product"><a href="https://www.amazon.com/dp/B00UTFZB82?tag=eloabder-20&linkCode=osi&th=1&psc=1"><img src="https://m.media-amazon.com/images/I/41WdlL5T0dL._SL500_.jpg" alt="Product Image"></a><p>Miele AirClean 3D Efficiency Dust Bag, Type FJM, 4 Bags & 2 Filters, White</p><p>$18.99</p><a href="https://www.amazon.com/dp/B00UTFZB82?tag=eloabder-20&linkCode=osi&th=1&psc=1">View Product</a></div><div class="product"><a href="https://www.amazon.com/dp/B09NKP346M?tag=eloabder-20&linkCode=osi&th=1&psc=1"><img src="https://m.media-amazon.com/images/I/41o25nqkODL._SL500_.jpg" alt="Product Image"></a><p>Anewise 6 Pack Filter Replacement for Bissell Powerforce Compact Lightweight Upright 2112 1520 for Bissel Turbo Bagless 2690 Cleanview 3437 3508 Vacuum Cleaner, Compare to Parts #1604896/160-4896</p><p>$12.99</p><a href="https://www.amazon.com/dp/B09NKP346M?tag=eloabder-20&linkCode=osi&th=1&psc=1">View Product</a></div><div class="product"><a href="https://www.amazon.com/dp/B01MQ5NITB?tag=eloabder-20&linkCode=osi&th=1&psc=1"><img src="https://m.media-amazon.com/images/I/41J6lG4H1bL._SL500_.jpg" alt="Product Image"></a><p>Bissell Style 7 3 Pack Vacuum Cleaner Bags, White, 3 Count</p><p>$8.69 ($2.90 / Count)</p><a href="https://www.amazon.com/dp/B01MQ5NITB?tag=eloabder-20&linkCode=osi&th=1&psc=1">View Product</a></div><div class="product"><a href="https://www.amazon.com/dp/B0CDH1JY5D?tag=eloabder-20&linkCode=osi&th=1&psc=1"><img src="https://m.media-amazon.com/images/I/516DPXu4siL._SL500_.jpg" alt="Product Image"></a><p>4 Pack Replacement Filters Compatiable with Wyze Cordless Vacuum Cleaner, Removable and Washable HEPA Filter Accessories Part Set with 1 Cleaning Brush for Wyze Handheld Cordless Vacuum Cleaner</p><p>$15.99 ($4.00 / Count)</p><a href="https://www.amazon.com/dp/B0CDH1JY5D?tag=eloabder-20&linkCode=osi&th=1&psc=1">View Product</a></div><div class="product"><a href="https://www.amazon.com/dp/B07P3WB37F?tag=eloabder-20&linkCode=osi&th=1&psc=1"><img src="https://m.media-amazon.com/images/I/51WaYrkiVXL._SL500_.jpg" alt="Product Image"></a><p>Miele AirClean 3D Efficiency Dust Bag, Type GN, XL Value Pack, 8 Bags and 4 Filters</p><p>$36.99</p><a href="https://www.amazon.com/dp/B07P3WB37F?tag=eloabder-20&linkCode=osi&th=1&psc=1">View Product</a></div><div class="product"><a href="https://www.amazon.com/dp/B09DSY4Z2T?tag=eloabder-20&linkCode=osi&th=1&psc=1"><img src="https://m.media-amazon.com/images/I/51+ref3EeAL._SL500_.jpg" alt="Product Image"></a><p>Filter Replacement for Tineco A10 A11 Hero A10/A11 Master PURE ONE S11 Series, S12, X Cordless Vacuum Cleaner (3 PACK) â€¦</p><p>$12.99 ($4.33 / Count)</p><a href="https://www.amazon.com/dp/B09DSY4Z2T?tag=eloabder-20&linkCode=osi&th=1&psc=1">View Product</a></div>


<div class="product"><a href="https://www.amazon.com/dp/B0BXRR5QFV?tag=eloabder-20&linkCode=osi&th=1&psc=1"><img src="https://m.media-amazon.com/images/I/41sjdBkCp8L._SL500_.jpg" alt="Product Image"></a><p>AC Infinity CLOUDFORGE T7, Plant Humidifier 15L with VPD Humidity Controls, 10-Level Precision Vaporizer, Extendable Hose, Targeting Pipe, and No-Leak Seal for Grow Tents</p><p>$159.00</p><a href="https://www.amazon.com/dp/B0BXRR5QFV?tag=eloabder-20&linkCode=osi&th=1&psc=1">View Product</a></div><div class="product"><a href="https://www.amazon.com/dp/B01N6MV8SA?tag=eloabder-20&linkCode=osi&th=1&psc=1"><img src="https://m.media-amazon.com/images/I/41hX08+W1xL._SL500_.jpg" alt="Product Image"></a><p>Protec Humidifier Tank Cleaner, 1 Count - Colors May Vary</p><p>$5.98</p><a href="https://www.amazon.com/dp/B01N6MV8SA?tag=eloabder-20&linkCode=osi&th=1&psc=1">View Product</a></div><div class="product"><a href="https://www.amazon.com/dp/B07GXBTH82?tag=eloabder-20&linkCode=osi&th=1&psc=1"><img src="https://m.media-amazon.com/images/I/41ibxK12JPL._SL500_.jpg" alt="Product Image"></a><p>Essick Air 1970-2 Humidifier, 2-Quart Bacteriostatic Treatment, 2 Pack, Clear, 2</p><p>$22.99</p><a href="https://www.amazon.com/dp/B07GXBTH82?tag=eloabder-20&linkCode=osi&th=1&psc=1">View Product</a></div><div class="product"><a href="https://www.amazon.com/dp/B08TTT3K9B?tag=eloabder-20&linkCode=osi&th=1&psc=1"><img src="https://m.media-amazon.com/images/I/41U6j9SexmL._SL500_.jpg" alt="Product Image"></a><p>Leemone Humidifier Cleaner 12 Pack, Demineralization Cleaning Ball, Works in All humidifiers and Fish Tanks, Purifies Water, Prevents Hard Water Build-Up, Eliminates White Dust and Odor</p><p>$14.44</p><a href="https://www.amazon.com/dp/B08TTT3K9B?tag=eloabder-20&linkCode=osi&th=1&psc=1">View Product</a></div>
<div class="product"><a href="https://www.amazon.com/dp/B07YD4XCT3?tag=eloabder-20&linkCode=osi&th=1&psc=1"><img src="https://m.media-amazon.com/images/I/41hR81iKyJL._SL500_.jpg" alt="Product Image"></a><p>Vacplus Moisture Absorber Packets, Fragrance Free(10 Pack), Humidity Packs, Hanging Closet Dehumidifier Bags, Desiccant 9.8OZ</p><p>$21.99</p><a href="https://www.amazon.com/dp/B07YD4XCT3?tag=eloabder-20&linkCode=osi&th=1&psc=1">View Product</a></div><div class="product"><a href="https://www.amazon.com/dp/B09LQF5V5K?tag=eloabder-20&linkCode=osi&th=1&psc=1"><img src="https://m.media-amazon.com/images/I/51Cx5ECAotL._SL500_.jpg" alt="Product Image"></a><p>CLEVAST Moisture Absorbers Packets 10 Pack, Dehumidifier Bags for Closet, Unscented Hanging Humidity Absorber in Wardrobes, Bedrooms, Bathrooms(230g/pack)</p><p>$16.98</p><a href="https://www.amazon.com/dp/B09LQF5V5K?tag=eloabder-20&linkCode=osi&th=1&psc=1">View Product</a></div><div class="product"><a href="https://www.amazon.com/dp/B0B8L9QRW8?tag=eloabder-20&linkCode=osi&th=1&psc=1"><img src="https://m.media-amazon.com/images/I/518LgtpPi8L._SL500_.jpg" alt="Product Image"></a><p>Arm & Hammer Essentials Disposable Moisture Absorber and Odor Eliminator Tub, Fragrance Free, 1 lb, 3-Pack, Attracts and Traps Excess Moisture, Ideal Closet Dehumidifier, White</p><p>$24.94 ($0.52 / Ounce)</p><a href="https://www.amazon.com/dp/B0B8L9QRW8?tag=eloabder-20&linkCode=osi&th=1&psc=1">View Product</a></div><div class="product"><a href="https://www.amazon.com/dp/B09W9TPJGZ?tag=eloabder-20&linkCode=osi&th=1&psc=1"><img src="https://m.media-amazon.com/images/I/51pVTVMwHbL._SL500_.jpg" alt="Product Image"></a><p>THECOSKY Dehumidifier and Air Purifier Combo,HEPA H13 Filter and Negative Air Ion Function,54oz(1.6L) Water Tank with Drain Hose,24hrs Auto-Off Timer,Idea for Bedroom,Bathroom,Closet,RV</p><p>$109.99</p><a href="https://www.amazon.com/dp/B09W9TPJGZ?tag=eloabder-20&linkCode=osi&th=1&psc=1">View Product</a></div><div class="product"><a href="https://www.amazon.com/dp/B0CXDG65LZ?tag=eloabder-20&linkCode=osi&th=1&psc=1"><img src="https://m.media-amazon.com/images/I/41HNflmbKHL._SL500_.jpg" alt="Product Image"></a><p>14 x 17.5 x1.75 MERV 13 Replacement Dehumidifier Filter Compatible with Santa Fe Advance90, Advance100, Advance120, Honeywell DR90 & DR120 dehumidifier models, 2 Pack</p><p>$42.99</p><a href="https://www.amazon.com/dp/B0CXDG65LZ?tag=eloabder-20&linkCode=osi&th=1&psc=1">View Product</a></div>
<div class="product"><a href="https://www.amazon.com/dp/B088B921NQ?tag=eloabder-20&linkCode=osi&th=1&psc=1"><img src="https://m.media-amazon.com/images/I/612e4cT3RYL._SL500_.jpg" alt="Product Image"></a><p>ULTTY H13 HEPA Replacement Filter with Medical Coating, True HEPA Filter For R021/ R020 Purifying Fan, Medium</p><p>$29.99</p><a href="https://www.amazon.com/dp/B088B921NQ?tag=eloabder-20&linkCode=osi&th=1&psc=1">View Product</a></div><div class="product"><a href="https://www.amazon.com/dp/B0D2MZ4Y7Z?tag=eloabder-20&linkCode=osi&th=1&psc=1"><img src="https://m.media-amazon.com/images/I/51KgTHizWyL._SL500_.jpg" alt="Product Image"></a><p>Butto 5-Pack Ceiling Fan Filters for Blades - Strong Adhesive Ceiling Fan Filters for Common Household Contaminants - Unscented Coconut Carbon Fan Air Purifier Pads to Make Air Fresh and Natural</p><p>$9.98</p><a href="https://www.amazon.com/dp/B0D2MZ4Y7Z?tag=eloabder-20&linkCode=osi&th=1&psc=1">View Product</a></div><div class="product"><a href="https://www.amazon.com/dp/B0C42HCM21?tag=eloabder-20&linkCode=osi&th=1&psc=1"><img src="https://m.media-amazon.com/images/I/31jk3lpoygL._SL500_.jpg" alt="Product Image"></a><p>Barnakl Ceiling Fan Filters | Activated Coconut Shell Carbon Filter | Easy-Stick Universal Ceiling Fan Air Filters | Unscented Ceiling Fan Blade Filters for Common Household Contaminants, (3-Count)</p><p>$19.99 ($6.66 / Count)</p><a href="https://www.amazon.com/dp/B0C42HCM21?tag=eloabder-20&linkCode=osi&th=1&psc=1">View Product</a></div>
<div class="product"><a href="https://www.amazon.com/dp/B08LZWP29P?tag=eloabder-20&linkCode=osi&th=1&psc=1"><img src="https://m.media-amazon.com/images/I/41NLuzzFW9L._SL500_.jpg" alt="Product Image"></a><p>Chromex Tankless Water Heater Descaling Solution | Highly Effective Descaler Restores Heating Efficiency, Quart, 32 fl oz (1)</p><p>$26.99</p><a href="https://www.amazon.com/dp/B08LZWP29P?tag=eloabder-20&linkCode=osi&th=1&psc=1">View Product</a></div>

<div class="product"><a href="https://www.amazon.com/dp/B005UO4OWQ?tag=eloabder-20&linkCode=osi&th=1&psc=1"><img src="https://m.media-amazon.com/images/I/41oQPKFofoL._SL500_.jpg" alt="Product Image"></a><p>Bissell 203-7458 Brushroll, Bg10/86T3, Black</p><p>$21.26 ($21.26 / Count)</p><a href="https://www.amazon.com/dp/B005UO4OWQ?tag=eloabder-20&linkCode=osi&th=1&psc=1">View Product</a></div>





















<div class="product"><a href="https://www.amazon.com/dp/B0014J7FUY?tag=eloabder-20&linkCode=osi&th=1&psc=1"><img src="https://m.media-amazon.com/images/I/31QrM+IPxOL._SL500_.jpg" alt="Product Image"></a><p>Urnex Grindz Professional Coffee Grinder Cleaning Tablets - 430 Grams - All Natural Food Safe Gluten Free - Cleans Burr and Casing - Help Extend Life of Your Grinder</p><p>$25.99 ($1.71 / Ounce)</p><a href="https://www.amazon.com/dp/B0014J7FUY?tag=eloabder-20&linkCode=osi&th=1&psc=1">View Product</a></div>



<div class="product"><a href="https://www.amazon.com/dp/B0CHW317SG?tag=eloabder-20&linkCode=osi&th=1&psc=1"><img src="https://m.media-amazon.com/images/I/41Qd5Iu3qBL._SL500_.jpg" alt="Product Image"></a><p>EUHOMY 55 Can Beverage Refrigerator cooler-Mini Fridge Glass Door for Beer Drinks Wines, Freestanding Beverage Fridge with Adjustable Shelves Blue LED for Home/Office/Dorm/Bar (1.3cu.ft)</p><p>$128.99</p><a href="https://www.amazon.com/dp/B0CHW317SG?tag=eloabder-20&linkCode=osi&th=1&psc=1">View Product</a></div>

<div class="product"><a href="https://www.amazon.com/dp/B099CN2MRK?tag=eloabder-20&linkCode=osi&th=1&psc=1"><img src="https://m.media-amazon.com/images/I/31CvUCIUX5L._SL500_.jpg" alt="Product Image"></a><p>Genuine PuroAir 240 Replacement Filter - Replacement HEPA Filter for PuroAir 240 Purifier - Captures up to 99% of Pollen, Smoke, Pollen, Dust and Common Household Pollutants</p><p>$48.00</p><a href="https://www.amazon.com/dp/B099CN2MRK?tag=eloabder-20&linkCode=osi&th=1&psc=1">View Product</a></div><div class="product"><a href="https://www.amazon.com/dp/B0055521W0?tag=eloabder-20&linkCode=osi&th=1&psc=1"><img src="https://m.media-amazon.com/images/I/41Hs7ixdyXL._SL500_.jpg" alt="Product Image"></a><p>GermGuardian Filter B HEPA Pure Genuine Air Purifier Replacement Filter, Removes 99.97% of Pollutants for AC4825, AC4300, AC4900, AC4825DLX, AC4850, CDAP4500, AP2200, Black/Yellow, FLT4825</p><p>$17.90 ($17.90 / Count)</p><a href="https://www.amazon.com/dp/B0055521W0?tag=eloabder-20&linkCode=osi&th=1&psc=1">View Product</a></div><div class="product"><a href="https://www.amazon.com/dp/B0BNMYKZPV?tag=eloabder-20&linkCode=osi&th=1&psc=1"><img src="https://m.media-amazon.com/images/I/41-K3mB6KkL._SL500_.jpg" alt="Product Image"></a><p>2 Pack True HEPA KILO Filter Compatible with Afloia KILO, KILOPLUS, KILOPRO, MIRO,MIRO PRO and MORENTO MR-Kilo, Kalo Air Purifier, 360Â° 3-Stage Filtration</p><p>$34.99 ($17.50 / Count)</p><a href="https://www.amazon.com/dp/B0BNMYKZPV?tag=eloabder-20&linkCode=osi&th=1&psc=1">View Product</a></div><div class="product"><a href="https://www.amazon.com/dp/B0D3M4Y9W7?tag=eloabder-20&linkCode=osi&th=1&psc=1"><img src="https://m.media-amazon.com/images/I/41tzW+mkZuL._SL500_.jpg" alt="Product Image"></a><p>Breshair 14 True HEPA Filter Replacement Compatible with PuroAir 240 Air Purifier, 3-in-1 Filtration System with Activated Carbon Filter, 2-Pack</p><p>$31.56 ($15.78 / Count)</p><a href="https://www.amazon.com/dp/B0D3M4Y9W7?tag=eloabder-20&linkCode=osi&th=1&psc=1">View Product</a></div><div class="product"><a href="https://www.amazon.com/dp/B0CB18MVX6?tag=eloabder-20&linkCode=osi&th=1&psc=1"><img src="https://m.media-amazon.com/images/I/519ZmmLOrzL._SL500_.jpg" alt="Product Image"></a><p>2 Pack 3-in-1 H13 True HEPA Replacement Filter Compatible with Pure Enrichment PureZone Air Purifier Part# PEAIRPLG</p><p>$23.99 ($12.00 / Count)</p><a href="https://www.amazon.com/dp/B0CB18MVX6?tag=eloabder-20&linkCode=osi&th=1&psc=1">View Product</a></div><div class="product"><a href="https://www.amazon.com/dp/B08JTZMRML?tag=eloabder-20&linkCode=osi&th=1&psc=1"><img src="https://m.media-amazon.com/images/I/51yx60sCjHL._SL500_.jpg" alt="Product Image"></a><p>6 Pack HPA300 HEPA Filter Replacement for Honeywell HPA300 Series Air Purifiers HPA300, HPA300VP, HPA304, HPA3300, Replace HRF-R3 (6 Ture HEPA R Replacement Filter + 8 Activated Carbon Pre-Filter)</p><p>$47.99 ($3.43 / Count)</p><a href="https://www.amazon.com/dp/B08JTZMRML?tag=eloabder-20&linkCode=osi&th=1&psc=1">View Product</a></div><div class="product"><a href="https://www.amazon.com/dp/B0CF1GLSYS?tag=eloabder-20&linkCode=osi&th=1&psc=1"><img src="https://m.media-amazon.com/images/I/41709EXRzXL._SL500_.jpg" alt="Product Image"></a><p>CHIVALZ 4 Pack HY4866 True HEPA Replacement Filters Compatible with MORENTO HY4866 Air Purifier, WESTHEY HY4866 Air Purifier and YIOU M1 Air Cleaner Purifier, Original Version</p><p>$39.99 ($10.00 / Count)</p><a href="https://www.amazon.com/dp/B0CF1GLSYS?tag=eloabder-20&linkCode=osi&th=1&psc=1">View Product</a></div>







<div class="product"><a href="https://www.amazon.com/dp/B0CYKMFKR9?tag=eloabder-20&linkCode=osi&th=1&psc=1"><img src="https://m.media-amazon.com/images/I/316zU-ozoxL._SL500_.jpg" alt="Product Image"></a><p>Air Purifier Replacement Filter for Space Heater Bladeless Fan</p><p>$29.99</p><a href="https://www.amazon.com/dp/B0CYKMFKR9?tag=eloabder-20&linkCode=osi&th=1&psc=1">View Product</a></div>
<div class="product"><a href="https://www.amazon.com/dp/B07MRH6VY7?tag=eloabder-20&linkCode=osi&th=1&psc=1"><img src="https://m.media-amazon.com/images/I/51g-nuN4A5L._SL500_.jpg" alt="Product Image"></a><p>Colorfullife Replacement Air Purifier Filter for Dyson Tower Purifier Pure Cool Link TP01, TP02, TP03, BP01, Compare to Part 968126-03ï¼Œ2 Pack</p><p>$26.99</p><a href="https://www.amazon.com/dp/B07MRH6VY7?tag=eloabder-20&linkCode=osi&th=1&psc=1">View Product</a></div><div class="product"><a href="https://www.amazon.com/dp/B07TX5SW7J?tag=eloabder-20&linkCode=osi&th=1&psc=1"><img src="https://m.media-amazon.com/images/I/512Kn+cPglL._SL500_.jpg" alt="Product Image"></a><p>TP01 HEPA Filter Replacement Compatible with Dyson Tower Purifier Pure Cool Link TP01, TP02, TP03, AM11, BP01 Models, Compare to Part # 968126-03 (Pack of 2)</p><p>$27.95 ($13.98 / Count)</p><a href="https://www.amazon.com/dp/B07TX5SW7J?tag=eloabder-20&linkCode=osi&th=1&psc=1">View Product</a></div><div class="product"><a href="https://www.amazon.com/dp/B0CC24GZGB?tag=eloabder-20&linkCode=osi&th=1&psc=1"><img src="https://m.media-amazon.com/images/I/41woNpZ9VgL._SL500_.jpg" alt="Product Image"></a><p>TP01 TP02 Filter Compatible with Dyson Pure Cool Link Purifying Tower Fan TP00 TP03 AM11 and Cool Me BP01 Personal Series, 360Â° Air Purifier Filter Replacement 968126-03, 1-Pack</p><p>$25.99</p><a href="https://www.amazon.com/dp/B0CC24GZGB?tag=eloabder-20&linkCode=osi&th=1&psc=1">View Product</a></div><div class="product"><a href="https://www.amazon.com/dp/B0CX23N2JJ?tag=eloabder-20&linkCode=osi&th=1&psc=1"><img src="https://m.media-amazon.com/images/I/3145hmd5j7L._SL500_.jpg" alt="Product Image"></a><p>Dreo Air Purifiers Replacement Filter, HEPA Filter for Dreo Purifier Tower Fan MC710S, with 2 Stage Filtration, Black, Standard(DR-HPA019)</p><p>$39.99</p><a href="https://www.amazon.com/dp/B0CX23N2JJ?tag=eloabder-20&linkCode=osi&th=1&psc=1">View Product</a></div>








    </div>

    <!-- Bouton flottant -->
    <button class="floating-button" onclick="window.location.href='https://www.iasmarket.us'">HOME</button>
<div class="pagination">
                <a href="https://iasmarket.github.io/Appliances/">0</a>
            <a href="https://iasmarket.github.io/Appliances/1">1</a>
            <a href="https://iasmarket.github.io/Appliances/2">2</a>
            <a href="https://iasmarket.github.io/Appliances/3">3</a>
        <!-- Ajoutez plus de liens si nÃ©cessaire -->
    </div>
    <script>
        function updateTime() {
            const optionsDate = {
                timeZone: 'America/Los_Angeles',
                year: 'numeric',
                month: 'long',
                day: 'numeric',
                weekday: 'long'
            };
            const optionsTime = {
                timeZone: 'America/Los_Angeles',
                hour: '2-digit',
                minute: '2-digit',
                second: '2-digit'
            };

            const now = new Date();
            const formatterDate = new Intl.DateTimeFormat('en-US', optionsDate);
            const formatterTime = new Intl.DateTimeFormat('en-US', optionsTime);

            const formattedDate = formatterDate.format(now);
            const formattedTime = formatterTime.format(now);

            document.getElementById('comment').textContent = "As an AMAZON Associate, I earn from qualifying purchases.";
            document.getElementById('date').textContent = formattedDate;
            document.getElementById('time').textContent = formattedTime;
        }

        updateTime();
        setInterval(updateTime, 1000);
    </script>
</body>

</html>
