    <!DOCTYPE html>
    <html lang="en">
    
    <head>
        <meta charset="UTF-8">
        <meta http-equiv="X-UA-Compatible" content="IE=edge">
        <meta name="viewport" content="width=device-width, initial-scale=1.0">
        <title>IaSmarKet Products</title>
        <style>
            body {
                background-color: black;
                color: white;
                font-family: Arial, sans-serif;
            }
    
            .datetime {
                text-align: center;
                color: gray;
                margin-top: 20px;
            }
    
            .date,
            .time {
                font-size: 48px;
            }
    
            .container {
                display: flex;
                flex-wrap: wrap;
                justify-content: center;
                align-items: flex-start;
                min-height: calc(100vh - 7cm);
                padding: 20px;
            }
    
            .product {
                width: calc(100% / 4 - 40px);
                margin: 10px;
                text-align: center;
                border: 1px solid red;
                border-radius: 10px;
                overflow: hidden;
                padding: 10px;
                display: flex;
                flex-direction: column;
                background-color: black;
                color: white;
                transition: transform 0.3s;
            }
    
            .product:hover {
                transform: scale(1.05);
            }
    
            .product .content {
                height: 200px;
                overflow: hidden;
            }
    
            .product img {
                width: 100%;
                height: 200px;
                object-fit: cover;
            }
    
            .product .description {
                margin-top: 10px;
                flex-grow: 1;
            }
    
            .product .more-link {
                margin-top: 5px;
                cursor: pointer;
                color: blue;
                text-decoration: underline;
            }
    
            .pagination {
                text-align: center;
                margin: 20px 0;
                width: 100%;
            }
    
            .pagination a {
                color: white;
                padding: 8px 16px;
                text-decoration: none;
                background-color: gray;
                margin: 0 4px;
                border-radius: 4px;
            }
    
            .pagination a:hover {
                background-color: #575757;
            }
    
            @media (min-width: 768px) and (max-width: 991px) {
                .product {
                    width: calc(100% / 3 - 40px);
                }
            }
    
            @media (max-width: 767px) {
                .product {
                    width: calc(100% - 40px);
                }
            }
    
            /* Style pour le bouton flottant */
            .floating-button {
                position: fixed;
                bottom: 20px;
                right: 20px;
                background-color: red;
                color: white;
                border: none;
                border-radius: 50%;
                width: 60px;
                height: 60px;
                text-align: center;
                font-size: 18px;
                cursor: pointer;
                z-index: 1000;
                box-shadow: 0 4px 8px rgba(0, 0, 0, 0.2);
            }
    
            /* Style pour la barre de recherche */
            .search-bar {
                width: 100%;
                text-align: center;
                margin: 20px 0;
            }
    
            .search-bar input {
                width: 50%;
                padding: 10px;
                border-radius: 5px;
                border: none;
                font-size: 16px;
            }
    
            @media (max-width: 767px) {
                .search-bar input {
                    width: 80%;
                }
            }
        </style>
    </head>
    
    <body>
        <div class="datetime">
            <div class="date" id="comment"></div>
            <div class="date" id="date"></div>
            <div class="time" id="time"></div>
        </div>
        <!-- Pagination -->
        <div class="pagination">Pages :

     <a href="https://iasmarket.github.io/Appliances/1">Back</a>    
            </div>
                <!-- Barre de recherche -->
                <div class="search-bar">serche:
                <input type="text" id="searchInput" placeholder=" search and filter by product / name Ex:'Blender' / discount percentage Ex:'30%' ..." onkeyup="filterProducts()">
                </div>

                <div class="container" id="productContainer">
                    <!-- Exemple de produits -->
          
            

<div class="product"><a href="https://www.amazon.com/dp/B0B4PPHG8G?tag=eloabder-20&linkCode=osi&th=1&psc=1"><img src="https://m.media-amazon.com/images/I/31TiuN4BCdL._SL500_.jpg" alt="Product Image"></a><p>Ninja MC1001 Foodi PossibleCooker PRO 8.5 Quart Multi-Cooker, with 8-in-1 Slow Cooker, Dutch Oven, Steamer, Glass Lid Integrated Spoon, Nonstick, Oven Safe Pot to 500°F, Sea Salt Gray</p><p> -33% 0FF </p><p>$99.99</p><a href="https://www.amazon.com/dp/B0B4PPHG8G?tag=eloabder-20&linkCode=osi&th=1&psc=1">View Product</a></div><div class="product"><a href="https://www.amazon.com/dp/B0CSZ7WBYW?tag=eloabder-20&linkCode=osi&th=1&psc=1"><img src="https://m.media-amazon.com/images/I/41s2+VsF0YL._SL500_.jpg" alt="Product Image"></a><p>Ninja Air Fryer Pro 4-in-1 with 5 QT Capacity, Air Fry, Roast, Reheat, Dehydrate, Air Crisp Technology with 400F for hot, crispy results in just minutes, Nonstick Basket & Crisper Plate, Grey, AF141</p><p> -33% 0FF </p><p>$79.99</p><a href="https://www.amazon.com/dp/B0CSZ7WBYW?tag=eloabder-20&linkCode=osi&th=1&psc=1">View Product</a></div><div class="product"><a href="https://www.amazon.com/dp/B0C2FP4XNJ?tag=eloabder-20&linkCode=osi&th=1&psc=1"><img src="https://m.media-amazon.com/images/I/41PezlA3GrL._SL500_.jpg" alt="Product Image"></a><p>Ninja BC151EM Blast Portable Blender, Cordless, 18oz. Vessel, Personal Blender-for Shakes & Smoothies, BPA Free, Leakproof-Lid & Sip Spout, USB-C Rechargeable, Dishwasher Safe Parts, Forest Green</p><p> -33% 0FF </p><p>$39.99</p><a href="https://www.amazon.com/dp/B0C2FP4XNJ?tag=eloabder-20&linkCode=osi&th=1&psc=1">View Product</a></div><div class="product"><a href="https://www.amazon.com/dp/B097F4QKVY?tag=eloabder-20&linkCode=osi&th=1&psc=1"><img src="https://m.media-amazon.com/images/I/41P6OTX4B7L._SL500_.jpg" alt="Product Image"></a><p>Crock-Pot 7-Quart Slow Cooker, Portable Programmable with Timer, Locking Lid, Stainless Steel; an Essential Kitchen Appliance, Perfect for Families and Gatherings</p><p> -5% 0FF </p><p>$85.89</p><a href="https://www.amazon.com/dp/B097F4QKVY?tag=eloabder-20&linkCode=osi&th=1&psc=1">View Product</a></div><div class="product"><a href="https://www.amazon.com/dp/B0CHX9K2TV?tag=eloabder-20&linkCode=osi&th=1&psc=1"><img src="https://m.media-amazon.com/images/I/31dshLScRcL._SL500_.jpg" alt="Product Image"></a><p>nutribullet Personal Blender for Shakes, Smoothies, Food Prep, and Frozen Blending, 24 Ounces, 600 Watt, Gray, (NBR-0601)</p><p> -7% 0FF </p><p>$64.99</p><a href="https://www.amazon.com/dp/B0CHX9K2TV?tag=eloabder-20&linkCode=osi&th=1&psc=1">View Product</a></div><div class="product"><a href="https://www.amazon.com/dp/B0C33CHG99?tag=eloabder-20&linkCode=osi&th=1&psc=1"><img src="https://m.media-amazon.com/images/I/411O3FS3VIL._SL500_.jpg" alt="Product Image"></a><p>COSORI Air Fryer 9-in-1, Compact & Large 6-Qt, Fast Turbo Modes, 90-450°F Evenly Results with Precise Temperature Control, 95% Less Oil, Roast, Bake, Dry, Reheat, Frozen, Broil, Proof, Grey</p><p> -25% 0FF </p><p>$89.99</p><a href="https://www.amazon.com/dp/B0C33CHG99?tag=eloabder-20&linkCode=osi&th=1&psc=1">View Product</a></div><div class="product"><a href="https://www.amazon.com/dp/B0CFYX3946?tag=eloabder-20&linkCode=osi&th=1&psc=1"><img src="https://m.media-amazon.com/images/I/4155yrEZMWL._SL500_.jpg" alt="Product Image"></a><p>KitchenAid 5-Speed Ultra Power Hand Mixer - KHM512, Contour Silver</p><p> -25% 0FF </p><p>$44.99</p><a href="https://www.amazon.com/dp/B0CFYX3946?tag=eloabder-20&linkCode=osi&th=1&psc=1">View Product</a></div><div class="product"><a href="https://www.amazon.com/dp/B0C5Z8VCHX?tag=eloabder-20&linkCode=osi&th=1&psc=1"><img src="https://m.media-amazon.com/images/I/51h2oWq8I7L._SL500_.jpg" alt="Product Image"></a><p>Chefman Electric Kettle, 1.8L 1500W, Hot Water Boiler, Removable Lid for Easy Cleaning, Auto Shut Off, Boil-Dry Protection, Stainless Steel Filter, BPA Free, Borosilicate Glass Electric Tea Kettle</p><p> -18% 0FF </p><p>$22.99</p><a href="https://www.amazon.com/dp/B0C5Z8VCHX?tag=eloabder-20&linkCode=osi&th=1&psc=1">View Product</a></div><div class="product"><a href="https://www.amazon.com/dp/B098RD17LG?tag=eloabder-20&linkCode=osi&th=1&psc=1"><img src="https://m.media-amazon.com/images/I/41KlEtq4iCL._SL500_.jpg" alt="Product Image"></a><p>Ninja Blender, For-Smoothies, Salsa, Shakes, Slush, and-Frozen Drinks, Blender, Pitcher, and-Lid, Blender for-Kitchen, Crushes Ice, Fruit, and-Veggies, 1000-Watt, Dishwasher Safe, Black, NJ601AMZ​</p><p> -20% 0FF </p><p>$79.99</p><a href="https://www.amazon.com/dp/B098RD17LG?tag=eloabder-20&linkCode=osi&th=1&psc=1">View Product</a></div>
<div class="product"><a href="https://www.amazon.com/dp/B00939I7EK?tag=eloabder-20&linkCode=osi&th=1&psc=1"><img src="https://m.media-amazon.com/images/I/51U2RFBCh2L._SL500_.jpg" alt="Product Image"></a><p>Ninja BL770 Mega Kitchen System, 1500W, 4 Functions for Smoothies, Processing, Dough, Drinks & More, with 72 Blender Pitcher, 64 Processor Bowl, (2) 16-oz. to-Go, Black, with 2 Nutri Cups + Lids</p><p> -20% 0FF </p><p>$159.99</p><a href="https://www.amazon.com/dp/B00939I7EK?tag=eloabder-20&linkCode=osi&th=1&psc=1">View Product</a></div><div class="product"><a href="https://www.amazon.com/dp/B00NGV4506?tag=eloabder-20&linkCode=osi&th=1&psc=1"><img src="https://m.media-amazon.com/images/I/41zuo8-35WL._SL500_.jpg" alt="Product Image"></a><p>Ninja BL610 Professional 72 Oz Countertop 1000-Watt Base and Total Crushing Technology for Smoothies, Ice and Frozen Fruit, Black, Blender + Pitcher</p><p> -40% 0FF </p><p>$59.99</p><a href="https://www.amazon.com/dp/B00NGV4506?tag=eloabder-20&linkCode=osi&th=1&psc=1">View Product</a></div><div class="product"><a href="https://www.amazon.com/dp/B0855B5Z6F?tag=eloabder-20&linkCode=osi&th=1&psc=1"><img src="https://m.media-amazon.com/images/I/419Om7ZCluL._SL500_.jpg" alt="Product Image"></a><p>Ninja BN701 Professional Plus Blender, 1400 Peak Watts, 3 Functions for Smoothies, Frozen Drinks & Ice Cream with Auto IQ, 72-oz.* Total Crushing Pitcher & Lid, Dark Grey</p><p> -46% 0FF </p><p>$64.61 ($64.61 / Count)</p><a href="https://www.amazon.com/dp/B0855B5Z6F?tag=eloabder-20&linkCode=osi&th=1&psc=1">View Product</a></div><div class="product"><a href="https://www.amazon.com/dp/B012T634SM?tag=eloabder-20&linkCode=osi&th=1&psc=1"><img src="https://m.media-amazon.com/images/I/41BKzSi-ifL._SL500_.jpg" alt="Product Image"></a><p>Magic Bullet Blender, Small, Silver, 11 Piece Set</p><p> -20% 0FF </p><p>$39.88</p><a href="https://www.amazon.com/dp/B012T634SM?tag=eloabder-20&linkCode=osi&th=1&psc=1">View Product</a></div><div class="product"><a href="https://www.amazon.com/dp/B0D3Y7T31M?tag=eloabder-20&linkCode=osi&th=1&psc=1"><img src="https://m.media-amazon.com/images/I/41ffeHw82SL._SL500_.jpg" alt="Product Image"></a><p>magic bullet Combo Blender, 48oz Pitcher, Blending Cup, Simple Speed Dial – MBF50200</p><p> -20% 0FF </p><p>$39.99</p><a href="https://www.amazon.com/dp/B0D3Y7T31M?tag=eloabder-20&linkCode=osi&th=1&psc=1">View Product</a></div><div class="product"><a href="https://www.amazon.com/dp/B0CDW6J1W8?tag=eloabder-20&linkCode=osi&th=1&psc=1"><img src="https://m.media-amazon.com/images/I/51F2suuOG5L._SL500_.jpg" alt="Product Image"></a><p>KOIOS Smoothie Blender, 900W Personal Blender for Shakes and Smoothies Kitchen with 2 No-BPA 22oz Portable Blender Cups, Single Serve Smoothies Maker Mixer for Juices, Nutritious Recipe (Grey Blue)</p><p> -20% 0FF </p><p>$39.99</p><a href="https://www.amazon.com/dp/B0CDW6J1W8?tag=eloabder-20&linkCode=osi&th=1&psc=1">View Product</a></div>
<div class="product"><a href="https://www.amazon.com/dp/B071WCB1T6?tag=eloabder-20&linkCode=osi&th=1&psc=1"><img src="https://m.media-amazon.com/images/I/31jdX6frIBL._SL500_.jpg" alt="Product Image"></a><p>TOSHIBA EM131A5C-BS Countertop Microwave Ovens 1.2 Cu Ft, 12.4" Removable Turntable Smart Humidity Sensor 12 Auto Menus Mute Function ECO Mode Easy Clean Interior Black Color 1100W</p><p> -7% 0FF </p><p>$129.99</p><a href="https://www.amazon.com/dp/B071WCB1T6?tag=eloabder-20&linkCode=osi&th=1&psc=1">View Product</a></div><div class="product"><a href="https://www.amazon.com/dp/B0D292ZK9W?tag=eloabder-20&linkCode=osi&th=1&psc=1"><img src="https://m.media-amazon.com/images/I/31TTpRBhabL._SL500_.jpg" alt="Product Image"></a><p>GE GCST10A1WSS 3-in-1 Microwave Oven, 1,050 Watts Air Fryer, Broiler & Convection Mode, Kitchen Essentials for The Countertop or Dorm Room, Child-Lock Technology 1.0 Cu. Ft, Stainless Steel</p><p> -13% 0FF </p><p>$189.99</p><a href="https://www.amazon.com/dp/B0D292ZK9W?tag=eloabder-20&linkCode=osi&th=1&psc=1">View Product</a></div><div class="product"><a href="https://www.amazon.com/dp/B0D294MHR5?tag=eloabder-20&linkCode=osi&th=1&psc=1"><img src="https://m.media-amazon.com/images/I/31jA3nuhQWL._SL500_.jpg" alt="Product Image"></a><p>GE GCST07N1WSS Microwave Oven, 700-watt 6 Auto Cooking Settings, Kitchen Essentials for The Countertop, Dorm Room or Apartment, Child-Lock Technology 0.7 Cu. Ft, Stainless Steel</p><p> -9% 0FF </p><p>$99.00</p><a href="https://www.amazon.com/dp/B0D294MHR5?tag=eloabder-20&linkCode=osi&th=1&psc=1">View Product</a></div><div class="product"><a href="https://www.amazon.com/dp/B000M9EFNM?tag=eloabder-20&linkCode=osi&th=1&psc=1"><img src="https://m.media-amazon.com/images/I/41iWuh-A2fL._SL500_.jpg" alt="Product Image"></a><p>Emerson MW7302B Compact Countertop Microwave Oven with Touch Control, LED Display, 700W, 10 Power Levels, 6 Auto Menus, Glass Turntable and Child Safe Lock, 0.7 Cu., Ft. Black</p><p> -28% 0FF </p><p>$72.03</p><a href="https://www.amazon.com/dp/B000M9EFNM?tag=eloabder-20&linkCode=osi&th=1&psc=1">View Product</a></div>
<div class="product"><a href="https://www.amazon.com/dp/B082PMYZ2X?tag=eloabder-20&linkCode=osi&th=1&psc=1"><img src="https://m.media-amazon.com/images/I/3172vOXiAeL._SL500_.jpg" alt="Product Image"></a><p>RCA RFR725 2 Door Apartment Size Refrigerator with Freezer, Stainless,7.5 cu ft</p><p> -15% 0FF </p><p>$298.00</p><a href="https://www.amazon.com/dp/B082PMYZ2X?tag=eloabder-20&linkCode=osi&th=1&psc=1">View Product</a></div><div class="product"><a href="https://www.amazon.com/dp/B09RWFZTWW?tag=eloabder-20&linkCode=osi&th=1&psc=1"><img src="https://m.media-amazon.com/images/I/51jiYOTMybL._SL500_.jpg" alt="Product Image"></a><p>Upstreman 3.2 Cu.Ft Mini Fridge with Freezer, Single Door Mini Fridge, Dorm Fridge, Adjustable Thermostat, Mini Refrigerator for Bedroom, Office, Dorm, Black-BR321</p><p> -22% 0FF </p><p>$139.99</p><a href="https://www.amazon.com/dp/B09RWFZTWW?tag=eloabder-20&linkCode=osi&th=1&psc=1">View Product</a></div><div class="product"><a href="https://www.amazon.com/dp/B07QCQX8WR?tag=eloabder-20&linkCode=osi&th=1&psc=1"><img src="https://m.media-amazon.com/images/I/319YWFzYC1L._SL500_.jpg" alt="Product Image"></a><p>SAMSUNG RF28R7201SR 28 Cu. Ft. Stainless 4-Door French Door Refrigerator</p><p> -9% 0FF </p><p>$1,499.22</p><a href="https://www.amazon.com/dp/B07QCQX8WR?tag=eloabder-20&linkCode=osi&th=1&psc=1">View Product</a></div><div class="product"><a href="https://www.amazon.com/dp/B00QEUGW5M?tag=eloabder-20&linkCode=osi&th=1&psc=1"><img src="https://m.media-amazon.com/images/I/21RdnrqGpZL._SL500_.jpg" alt="Product Image"></a><p>Avanti FF18D3S-4 FF18D cu.ft. Apartment Size Refrigerator​, Full Fridge Free Technology Prevents Frost Build-up with Adjustable Shelves, Door Bins & Crisper Drawers, 18 cu. ft, Stainless Steel</p><p> -35% 0FF </p><p>$549.99</p><a href="https://www.amazon.com/dp/B00QEUGW5M?tag=eloabder-20&linkCode=osi&th=1&psc=1">View Product</a></div><div class="product"><a href="https://www.amazon.com/dp/B0CVS8WRPX?tag=eloabder-20&linkCode=osi&th=1&psc=1"><img src="https://m.media-amazon.com/images/I/21EtSdN39DL._SL500_.jpg" alt="Product Image"></a><p>Kenmore 46-75525 29.88 Inch Counter-Depth French Door Refrigerator/Freezer with Fingerprint-Resistant Stainless Steel, Ice Maker, Quiet and Energy Efficient Inverter Compressor, 17.5 cu. ft.</p><p> -15% 0FF </p><p>$1,099.99</p><a href="https://www.amazon.com/dp/B0CVS8WRPX?tag=eloabder-20&linkCode=osi&th=1&psc=1">View Product</a></div>
<div class="product"><a href="https://www.amazon.com/dp/B0D1CXL52G?tag=eloabder-20&linkCode=osi&th=1&psc=1"><img src="https://m.media-amazon.com/images/I/41b3JzpXjNL._SL500_.jpg" alt="Product Image"></a><p>Ninja Flip Toaster Oven&Air Fryer, 8-in-1 Functionality, Flip Up&Away Capability for Storage Space, LargeCapacity, Air Fry Basket, SheetPan, Wire Rack&Removable Crumb Tray, Stainless,1800 watts, SP151</p><p> -35% 0FF </p><p>$129.99</p><a href="https://www.amazon.com/dp/B0D1CXL52G?tag=eloabder-20&linkCode=osi&th=1&psc=1">View Product</a></div><div class="product"><a href="https://www.amazon.com/dp/B07SCGY2H6?tag=eloabder-20&linkCode=osi&th=1&psc=1"><img src="https://m.media-amazon.com/images/I/51lqoRxpKAL._SL500_.jpg" alt="Product Image"></a><p>Ninja SP101 Digital Air Fry Countertop Oven with 8-in-1 Functionality, Flip Up & Away Capability for Storage Space, with Air Fry Basket, Wire Rack & Crumb Tray, Silver</p><p> -41% 0FF </p><p>$129.99</p><a href="https://www.amazon.com/dp/B07SCGY2H6?tag=eloabder-20&linkCode=osi&th=1&psc=1">View Product</a></div><div class="product"><a href="https://www.amazon.com/dp/B0BMDFVL5D?tag=eloabder-20&linkCode=osi&th=1&psc=1"><img src="https://m.media-amazon.com/images/I/41MIOfXMwnL._SL500_.jpg" alt="Product Image"></a><p>Elite Gourmet ETO2530M Double French Door Countertop Toaster Oven, Bake, Broil, Toast, Keep Warm, Fits 12" pizza, 25L capacity, Stainless Steel & Black</p><p> -13% 0FF </p><p>$78.27</p><a href="https://www.amazon.com/dp/B0BMDFVL5D?tag=eloabder-20&linkCode=osi&th=1&psc=1">View Product</a></div><div class="product"><a href="https://www.amazon.com/dp/B08DL8WH9V?tag=eloabder-20&linkCode=osi&th=1&psc=1"><img src="https://m.media-amazon.com/images/I/51Zh5HMM-bL._SL500_.jpg" alt="Product Image"></a><p>CHEFMAN Multifunctional Digital Air Fryer+ Rotisserie, Dehydrator, Convection Oven, 17 Touch Screen Presets Fry, Roast, Dehydrate, Bake, XL 10L Family Size, Auto Shutoff, Large Easy-View Window, Black</p><p> -29% 0FF </p><p>$99.99</p><a href="https://www.amazon.com/dp/B08DL8WH9V?tag=eloabder-20&linkCode=osi&th=1&psc=1">View Product</a></div>
<div class="product"><a href="https://www.amazon.com/dp/B072P11H8L?tag=eloabder-20&linkCode=osi&th=1&psc=1"><img src="https://m.media-amazon.com/images/I/41FgU05M+eL._SL500_.jpg" alt="Product Image"></a><p>Amazon Basics 2 Slice Extra Wide Slot Toaster with Bagel Function, Removable Crumb Tray, 6 Browning Settings, Frozen Food Setting, Cancel Button, 900W, Black & Silver.</p><p> -13% 0FF </p><p>$19.99</p><a href="https://www.amazon.com/dp/B072P11H8L?tag=eloabder-20&linkCode=osi&th=1&psc=1">View Product</a></div><div class="product"><a href="https://www.amazon.com/dp/B091SQRKVG?tag=eloabder-20&linkCode=osi&th=1&psc=1"><img src="https://m.media-amazon.com/images/I/41VUCnZHzhL._SL500_.jpg" alt="Product Image"></a><p>Mueller UltraToast Full Stainless Steel Toaster 4 Slice, Long Extra-Wide Slots with Removable Tray, Cancel/Defrost/Reheat Functions, 6 Browning Levels with LED Display, Kitchen Essentials & Gadgets</p><p> -33% 0FF </p><p>$39.99</p><a href="https://www.amazon.com/dp/B091SQRKVG?tag=eloabder-20&linkCode=osi&th=1&psc=1">View Product</a></div><div class="product"><a href="https://www.amazon.com/dp/B08NWGNQPS?tag=eloabder-20&linkCode=osi&th=1&psc=1"><img src="https://m.media-amazon.com/images/I/41Rl2b7N4yL._SL500_.jpg" alt="Product Image"></a><p>GE 2 Slice Stainless Steel Toaster, Extra Wide Slots for Toasting Bagels, Breads, Waffles & More, 7 Adjustable Shade Settings, Removable Crumb Tray, Countertop Kitchen Essentials, 850 Watts</p><p> -14% 0FF </p><p>$41.99</p><a href="https://www.amazon.com/dp/B08NWGNQPS?tag=eloabder-20&linkCode=osi&th=1&psc=1">View Product</a></div>
<div class="product"><a href="https://www.amazon.com/dp/B09715G57M?tag=eloabder-20&linkCode=osi&th=1&psc=1"><img src="https://m.media-amazon.com/images/I/31bbfFmQvAL._SL500_.jpg" alt="Product Image"></a><p>Keurig K-Express Single Serve K-Cup Pod Coffee Maker, 3 Brew Sizes, Strong Button Feature, 42oz Removable Reservoir, Black</p><p> -33% 0FF </p><p>$59.99</p><a href="https://www.amazon.com/dp/B09715G57M?tag=eloabder-20&linkCode=osi&th=1&psc=1">View Product</a></div><div class="product"><a href="https://www.amazon.com/dp/B07S98411N?tag=eloabder-20&linkCode=osi&th=1&psc=1"><img src="https://m.media-amazon.com/images/I/41SOX63H-GL._SL500_.jpg" alt="Product Image"></a><p>Ninja 12-Cup Programmable Coffee Brewer, 2 Brew Styles, Adjustable Warm Plate, 60oz Water Reservoir, Delay Brew - Black/Stainless Steel</p><p> -13% 0FF </p><p>$69.99 ($69.99 / count)</p><a href="https://www.amazon.com/dp/B07S98411N?tag=eloabder-20&linkCode=osi&th=1&psc=1">View Product</a></div><div class="product"><a href="https://www.amazon.com/dp/B0D8LXRHQ8?tag=eloabder-20&linkCode=osi&th=1&psc=1"><img src="https://m.media-amazon.com/images/I/41rogzNp62L._SL500_.jpg" alt="Product Image"></a><p>Keurig K-Duo Hot & Iced Single Serve & Carafe Coffee Maker, MultiStream Technology, 72oz Reservoir (Gen 2)</p><p> -25% 0FF </p><p>$149.99</p><a href="https://www.amazon.com/dp/B0D8LXRHQ8?tag=eloabder-20&linkCode=osi&th=1&psc=1">View Product</a></div><div class="product"><a href="https://www.amazon.com/dp/B0BM3C13B6?tag=eloabder-20&linkCode=osi&th=1&psc=1"><img src="https://m.media-amazon.com/images/I/41Vyq25e3QL._SL500_.jpg" alt="Product Image"></a><p>Mueller 12-Cup Drip Coffee Maker - Borosilicate Carafe, Auto-Off, Reusable Filter, Anti-Drip, Keep-Warm Function, Clear Water Level Window Coffee Machine, Ideal for Home or Office</p><p> -48% 0FF </p><p>$25.87 ($2.16 / Count)</p><a href="https://www.amazon.com/dp/B0BM3C13B6?tag=eloabder-20&linkCode=osi&th=1&psc=1">View Product</a></div><div class="product"><a href="https://www.amazon.com/dp/B07GV2S1GS?tag=eloabder-20&linkCode=osi&th=1&psc=1"><img src="https://m.media-amazon.com/images/I/310Vh-Nnu7L._SL500_.jpg" alt="Product Image"></a><p>Keurig K-Mini Single Serve K-Cup Pod Coffee Maker, 6 to 12oz Brew size, with Cord Storage, Perfect for Small Spaces, Black</p><p> -40% 0FF </p><p>$59.99</p><a href="https://www.amazon.com/dp/B07GV2S1GS?tag=eloabder-20&linkCode=osi&th=1&psc=1">View Product</a></div><div class="product"><a href="https://www.amazon.com/dp/B018UQ5AMS?tag=eloabder-20&linkCode=osi&th=1&psc=1"><img src="https://m.media-amazon.com/images/I/41ZbZptck9L._SL500_.jpg" alt="Product Image"></a><p>Keurig K-Classic Single Serve K-Cup Pod Coffee Maker, with 3 Brew Sizes, 48oz Removable Reservoir, Black</p><p> -7% 0FF </p><p>$139.99</p><a href="https://www.amazon.com/dp/B018UQ5AMS?tag=eloabder-20&linkCode=osi&th=1&psc=1">View Product</a></div>
<div class="product"><a href="https://www.amazon.com/dp/B09ST4M8VF?tag=eloabder-20&linkCode=osi&th=1&psc=1"><img src="https://m.media-amazon.com/images/I/31QlZXvnG0L._SL500_.jpg" alt="Product Image"></a><p>COMFEE’ Countertop Dishwasher, Energy Star Portable Dishwasher, 6 Place Settings & 8 Washing Programs, Speed, Baby-Care, ECO& Glass, Dish Washer for Dorm, RV& Apartment, Black</p><p> -13% 0FF </p><p>$259.99</p><a href="https://www.amazon.com/dp/B09ST4M8VF?tag=eloabder-20&linkCode=osi&th=1&psc=1">View Product</a></div><div class="product"><a href="https://www.amazon.com/dp/B089YD3Z91?tag=eloabder-20&linkCode=osi&th=1&psc=1"><img src="https://m.media-amazon.com/images/I/4149SRZHueL._SL500_.jpg" alt="Product Image"></a><p>NOVETE Portable Countertop Dishwashers, Compact Dishwashers with 5 L Built-in Water Tank & Inlet Hose, 5 Washing Programs, Baby Care, Air-Dry Function and LED Light for Small Apartments</p><p> -31% 0FF </p><p>$291.70</p><a href="https://www.amazon.com/dp/B089YD3Z91?tag=eloabder-20&linkCode=osi&th=1&psc=1">View Product</a></div><div class="product"><a href="https://www.amazon.com/dp/B0CVX5GBY5?tag=eloabder-20&linkCode=osi&th=1&psc=1"><img src="https://m.media-amazon.com/images/I/41Dnq4IKwbL._SL500_.jpg" alt="Product Image"></a><p>EUHOMY Mini Portable Dishwasher Countertop Compact Dishwashers, Tabletop Small Dishwasher with 5L Built-in Water Tank with 6 Modes and Baby Care for Apartments& RVs, No Hookup Needed</p><p> -19% 0FF </p><p>$217.99</p><a href="https://www.amazon.com/dp/B0CVX5GBY5?tag=eloabder-20&linkCode=osi&th=1&psc=1">View Product</a></div><div class="product"><a href="https://www.amazon.com/dp/B0C84MCVWM?tag=eloabder-20&linkCode=osi&th=1&psc=1"><img src="https://m.media-amazon.com/images/I/21-RrSOli4L._SL500_.jpg" alt="Product Image"></a><p>Midea MDF18A1AST Built-in Dishwasher with 8 Place Settings, 6 Washing Programs, Stainless Steel Tub, Heated Dry, Energy Star</p><p> -10% 0FF </p><p>$449.00</p><a href="https://www.amazon.com/dp/B0C84MCVWM?tag=eloabder-20&linkCode=osi&th=1&psc=1">View Product</a></div><div class="product"><a href="https://www.amazon.com/dp/B0BSHF9LXB?tag=eloabder-20&linkCode=osi&th=1&psc=1"><img src="https://m.media-amazon.com/images/I/11eYYssjgEL._SL500_.jpg" alt="Product Image"></a><p>Honeywell 18 Inch Dishwasher with 8 Place settings, 6 Washing Programs, Stainless Steel Tub, UL/Energy Star- Stainless Steel</p><p> -11% 0FF </p><p>$399.99</p><a href="https://www.amazon.com/dp/B0BSHF9LXB?tag=eloabder-20&linkCode=osi&th=1&psc=1">View Product</a></div><div class="product"><a href="https://www.amazon.com/dp/B08SBR12S7?tag=eloabder-20&linkCode=osi&th=1&psc=1"><img src="https://m.media-amazon.com/images/I/41LD2A+P9ZL._SL500_.jpg" alt="Product Image"></a><p>Hermitlux Countertop Dishwasher, 5 Washing Programs Portable Dishwasher With 5-Liter Built-in Water Tank For Glass Door</p><p> -21% 0FF </p><p>$275.99</p><a href="https://www.amazon.com/dp/B08SBR12S7?tag=eloabder-20&linkCode=osi&th=1&psc=1">View Product</a></div><div class="product"><a href="https://www.amazon.com/dp/B09QCJ6TDZ?tag=eloabder-20&linkCode=osi&th=1&psc=1"><img src="https://m.media-amazon.com/images/I/41vntFM8FeL._SL500_.jpg" alt="Product Image"></a><p>COMFEE' Portable Mini Dishwasher Countertop with 5L Built-in Water Tank for Apartments& RVs, No Hookup Needed, 6 Programs, 360° Dual Spray, 162℉ High-Temp& Air-Dry Function</p><p> -10% 0FF </p><p>$269.99</p><a href="https://www.amazon.com/dp/B09QCJ6TDZ?tag=eloabder-20&linkCode=osi&th=1&psc=1">View Product</a></div><div class="product"><a href="https://www.amazon.com/dp/B0CFPJ57KP?tag=eloabder-20&linkCode=osi&th=1&psc=1"><img src="https://m.media-amazon.com/images/I/31Wtz+lzyfL._SL500_.jpg" alt="Product Image"></a><p>Kenmore 24" Built-In Stainless Steel Tub Dishwasher with EasyFlex 3rd Rack, SmartWash, UltraWash Plus, TurboDry, MoreSpace Adjustable Rack, Energy Star Certified, Fingerprint Resistant Stainless Steel</p><p> -38% 0FF </p><p>$499.99</p><a href="https://www.amazon.com/dp/B0CFPJ57KP?tag=eloabder-20&linkCode=osi&th=1&psc=1">View Product</a></div><div class="product"><a href="https://www.amazon.com/dp/B0BZGXYQ4S?tag=eloabder-20&linkCode=osi&th=1&psc=1"><img src="https://m.media-amazon.com/images/I/31HoqlDBJHL._SL500_.jpg" alt="Product Image"></a><p>FOTILE Stainless Steel Kitchen In-Sink Dishwasher Combination, Heavy Gauge Bowl Dish Sanitizing, Energy-saving, and Powerful Cleaning Countertop Dishwasher (SD2F-P3)</p><p> -27% 0FF </p><p>$799.00</p><a href="https://www.amazon.com/dp/B0BZGXYQ4S?tag=eloabder-20&linkCode=osi&th=1&psc=1">View Product</a></div>
<div class="product"><a href="https://www.amazon.com/dp/B075KLJXKZ?tag=eloabder-20&linkCode=osi&th=1&psc=1"><img src="https://m.media-amazon.com/images/I/31-WjP7B6vL._SL500_.jpg" alt="Product Image"></a><p>Kenmore Top-Load Washer with Dual Action Agitator, Stainless Steel Top Loader Laundry Washing Machine, 3.5 cu. ft. Capacity White</p><p> -31% 0FF </p><p>$499.99</p><a href="https://www.amazon.com/dp/B075KLJXKZ?tag=eloabder-20&linkCode=osi&th=1&psc=1">View Product</a></div><div class="product"><a href="https://www.amazon.com/dp/B07DC5YQW8?tag=eloabder-20&linkCode=osi&th=1&psc=1"><img src="https://m.media-amazon.com/images/I/31DuF7NeLHL._SL500_.jpg" alt="Product Image"></a><p>Kenmore 20362 Triple Action Agitator Top-Load Washer, 3.8 cu. ft, White</p><p> -10% 0FF </p><p>$629.98</p><a href="https://www.amazon.com/dp/B07DC5YQW8?tag=eloabder-20&linkCode=osi&th=1&psc=1">View Product</a></div><div class="product"><a href="https://www.amazon.com/dp/B0D8SZ4CTC?tag=eloabder-20&linkCode=osi&th=1&psc=1"><img src="https://m.media-amazon.com/images/I/31DIwBVEFHL._SL500_.jpg" alt="Product Image"></a><p>Euhomy 1.03cu.ft Portable Washer, 8.8LBS Capacity Small Portable Washing Machine with 10 Programs 5 Water Levels, Drain Pump and LED Display,Compact Washer for Apartments, RVs, Homes, Light Gray</p><p> -18% 0FF </p><p>$195.99</p><a href="https://www.amazon.com/dp/B0D8SZ4CTC?tag=eloabder-20&linkCode=osi&th=1&psc=1">View Product</a></div><div class="product"><a href="https://www.amazon.com/dp/B0CNXQK4TF?tag=eloabder-20&linkCode=osi&th=1&psc=1"><img src="https://m.media-amazon.com/images/I/41P5otQCAGL._SL500_.jpg" alt="Product Image"></a><p>COSTWAY Portable Washing Machine, Twin Tub 26lbs Capacity Laundry Washer, 18lbs Washer and 8lbs Spinner Combo with Timer Knobs, Built-in Drain Pump, Compact Washer for Home Dorm Apartment (Grey+White)</p><p> -16% 0FF </p><p>$159.99</p><a href="https://www.amazon.com/dp/B0CNXQK4TF?tag=eloabder-20&linkCode=osi&th=1&psc=1">View Product</a></div><div class="product"><a href="https://www.amazon.com/dp/B08B4L4CGG?tag=eloabder-20&linkCode=osi&th=1&psc=1"><img src="https://m.media-amazon.com/images/I/31X47q9sDGL._SL500_.jpg" alt="Product Image"></a><p>Comfee Portable Washing Machine, 0.9 cu.ft Compact Washer With LED Display, 5 Wash Cycles, 2 Built-in Rollers, Space Saving Full-Automatic Washer</p><p> -7% 0FF </p><p>$230.58</p><a href="https://www.amazon.com/dp/B08B4L4CGG?tag=eloabder-20&linkCode=osi&th=1&psc=1">View Product</a></div><div class="product"><a href="https://www.amazon.com/dp/B07HKXVQYC?tag=eloabder-20&linkCode=osi&th=1&psc=1"><img src="https://m.media-amazon.com/images/I/41-Ze3RD3lL._SL500_.jpg" alt="Product Image"></a><p>Giantex Portable Washing Machine, Full Automatic Washer and Dryer Combo, with Built-in Pump Drain 8 LBS Capacity Compact Laundry Washer Spin Dryer for Apartment RV Dorm</p><p> -29% 0FF </p><p>$229.99</p><a href="https://www.amazon.com/dp/B07HKXVQYC?tag=eloabder-20&linkCode=osi&th=1&psc=1">View Product</a></div><div class="product"><a href="https://www.amazon.com/dp/B0CXXPQ2NT?tag=eloabder-20&linkCode=osi&th=1&psc=1"><img src="https://m.media-amazon.com/images/I/414dhY400cL._SL500_.jpg" alt="Product Image"></a><p>28Lbs Portable Washing Machine, Twin Tub Washing Machine Laundry Compact Washer spinner Combo with Drain Pump and Spin Cycle, 18Lbs Washer and 10Lbs Spinner dryer for Apartments RVs and Dorms</p><p> -9% 0FF </p><p>$73.00</p><a href="https://www.amazon.com/dp/B0CXXPQ2NT?tag=eloabder-20&linkCode=osi&th=1&psc=1">View Product</a></div>
<div class="product"><a href="https://www.amazon.com/dp/B07D87K6BQ?tag=eloabder-20&linkCode=osi&th=1&psc=1"><img src="https://m.media-amazon.com/images/I/31KxNVdMpwL._SL500_.jpg" alt="Product Image"></a><p>Kenmore 29" Front Load Electric Dryer with Wrinkle Guard and 7.0 Cubic Ft. Total Capacity, White</p><p> -10% 0FF </p><p>$629.98</p><a href="https://www.amazon.com/dp/B07D87K6BQ?tag=eloabder-20&linkCode=osi&th=1&psc=1">View Product</a></div><div class="product"><a href="https://www.amazon.com/dp/B075KLNLJ8?tag=eloabder-20&linkCode=osi&th=1&psc=1"><img src="https://m.media-amazon.com/images/I/31jFwM6jvRL._SL500_.jpg" alt="Product Image"></a><p>Kenmore Electric Dryer with Wrinkle Guard and Auto Dry, Electric Laundry Drying Machine 6.5 cu. Ft. Capacity White</p><p> -6% 0FF </p><p>$565.42</p><a href="https://www.amazon.com/dp/B075KLNLJ8?tag=eloabder-20&linkCode=osi&th=1&psc=1">View Product</a></div><div class="product"><a href="https://www.amazon.com/dp/B00EAY540S?tag=eloabder-20&linkCode=osi&th=1&psc=1"><img src="https://m.media-amazon.com/images/I/41S7hlrXcNL._SL500_.jpg" alt="Product Image"></a><p>Panda 110V 850W Electric Compact Portable Clothes Laundry Dryer with Stainless Steel Tub Apartment Size 1.5 cu.ft</p><p> -21% 0FF </p><p>$197.35</p><a href="https://www.amazon.com/dp/B00EAY540S?tag=eloabder-20&linkCode=osi&th=1&psc=1">View Product</a></div>
<div class="product"><a href="https://www.amazon.com/dp/B08QDL1XTC?tag=eloabder-20&linkCode=osi&th=1&psc=1"><img src="https://m.media-amazon.com/images/I/51ROwLDwkYL._SL500_.jpg" alt="Product Image"></a><p>Breeze Stop Surround Insulation Side Panels White for Window AC Unit Indoor Air Conditioner Cover for Winter and Summer</p><p> -6% 0FF </p><p>$32.99</p><a href="https://www.amazon.com/dp/B08QDL1XTC?tag=eloabder-20&linkCode=osi&th=1&psc=1">View Product</a></div><div class="product"><a href="https://www.amazon.com/dp/B07QKSV72H?tag=eloabder-20&linkCode=osi&th=1&psc=1"><img src="https://m.media-amazon.com/images/I/519a0zWyYIL._SL500_.jpg" alt="Product Image"></a><p>MODERN WAVE Central Air Conditioner Cover for Outside Units 36 x 36 - Top Universal Outdoor AC Cover Defender (Mesh, 36" x 36")</p><p> -20% 0FF </p><p>$23.99</p><a href="https://www.amazon.com/dp/B07QKSV72H?tag=eloabder-20&linkCode=osi&th=1&psc=1">View Product</a></div><div class="product"><a href="https://www.amazon.com/dp/B09DNRZNGB?tag=eloabder-20&linkCode=osi&th=1&psc=1"><img src="https://m.media-amazon.com/images/I/3126w0nnulL._SL500_.jpg" alt="Product Image"></a><p>Mrrihand Central Air Conditioner Cover for Outside Units Waterproof Heavy Duty AC Unit for Outdoor Large AC Cover for Winter (32"X32"X36")-Balck</p><p> -5% 0FF </p><p>$24.69</p><a href="https://www.amazon.com/dp/B09DNRZNGB?tag=eloabder-20&linkCode=osi&th=1&psc=1">View Product</a></div><div class="product"><a href="https://www.amazon.com/dp/B07VBMHCSS?tag=eloabder-20&linkCode=osi&th=1&psc=1"><img src="https://m.media-amazon.com/images/I/419VzItl1yL._SL500_.jpg" alt="Product Image"></a><p>Window Air Conditioner Cover Outdoor, Luxiv Outside Window AC Unit Cover Black Dust-proof Waterproof AC Cover Outdoor Window AC Protection Cover (21Wx16Dx15H)</p><p> -25% 0FF </p><p>$14.99</p><a href="https://www.amazon.com/dp/B07VBMHCSS?tag=eloabder-20&linkCode=osi&th=1&psc=1">View Product</a></div><div class="product"><a href="https://www.amazon.com/dp/B078SPPXZ7?tag=eloabder-20&linkCode=osi&th=1&psc=1"><img src="https://m.media-amazon.com/images/I/41LD7qFfJbL._SL500_.jpg" alt="Product Image"></a><p>Foozet Indoor Air Conditioner Cover Double Insulation, Medium Beige</p><p> -23% 0FF </p><p>$19.98</p><a href="https://www.amazon.com/dp/B078SPPXZ7?tag=eloabder-20&linkCode=osi&th=1&psc=1">View Product</a></div><div class="product"><a href="https://www.amazon.com/dp/B097PS8MM9?tag=eloabder-20&linkCode=osi&th=1&psc=1"><img src="https://m.media-amazon.com/images/I/31YIYuB91VL._SL500_.jpg" alt="Product Image"></a><p>BROSYDA Central Large Air Conditioner Cover for Outside Units, Waterproof & Windproof Outdoor AC Units Cover Black (30"x30"x32" Inch)</p><p> -12% 0FF </p><p>$24.99</p><a href="https://www.amazon.com/dp/B097PS8MM9?tag=eloabder-20&linkCode=osi&th=1&psc=1">View Product</a></div><div class="product"><a href="https://www.amazon.com/dp/B07Z7G7739?tag=eloabder-20&linkCode=osi&th=1&psc=1"><img src="https://m.media-amazon.com/images/I/51yS0zSIqYL._SL500_.jpg" alt="Product Image"></a><p>Aozzy Central Air Conditioner Covers for Outside Units Heavy Duty Ac Cover for Outdoor Unit Square Winter Withstand The Rain and Snow, Or Nuts Fit Up to 24x24x22 inchs</p><p> -30% 0FF </p><p>$11.89</p><a href="https://www.amazon.com/dp/B07Z7G7739?tag=eloabder-20&linkCode=osi&th=1&psc=1">View Product</a></div>
<div class="product"><a href="https://www.amazon.com/dp/B075GFLQ7K?tag=eloabder-20&linkCode=osi&th=1&psc=1"><img src="https://m.media-amazon.com/images/I/31wtVOr0SvL._SL500_.jpg" alt="Product Image"></a><p>Kenmore Floorcare Upright Bagged Vacuum, Blue/Silver</p><p> -11% 0FF </p><p>$222.56</p><a href="https://www.amazon.com/dp/B075GFLQ7K?tag=eloabder-20&linkCode=osi&th=1&psc=1">View Product</a></div><div class="product"><a href="https://www.amazon.com/dp/B086DBC2NN?tag=eloabder-20&linkCode=osi&th=1&psc=1"><img src="https://m.media-amazon.com/images/I/41gSCJkmrUL._SL500_.jpg" alt="Product Image"></a><p>Yocada Carpet Sweeper Cleaner for Home Office Low Carpets Rugs Undercoat Carpets Pet Hair Dust Scraps Paper Small Rubbish Cleaning with a Brush</p><p> -13% 0FF </p><p>$25.99</p><a href="https://www.amazon.com/dp/B086DBC2NN?tag=eloabder-20&linkCode=osi&th=1&psc=1">View Product</a></div><div class="product"><a href="https://www.amazon.com/dp/B00K316IB6?tag=eloabder-20&linkCode=osi&th=1&psc=1"><img src="https://m.media-amazon.com/images/I/31Xu+nrbO1L._SL500_.jpg" alt="Product Image"></a><p>Bissell 28806 Perfect Sweep Turbo, Grey</p><p> -14% 0FF </p><p>$38.78</p><a href="https://www.amazon.com/dp/B00K316IB6?tag=eloabder-20&linkCode=osi&th=1&psc=1">View Product</a></div><div class="product"><a href="https://www.amazon.com/dp/B085C7CF4J?tag=eloabder-20&linkCode=osi&th=1&psc=1"><img src="https://m.media-amazon.com/images/I/41LmSVowGJL._SL500_.jpg" alt="Product Image"></a><p>Yocada Carpet Sweeper Cleaner for Home Office Low Carpets Rugs Undercoat Carpets Pet Hair Dust Scraps Paper Small Rubbish Cleaning with a Brush Blue</p><p> -13% 0FF </p><p>$25.99</p><a href="https://www.amazon.com/dp/B085C7CF4J?tag=eloabder-20&linkCode=osi&th=1&psc=1">View Product</a></div><div class="product"><a href="https://www.amazon.com/dp/B08SBQBF2R?tag=eloabder-20&linkCode=osi&th=1&psc=1"><img src="https://m.media-amazon.com/images/I/41-haqU+4SL._SL500_.jpg" alt="Product Image"></a><p>Holikme Dryer Vent Cleaner Kit Vacuum Hose Attachment Brush, Lint Remover, Dryer Vent Vacuum Hose, Blue</p><p> -43% 0FF </p><p>$8.49</p><a href="https://www.amazon.com/dp/B08SBQBF2R?tag=eloabder-20&linkCode=osi&th=1&psc=1">View Product</a></div><div class="product"><a href="https://www.amazon.com/dp/B0CQY6MPNG?tag=eloabder-20&linkCode=osi&th=1&psc=1"><img src="https://m.media-amazon.com/images/I/515TS53ns1L._SL500_.jpg" alt="Product Image"></a><p>PetOde 2 Pieces Dryer Vent Cleaner Kit Compatible with All Vacuum Cleaner, Dryer Lint Brush and Vacuum Hose Attachment with Stretch Universal Connector, Quickly Lint Remover</p><p> -25% 0FF </p><p>$8.95</p><a href="https://www.amazon.com/dp/B0CQY6MPNG?tag=eloabder-20&linkCode=osi&th=1&psc=1">View Product</a></div>
<div class="product"><a href="https://www.amazon.com/dp/B00061J2B6?tag=eloabder-20&linkCode=osi&th=1&psc=1"><img src="https://m.media-amazon.com/images/I/41YkPB6bX2L._SL500_.jpg" alt="Product Image"></a><p>Steamfast SF-680 Digital Steam Press with Multiple Fabric Settings and Steam Burst Function,Stainless/Black, Stand</p><p> -13% 0FF </p><p>$279.99</p><a href="https://www.amazon.com/dp/B00061J2B6?tag=eloabder-20&linkCode=osi&th=1&psc=1">View Product</a></div><div class="product"><a href="https://www.amazon.com/dp/B09V7232SK?tag=eloabder-20&linkCode=osi&th=1&psc=1"><img src="https://m.media-amazon.com/images/I/51bSRR0Y3FL._SL500_.jpg" alt="Product Image"></a><p>Mueller Heart Waffle Maker, 5 Belgian Waffle Iron, Adjustable Browning Control, Cool Touch Handle, Compact and Easy to Clean, Great Mother’s Day Gift</p><p> -25% 0FF </p><p>$29.97</p><a href="https://www.amazon.com/dp/B09V7232SK?tag=eloabder-20&linkCode=osi&th=1&psc=1">View Product</a></div><div class="product"><a href="https://www.amazon.com/dp/B072ZNQC2R?tag=eloabder-20&linkCode=osi&th=1&psc=1"><img src="https://m.media-amazon.com/images/I/41rlbw08uYL._SL500_.jpg" alt="Product Image"></a><p>Chefman Rotating Belgian Waffle Maker, 180° Flip Iron w/ Non-Stick Plates, Adjustable Timer, Locking Lid, & Drip Plate, Space Saving Storage, Mess-Free Breakfast, Stainless Steel/Black</p><p> -13% 0FF </p><p>$34.99</p><a href="https://www.amazon.com/dp/B072ZNQC2R?tag=eloabder-20&linkCode=osi&th=1&psc=1">View Product</a></div><div class="product"><a href="https://www.amazon.com/dp/B013WOEC1I?tag=eloabder-20&linkCode=osi&th=1&psc=1"><img src="https://m.media-amazon.com/images/I/41aAsJHqAAL._SL500_.jpg" alt="Product Image"></a><p>Whitmor Deluxe Ironing Board Cover and Pad (Ironing board not included) - Medallion Grey</p><p> -13% 0FF </p><p>$13.49</p><a href="https://www.amazon.com/dp/B013WOEC1I?tag=eloabder-20&linkCode=osi&th=1&psc=1">View Product</a></div><div class="product"><a href="https://www.amazon.com/dp/B07L4Z2X81?tag=eloabder-20&linkCode=osi&th=1&psc=1"><img src="https://m.media-amazon.com/images/I/41PzLyy0OtL._SL500_.jpg" alt="Product Image"></a><p>Chefman Anti-Overflow Belgian Waffle Maker w/Shade Selector, Temperature Control, Mess Free Moat, Round Iron w/Nonstick Plates & Cool Touch Handle, Measuring Cup Included, Black</p><p> -13% 0FF </p><p>$26.09</p><a href="https://www.amazon.com/dp/B07L4Z2X81?tag=eloabder-20&linkCode=osi&th=1&psc=1">View Product</a></div><div class="product"><a href="https://www.amazon.com/dp/B09RX517YJ?tag=eloabder-20&linkCode=osi&th=1&psc=1"><img src="https://m.media-amazon.com/images/I/41qTvdLB3RL._SL500_.jpg" alt="Product Image"></a><p>Elite Gourmet EWM-2207# Electric Non-Stick Belgian Waffle Maker Iron, Breakfast, Sandwiches, Snacks, Burgers and more, 2-Slice, Black</p><p> -13% 0FF </p><p>$13.99</p><a href="https://www.amazon.com/dp/B09RX517YJ?tag=eloabder-20&linkCode=osi&th=1&psc=1">View Product</a></div>
<div class="product"><a href="https://www.amazon.com/dp/B00DEPGY7G?tag=eloabder-20&linkCode=osi&th=1&psc=1"><img src="https://m.media-amazon.com/images/I/41NuCd1uYNL._SL500_.jpg" alt="Product Image"></a><p>OVENTE Glass Electric Kettle Hot Water Boiler 1.5 Liter Borosilicate Glass Fast Boiling Countertop Heater - BPA Free Auto Shut Off Instant Water Heater Kettle for Coffee & Tea Maker - Black KG83B</p><p> -29% 0FF </p><p>$19.99</p><a href="https://www.amazon.com/dp/B00DEPGY7G?tag=eloabder-20&linkCode=osi&th=1&psc=1">View Product</a></div><div class="product"><a href="https://www.amazon.com/dp/B07JZQ1MXT?tag=eloabder-20&linkCode=osi&th=1&psc=1"><img src="https://m.media-amazon.com/images/I/311dZHPh5AL._SL500_.jpg" alt="Product Image"></a><p>Amazon Basics Electric Kettle, Tea Kettle for Hot Water, Coffee & Tea, With Auto Shut-Off, Boil Dry Protection, Strix Thermostat, BPA-Free, 1.8 Quarts (1.7L), 1500W, Glass and Steel, Black & Silver</p><p> -7% 0FF </p><p>$26.99</p><a href="https://www.amazon.com/dp/B07JZQ1MXT?tag=eloabder-20&linkCode=osi&th=1&psc=1">View Product</a></div><div class="product"><a href="https://www.amazon.com/dp/B01LWMWU59?tag=eloabder-20&linkCode=osi&th=1&psc=1"><img src="https://m.media-amazon.com/images/I/41E4k2z3DWL._SL500_.jpg" alt="Product Image"></a><p>Zojirushi Micom Water Boiler and Warmer (135 oz. / 4L, Silver)</p><p> -30% 0FF </p><p>$146.00</p><a href="https://www.amazon.com/dp/B01LWMWU59?tag=eloabder-20&linkCode=osi&th=1&psc=1">View Product</a></div><div class="product"><a href="https://www.amazon.com/dp/B07L5HT585?tag=eloabder-20&linkCode=osi&th=1&psc=1"><img src="https://m.media-amazon.com/images/I/41BL-WlAZkL._SL500_.jpg" alt="Product Image"></a><p>Hamilton Beach 1.7L Electric Kettle, Water Boiler & Heater, LED Indicator, Built-In Mesh Filter, Auto-Shutoff & Boil-Dry Protection, Cordless Serving, Clear Glass (40864)</p><p> -17% 0FF </p><p>$24.99</p><a href="https://www.amazon.com/dp/B07L5HT585?tag=eloabder-20&linkCode=osi&th=1&psc=1">View Product</a></div>
<div class="product"><a href="https://www.amazon.com/dp/B0055522EM?tag=eloabder-20&linkCode=osi&th=1&psc=1"><img src="https://m.media-amazon.com/images/I/51DzXSitquL._SL500_.jpg" alt="Product Image"></a><p>PureGuardian Aquastick, Universal, Genuine Guardian Technologies Antimicrobial Humidifier Treatment, Ultrasonic & Evaporative, Fits All Brands, Reduces Odors, 2 Count (One Pack of Two), GGHS15</p><p> -40% 0FF </p><p>$11.99 ($6.00 / Count)</p><a href="https://www.amazon.com/dp/B0055522EM?tag=eloabder-20&linkCode=osi&th=1&psc=1">View Product</a></div><div class="product"><a href="https://www.amazon.com/dp/B0CQRYKPD4?tag=eloabder-20&linkCode=osi&th=1&psc=1"><img src="https://m.media-amazon.com/images/I/51ADaqkTaOL._SL500_.jpg" alt="Product Image"></a><p>[2 Pack] Humidifier Drops for Cleaning - Food Grade Humidifier Cleaner Slows Buildup & Scaling - Cleans & Deodorizes Water - Suitable for All Humidifier Models - 200+ Day Supply - Made in USA</p><p> -5% 0FF </p><p>$18.99 ($9.50 / Fl Oz)</p><a href="https://www.amazon.com/dp/B0CQRYKPD4?tag=eloabder-20&linkCode=osi&th=1&psc=1">View Product</a></div><div class="product"><a href="https://www.amazon.com/dp/B01J664VSA?tag=eloabder-20&linkCode=osi&th=1&psc=1"><img src="https://m.media-amazon.com/images/I/418M5+TWhnL._SL500_.jpg" alt="Product Image"></a><p>Vornado MD1-0034 Replacement Humidifier Wick (Pack of 2) , White</p><p> -20% 0FF </p><p>$12.00 ($6.00 / Count)</p><a href="https://www.amazon.com/dp/B01J664VSA?tag=eloabder-20&linkCode=osi&th=1&psc=1">View Product</a></div>
<div class="product"><a href="https://www.amazon.com/dp/B0DJ8YM235?tag=eloabder-20&linkCode=osi&th=1&psc=1"><img src="https://m.media-amazon.com/images/I/31-+n3qJwfL._SL500_.jpg" alt="Product Image"></a><p>PSOS Dehumidifier for Home, 118 OZ Water Tank, Dehumidifiers for Room 1000 sq.ft, Dehumidifiers for Bathroom Bedroom Basement with Humidity monitoring, Auto Shut Off, 7 Colors Light(White)</p><p> -40% 0FF </p><p>$89.99</p><a href="https://www.amazon.com/dp/B0DJ8YM235?tag=eloabder-20&linkCode=osi&th=1&psc=1">View Product</a></div><div class="product"><a href="https://www.amazon.com/dp/B0BX4TTZL2?tag=eloabder-20&linkCode=osi&th=1&psc=1"><img src="https://m.media-amazon.com/images/I/31JMYwASsyL._SL500_.jpg" alt="Product Image"></a><p>Hornady Rapid Dry Dehumidifier Stone - Rechargeable Dehumidifier for Gun Safe and Cases, Protect Your Firearms and Valuables from Moisture - Unlimited Use, with Moisture Level Indicator - Item 95898</p><p> -29% 0FF </p><p>$28.37</p><a href="https://www.amazon.com/dp/B0BX4TTZL2?tag=eloabder-20&linkCode=osi&th=1&psc=1">View Product</a></div>
<div class="product"><a href="https://www.amazon.com/dp/B089P1Z38J?tag=eloabder-20&linkCode=osi&th=1&psc=1"><img src="https://m.media-amazon.com/images/I/51YX73Zai2L._SL500_.jpg" alt="Product Image"></a><p>Lasko Air Flex 20" 2-in-1 Box Fan and Air Purifier in One with MERV10 Air Purifying Filter for Cleaner and Cooling Breeze, 3 Speeds, Steel Body, FF305</p><p> -6% 0FF </p><p>$65.79</p><a href="https://www.amazon.com/dp/B089P1Z38J?tag=eloabder-20&linkCode=osi&th=1&psc=1">View Product</a></div><div class="product"><a href="https://www.amazon.com/dp/B0819NMLPH?tag=eloabder-20&linkCode=osi&th=1&psc=1"><img src="https://m.media-amazon.com/images/I/51J1qcl7T+L._SL500_.jpg" alt="Product Image"></a><p>SmoTecQ Ceiling Fan Pull Chain, 120" Rust Proof Copper 3mm Beaded Extension Chains with 12 Matching Connectors, Bronze</p><p> -25% 0FF </p><p>$5.99</p><a href="https://www.amazon.com/dp/B0819NMLPH?tag=eloabder-20&linkCode=osi&th=1&psc=1">View Product</a></div><div class="product"><a href="https://www.amazon.com/dp/B09JBCGK41?tag=eloabder-20&linkCode=osi&th=1&psc=1"><img src="https://m.media-amazon.com/images/I/31O1Cq3aI-L._SL500_.jpg" alt="Product Image"></a><p>Hunter Fan Company 99770 Core Multifunction w/1.9 Remote Control with Receiver, No Size, Dove Grey</p><p> -40% 0FF </p><p>$42.78</p><a href="https://www.amazon.com/dp/B09JBCGK41?tag=eloabder-20&linkCode=osi&th=1&psc=1">View Product</a></div><div class="product"><a href="https://www.amazon.com/dp/B07S5LK7Z8?tag=eloabder-20&linkCode=osi&th=1&psc=1"><img src="https://m.media-amazon.com/images/I/41Wgts+0jEL._SL500_.jpg" alt="Product Image"></a><p>Ceiling Fan Light Switch Zing Ear Pull Chain Switch ZE-109 Fan Light Switch, On-Off Speed with Pull Chain Compatible with Ceiling Light Fans, Lamps and Wall Lights.(Bronze)</p><p> -63% 0FF </p><p>$1.89</p><a href="https://www.amazon.com/dp/B07S5LK7Z8?tag=eloabder-20&linkCode=osi&th=1&psc=1">View Product</a></div><div class="product"><a href="https://www.amazon.com/dp/B0D5M1M37N?tag=eloabder-20&linkCode=osi&th=1&psc=1"><img src="https://m.media-amazon.com/images/I/51yO2OHGQkL._SL500_.jpg" alt="Product Image"></a><p>Butto 10-Pack Ceiling Fan Filters for Blades - Strong Adhesive Ceiling Fan Filters for Common Household Contaminants - Unscented Coconut Carbon Fan Air Purifier Pads to Make Air Fresh and Natural</p><p> -21% 0FF </p><p>$14.98</p><a href="https://www.amazon.com/dp/B0D5M1M37N?tag=eloabder-20&linkCode=osi&th=1&psc=1">View Product</a></div>
<div class="product"><a href="https://www.amazon.com/dp/B0CC8DS2S5?tag=eloabder-20&linkCode=osi&th=1&psc=1"><img src="https://m.media-amazon.com/images/I/41VCzvLZYAL._SL500_.jpg" alt="Product Image"></a><p>KitchekShop Coffee Mug Warmer - Fastest Heating & Highest Temperature, Coffee Cup Warmer for Desk Auto Shut Off, 4 Temp Settings & 1-12H Timer, Smart Electric Beverage Warmer for Coffee, Tea, Water</p><p> -40% 0FF </p><p>$23.99</p><a href="https://www.amazon.com/dp/B0CC8DS2S5?tag=eloabder-20&linkCode=osi&th=1&psc=1">View Product</a></div><div class="product"><a href="https://www.amazon.com/dp/B082MVGP8T?tag=eloabder-20&linkCode=osi&th=1&psc=1"><img src="https://m.media-amazon.com/images/I/31Ui7mtlCOL._SL500_.jpg" alt="Product Image"></a><p>Amazon Basics Electric Kettle, Tea Kettle for Hot Water, Coffee & Tea, With Auto Shut-Off, Boil Dry Protection, Strix Thermostat, BPA-Free, 1.1 Quarts (1.0L), 1500W, Glass and Steel, Black & Silver</p><p> -9% 0FF </p><p>$24.49</p><a href="https://www.amazon.com/dp/B082MVGP8T?tag=eloabder-20&linkCode=osi&th=1&psc=1">View Product</a></div>
<div class="product"><a href="https://www.amazon.com/dp/B0BYR4W4F6?tag=eloabder-20&linkCode=osi&th=1&psc=1"><img src="https://m.media-amazon.com/images/I/31M2ZgX69nL._SL500_.jpg" alt="Product Image"></a><p>Arrojo Gamma Aria Blow Dryer — Dual Ionic hair Dryer for Men and Women — Quietest Hair Dryers in their Class — Speeds to 101mph for Hyper Fast Drying Blow Dryer power</p><p> -6% 0FF </p><p>$165.86</p><a href="https://www.amazon.com/dp/B0BYR4W4F6?tag=eloabder-20&linkCode=osi&th=1&psc=1">View Product</a></div><div class="product"><a href="https://www.amazon.com/dp/B095Y4T72V?tag=eloabder-20&linkCode=osi&th=1&psc=1"><img src="https://m.media-amazon.com/images/I/3190DPU1r7S._SL500_.jpg" alt="Product Image"></a><p>Turbo Power Mega Turbo 2500 Heat Dryer</p><p> -7% 0FF </p><p>$93.44 ($93.44 / Count)</p><a href="https://www.amazon.com/dp/B095Y4T72V?tag=eloabder-20&linkCode=osi&th=1&psc=1">View Product</a></div>
<div class="product"><a href="https://www.amazon.com/dp/B0D4TT37CG?tag=eloabder-20&linkCode=osi&th=1&psc=1"><img src="https://m.media-amazon.com/images/I/51rJj7bo1sL._SL500_.jpg" alt="Product Image"></a><p>250W Professional Electric Cheese Grater for Block Cheese,Automatic Cheese Grater for Potato,Carrots,Salad Shooter Electric Slicer Shredder with 5 Types of Blades,Your Nice Kitchen Helper!</p><p> -8% 0FF </p><p>$66.99</p><a href="https://www.amazon.com/dp/B0D4TT37CG?tag=eloabder-20&linkCode=osi&th=1&psc=1">View Product</a></div>
<div class="product"><a href="https://www.amazon.com/dp/B007WQ9YNO?tag=eloabder-20&linkCode=osi&th=1&psc=1"><img src="https://m.media-amazon.com/images/I/41V32cTWxML._SL500_.jpg" alt="Product Image"></a><p>AROMA Digital Rice Cooker, 4-Cup (Uncooked) / 8-Cup (Cooked), Steamer, Grain Cooker, Multicooker, 2 Qt, Stainless Steel Exterior, ARC-914SBD</p><p> -9% 0FF </p><p>$29.98</p><a href="https://www.amazon.com/dp/B007WQ9YNO?tag=eloabder-20&linkCode=osi&th=1&psc=1">View Product</a></div><div class="product"><a href="https://www.amazon.com/dp/B0752VWV65?tag=eloabder-20&linkCode=osi&th=1&psc=1"><img src="https://m.media-amazon.com/images/I/41s222n8XjL._SL500_.jpg" alt="Product Image"></a><p>Hamilton Beach Digital Programmable Rice Cooker & Food Steamer, 8 Cups Cooked (4 Uncooked), With Steam & Rinse Basket, Stainless Steel (37518)</p><p> -20% 0FF </p><p>$31.99</p><a href="https://www.amazon.com/dp/B0752VWV65?tag=eloabder-20&linkCode=osi&th=1&psc=1">View Product</a></div><div class="product"><a href="https://www.amazon.com/dp/B0979TYRYN?tag=eloabder-20&linkCode=osi&th=1&psc=1"><img src="https://m.media-amazon.com/images/I/31pxVDIb99L._SL500_.jpg" alt="Product Image"></a><p>Aroma Housewares 4-Cups (Cooked) / 1Qt. Rice & Grain Cooker (ARC-302NG), White</p><p> -24% 0FF </p><p>$18.99</p><a href="https://www.amazon.com/dp/B0979TYRYN?tag=eloabder-20&linkCode=osi&th=1&psc=1">View Product</a></div><div class="product"><a href="https://www.amazon.com/dp/B01BUL7FJ6?tag=eloabder-20&linkCode=osi&th=1&psc=1"><img src="https://m.media-amazon.com/images/I/41PX+tkWChL._SL500_.jpg" alt="Product Image"></a><p>Aroma Housewares ARC-363-1NGB 3 Uncooked/6 Cups Cooked Rice Cooker, Steamer, Multicooker, 2-6 cups, Black</p><p> -33% 0FF </p><p>$19.99</p><a href="https://www.amazon.com/dp/B01BUL7FJ6?tag=eloabder-20&linkCode=osi&th=1&psc=1">View Product</a></div><div class="product"><a href="https://www.amazon.com/dp/B0BD4PRBVZ?tag=eloabder-20&linkCode=osi&th=1&psc=1"><img src="https://m.media-amazon.com/images/I/51PB+13RRPL._SL500_.jpg" alt="Product Image"></a><p>COSORI Rice Cooker 10 Cup, 24h Keep Warm, 18 Functions Fuzzy Logic Rice Maker with Stainless Steel Steamer Basket, Sauté, Slow Cooker, Black</p><p> -15% 0FF </p><p>$84.99</p><a href="https://www.amazon.com/dp/B0BD4PRBVZ?tag=eloabder-20&linkCode=osi&th=1&psc=1">View Product</a></div>
<div class="product"><a href="https://www.amazon.com/dp/B003OAJGJO?tag=eloabder-20&linkCode=osi&th=1&psc=1"><img src="https://m.media-amazon.com/images/I/51qadG4iFyL._SL500_.jpg" alt="Product Image"></a><p>Crock-Pot 7 Quart Oval Manual Slow Cooker, Stainless Steel (SCV700-S-BR), Versatile Cookware for Large Families or Entertaining</p><p> -30% 0FF </p><p>$34.99</p><a href="https://www.amazon.com/dp/B003OAJGJO?tag=eloabder-20&linkCode=osi&th=1&psc=1">View Product</a></div><div class="product"><a href="https://www.amazon.com/dp/B07DFVY29X?tag=eloabder-20&linkCode=osi&th=1&psc=1"><img src="https://m.media-amazon.com/images/I/415PUCXFtVL._SL500_.jpg" alt="Product Image"></a><p>Crock-Pot Large 8-Quart Programmable Slow Cooker with Auto Warm Setting, Black Stainless Steel (Pack of 1)</p><p> -25% 0FF </p><p>$74.99</p><a href="https://www.amazon.com/dp/B07DFVY29X?tag=eloabder-20&linkCode=osi&th=1&psc=1">View Product</a></div>
<div class="product"><a href="https://www.amazon.com/dp/B0BFX95J5P?tag=eloabder-20&linkCode=osi&th=1&psc=1"><img src="https://m.media-amazon.com/images/I/51Bj52vXGZL._SL500_.jpg" alt="Product Image"></a><p>COSORI Electric Pressure Cooker 6 qt, 9-in-1 Instant Multi Cooker with Safer Venting Design, Rice Cooker, Slow Cooker, Sous Vide, Saute Pot, 1100W, Stainless Steel</p><p> -22% 0FF </p><p>$69.99</p><a href="https://www.amazon.com/dp/B0BFX95J5P?tag=eloabder-20&linkCode=osi&th=1&psc=1">View Product</a></div><div class="product"><a href="https://www.amazon.com/dp/B08PPZWNCV?tag=eloabder-20&linkCode=osi&th=1&psc=1"><img src="https://m.media-amazon.com/images/I/41ZKZkeEwEL._SL500_.jpg" alt="Product Image"></a><p>Instant Pot Pro (8 QT) 10-in-1 Pressure Cooker, Slow Cooker, Rice/Grain Cooker, Steamer, Sauté, Sous Vide, Yogurt Maker, Sterilizer, and Warmer, Includes App With Over 800 Recipes, Black</p><p> -21% 0FF </p><p>$149.99</p><a href="https://www.amazon.com/dp/B08PPZWNCV?tag=eloabder-20&linkCode=osi&th=1&psc=1">View Product</a></div><div class="product"><a href="https://www.amazon.com/dp/B089P2W2N6?tag=eloabder-20&linkCode=osi&th=1&psc=1"><img src="https://m.media-amazon.com/images/I/41tjnk41j0L._SL500_.jpg" alt="Product Image"></a><p>12 Qt Stainless steel Electric Pressure Canner</p><p> -30% 0FF </p><p>$229.99</p><a href="https://www.amazon.com/dp/B089P2W2N6?tag=eloabder-20&linkCode=osi&th=1&psc=1">View Product</a></div><div class="product"><a href="https://www.amazon.com/dp/B0DJFJFSZ5?tag=eloabder-20&linkCode=osi&th=1&psc=1"><img src="https://m.media-amazon.com/images/I/41RArdH-6LL._SL500_.jpg" alt="Product Image"></a><p>COMFEE’ 9-in-1 Electric Pressure Cooker, 14 Presets Instant Multi Cooker Olla de Presion Non-Stick Pot Yogurt Maker Rice Cooker Slow Cooker Sauté Steamer 6 Quarts Black</p><p> -10% 0FF </p><p>$64.79</p><a href="https://www.amazon.com/dp/B0DJFJFSZ5?tag=eloabder-20&linkCode=osi&th=1&psc=1">View Product</a></div><div class="product"><a href="https://www.amazon.com/dp/B0C35HNPW9?tag=eloabder-20&linkCode=osi&th=1&psc=1"><img src="https://m.media-amazon.com/images/I/41C54nM0HvL._SL500_.jpg" alt="Product Image"></a><p>Instant Pot RIO Wide Base, 7.5 Quarts, Large Searing Base, WhisperQuiet Steam Release, 7-in-1 Electric Multi-Cooker, Pressure Cooker, Slow Cooker, Rice Cooker, Steamer, Sauté, Yogurt & Warmer</p><p> -13% 0FF </p><p>$113.50</p><a href="https://www.amazon.com/dp/B0C35HNPW9?tag=eloabder-20&linkCode=osi&th=1&psc=1">View Product</a></div>
<div class="product"><a href="https://www.amazon.com/dp/B01LZ6QN28?tag=eloabder-20&linkCode=osi&th=1&psc=1"><img src="https://m.media-amazon.com/images/I/310sq1rOuLL._SL500_.jpg" alt="Product Image"></a><p>KitchenAid KFC3516IC 3.5 Cup Food Chopper, Ice Blue</p><p> -25% 0FF </p><p>$44.99</p><a href="https://www.amazon.com/dp/B01LZ6QN28?tag=eloabder-20&linkCode=osi&th=1&psc=1">View Product</a></div><div class="product"><a href="https://www.amazon.com/dp/B089TP3K77?tag=eloabder-20&linkCode=osi&th=1&psc=1"><img src="https://m.media-amazon.com/images/I/41wrQtJwO4L._SL500_.jpg" alt="Product Image"></a><p>Ninja Food Processor, Professional Plus, 1000 Peak Watts, 4 Functions for Chopping, Slicing, Purees & Dough with 9-Cup Processor Bowl, 3 Blades, Food Chute & Pusher, Silver, BN601</p><p> -19% 0FF </p><p>$96.99</p><a href="https://www.amazon.com/dp/B089TP3K77?tag=eloabder-20&linkCode=osi&th=1&psc=1">View Product</a></div><div class="product"><a href="https://www.amazon.com/dp/B07CB25BRK?tag=eloabder-20&linkCode=osi&th=1&psc=1"><img src="https://m.media-amazon.com/images/I/4184he88uaL._SL500_.jpg" alt="Product Image"></a><p>KitchenAid KFP0718ER 7-Cup Food Processor Chop, Puree, Shred and Slice - Empire Red</p><p> -20% 0FF </p><p>$79.99</p><a href="https://www.amazon.com/dp/B07CB25BRK?tag=eloabder-20&linkCode=osi&th=1&psc=1">View Product</a></div><div class="product"><a href="https://www.amazon.com/dp/B0841NBX4Y?tag=eloabder-20&linkCode=osi&th=1&psc=1"><img src="https://m.media-amazon.com/images/I/31BQFzOW77S._SL500_.jpg" alt="Product Image"></a><p>BLACK+DECKER Food Processor and Vegetable Chopper, Stainless Steel Blade, 8-Cup Capacity, 450W Power with Attachments to Shred, Slice, Mince, Grind, and Puree</p><p> -22% 0FF </p><p>$42.99</p><a href="https://www.amazon.com/dp/B0841NBX4Y?tag=eloabder-20&linkCode=osi&th=1&psc=1">View Product</a></div>
<div class="product"><a href="https://www.amazon.com/dp/B00004SGFW?tag=eloabder-20&linkCode=osi&th=1&psc=1"><img src="https://m.media-amazon.com/images/I/41VBlHn++3L._SL500_.jpg" alt="Product Image"></a><p>KitchenAid Classic Series 4.5 Quart Tilt-Head Stand Mixer K45SS, White</p><p> -10% 0FF </p><p>$297.99</p><a href="https://www.amazon.com/dp/B00004SGFW?tag=eloabder-20&linkCode=osi&th=1&psc=1">View Product</a></div><div class="product"><a href="https://www.amazon.com/dp/B09BVCPSBT?tag=eloabder-20&linkCode=osi&th=1&psc=1"><img src="https://m.media-amazon.com/images/I/41ApmT8ttnL._SL500_.jpg" alt="Product Image"></a><p>Kitchen in the box Stand Mixer,3.2Qt Small Electric Food Mixer,6 Speeds Portable Lightweight Kitchen Mixer for Daily Use with Egg Whisk,Dough Hook,Flat Beater (Black)</p><p> -20% 0FF </p><p>$79.99</p><a href="https://www.amazon.com/dp/B09BVCPSBT?tag=eloabder-20&linkCode=osi&th=1&psc=1">View Product</a></div><div class="product"><a href="https://www.amazon.com/dp/B09Y9LHFJ5?tag=eloabder-20&linkCode=osi&th=1&psc=1"><img src="https://m.media-amazon.com/images/I/31zHqTmCLdL._SL500_.jpg" alt="Product Image"></a><p>Hamilton Beach Classic Stand and Hand Mixer, 4 Quarts, 6 Speeds with QuickBurst, Bowl Rest, 290 Watts Peak Power, Blue (64658)</p><p> -13% 0FF </p><p>$45.99</p><a href="https://www.amazon.com/dp/B09Y9LHFJ5?tag=eloabder-20&linkCode=osi&th=1&psc=1">View Product</a></div><div class="product"><a href="https://www.amazon.com/dp/B01H7R1EJY?tag=eloabder-20&linkCode=osi&th=1&psc=1"><img src="https://m.media-amazon.com/images/I/41bfuTs0SXL._SL500_.jpg" alt="Product Image"></a><p>Cuisinart Stand Mixer, 12 Speed, 5.5 Quart Stainless Steel Bowl, Chef’s Whisk, Mixing Paddle, Dough Hook, Splash Guard w/ Pour Spout, White Linen, SM-50, Manual</p><p> -20% 0FF </p><p>$199.95 ($199.95 / Count)</p><a href="https://www.amazon.com/dp/B01H7R1EJY?tag=eloabder-20&linkCode=osi&th=1&psc=1">View Product</a></div><div class="product"><a href="https://www.amazon.com/dp/B01K2FQ4DE?tag=eloabder-20&linkCode=osi&th=1&psc=1"><img src="https://m.media-amazon.com/images/I/419VfH8b6OL._SL500_.jpg" alt="Product Image"></a><p>Cuisinart Stand Mixer, 12 Speeds, 5.5-Quart Mixing Bowl, Chef's Whisk, Flat Mixing Paddle, Dough Hook, and Splash Guard with Pour Spout, Silver Lining, SM-50BC, Silver Lining</p><p> -20% 0FF </p><p>$199.95 ($199.95 / Count)</p><a href="https://www.amazon.com/dp/B01K2FQ4DE?tag=eloabder-20&linkCode=osi&th=1&psc=1">View Product</a></div>
<div class="product"><a href="https://www.amazon.com/dp/B009VUHLHA?tag=eloabder-20&linkCode=osi&th=1&psc=1"><img src="https://m.media-amazon.com/images/I/3129GS2CaML._SL500_.jpg" alt="Product Image"></a><p>KitchenAid 5 Ultra Power Speed Hand Mixer - KHM512, Empire Red (1 Pack)</p><p> -25% 0FF </p><p>$44.99</p><a href="https://www.amazon.com/dp/B009VUHLHA?tag=eloabder-20&linkCode=osi&th=1&psc=1">View Product</a></div><div class="product"><a href="https://www.amazon.com/dp/B07DD385JN?tag=eloabder-20&linkCode=osi&th=1&psc=1"><img src="https://m.media-amazon.com/images/I/41dfQaFsuUL._SL500_.jpg" alt="Product Image"></a><p>OVENTE Portable 5 Speed Mixing Electric Hand Mixer with Stainless Steel Whisk Beater Attachments & Snap Storage Case, Compact Lightweight 150 Watt Powerful Blender for Baking & Cooking, Black HM151B</p><p> -32% 0FF </p><p>$16.99</p><a href="https://www.amazon.com/dp/B07DD385JN?tag=eloabder-20&linkCode=osi&th=1&psc=1">View Product</a></div><div class="product"><a href="https://www.amazon.com/dp/B0034A8C4O?tag=eloabder-20&linkCode=osi&th=1&psc=1"><img src="https://m.media-amazon.com/images/I/41t6hdU+x0L._SL500_.jpg" alt="Product Image"></a><p>Cuisinart HM-90S Power Advantage Plus 9-Speed Handheld Mixer with Storage Case, White</p><p> -25% 0FF </p><p>$59.95</p><a href="https://www.amazon.com/dp/B0034A8C4O?tag=eloabder-20&linkCode=osi&th=1&psc=1">View Product</a></div><div class="product"><a href="https://www.amazon.com/dp/B00O4XVV66?tag=eloabder-20&linkCode=osi&th=1&psc=1"><img src="https://m.media-amazon.com/images/I/41TAePDHOkL._SL500_.jpg" alt="Product Image"></a><p>Hamilton Beach Power Deluxe 6-Speed Electric Hand Mixer with Snap-On Storage Case, QuickBurst, Beaters, Whisk, Powerful 250 Watt Motor, Bowl Rest, Black (62692)</p><p> -8% 0FF </p><p>$22.99</p><a href="https://www.amazon.com/dp/B00O4XVV66?tag=eloabder-20&linkCode=osi&th=1&psc=1">View Product</a></div><div class="product"><a href="https://www.amazon.com/dp/B09JV6224Q?tag=eloabder-20&linkCode=osi&th=1&psc=1"><img src="https://m.media-amazon.com/images/I/41vUDKzR2aL._SL500_.jpg" alt="Product Image"></a><p>KitchenAid 6 Speed Hand Mixer with Flex Edge Beaters - KHM6118</p><p> -25% 0FF </p><p>$59.95</p><a href="https://www.amazon.com/dp/B09JV6224Q?tag=eloabder-20&linkCode=osi&th=1&psc=1">View Product</a></div><div class="product"><a href="https://www.amazon.com/dp/B0B397TM76?tag=eloabder-20&linkCode=osi&th=1&psc=1"><img src="https://m.media-amazon.com/images/I/41IGzC-belL._SL500_.jpg" alt="Product Image"></a><p>Yomelo 9-Speed Digital Hand Mixer Electric, 400W Powerful DC Motor, Baking Mixer Handheld with Snap-On Storage Case, Touch Button, Turbo Boost, Dough Hooks, Whisk (Ice Blue)</p><p> -20% 0FF </p><p>$39.97</p><a href="https://www.amazon.com/dp/B0B397TM76?tag=eloabder-20&linkCode=osi&th=1&psc=1">View Product</a></div>
<div class="product"><a href="https://www.amazon.com/dp/B07FNW57J7?tag=eloabder-20&linkCode=osi&th=1&psc=1"><img src="https://m.media-amazon.com/images/I/51FDxusQ0iL._SL500_.jpg" alt="Product Image"></a><p>Chefman Electric Kettle with Temperature Control, 5 Presets LED Indicator Lights, Removable Tea Infuser, Glass Tea Kettle & Hot Water Boiler, 360° Swivel Base, BPA Free, Stainless Steel, 1.8 Liters</p><p> -14% 0FF </p><p>$29.99</p><a href="https://www.amazon.com/dp/B07FNW57J7?tag=eloabder-20&linkCode=osi&th=1&psc=1">View Product</a></div><div class="product"><a href="https://www.amazon.com/dp/B0BNMRYJ1Q?tag=eloabder-20&linkCode=osi&th=1&psc=1"><img src="https://m.media-amazon.com/images/I/31K-SXluWdL._SL500_.jpg" alt="Product Image"></a><p>MEISON Electric Kettle, 1.7 L Double Wall Food Grade Stainless Steel Interior Water Boiler, Coffee Pot & Tea Kettle, Auto Shut-Off and Boil-Dry Protection, 1200W, 2 Year Warranty(Black)</p><p> -56% 0FF </p><p>$21.99</p><a href="https://www.amazon.com/dp/B0BNMRYJ1Q?tag=eloabder-20&linkCode=osi&th=1&psc=1">View Product</a></div>
<div class="product"><a href="https://www.amazon.com/dp/B07665GLFH?tag=eloabder-20&linkCode=osi&th=1&psc=1"><img src="https://m.media-amazon.com/images/I/41183-xnqRL._SL500_.jpg" alt="Product Image"></a><p>OVENTE Electric Deep Fryer 2 Liter Capacity, 1500 Watt Lid with Viewing Window and Odor Filter, Adjustable Temperature, Removable Frying Basket and Easy to Clean Stainless Steel Body, Silver FDM2201BR</p><p> -36% 0FF </p><p>$29.99</p><a href="https://www.amazon.com/dp/B07665GLFH?tag=eloabder-20&linkCode=osi&th=1&psc=1">View Product</a></div><div class="product"><a href="https://www.amazon.com/dp/B00NQ7QFGM?tag=eloabder-20&linkCode=osi&th=1&psc=1"><img src="https://m.media-amazon.com/images/I/411tBrsFTDL._SL500_.jpg" alt="Product Image"></a><p>T-fal 3.5L Stainless Steel Deep Fryer with Basket, 1700W, Oil Filtration, Temp Control, Digital Timer, Dishwasher Safe Parts</p><p> -9% 0FF </p><p>$117.99</p><a href="https://www.amazon.com/dp/B00NQ7QFGM?tag=eloabder-20&linkCode=osi&th=1&psc=1">View Product</a></div><div class="product"><a href="https://www.amazon.com/dp/B00N9TPNNI?tag=eloabder-20&linkCode=osi&th=1&psc=1"><img src="https://m.media-amazon.com/images/I/41dpJ-+eDML._SL500_.jpg" alt="Product Image"></a><p>Elite Gourmet EDF-401T Electric 4.5 Qt. / 17 Cup Immersion Deep Fryer 3-Baskets, 1700-Watt, Timer Control Adjustable Temperature, Lid with Viewing Window and Odor Free Filter</p><p> -11% 0FF </p><p>$53.44</p><a href="https://www.amazon.com/dp/B00N9TPNNI?tag=eloabder-20&linkCode=osi&th=1&psc=1">View Product</a></div><div class="product"><a href="https://www.amazon.com/dp/B07KJGR9JZ?tag=eloabder-20&linkCode=osi&th=1&psc=1"><img src="https://m.media-amazon.com/images/I/51Wl+RTXTML._SL500_.jpg" alt="Product Image"></a><p>Chefman 4.5 Liter Deep Fryer w/Basket Strainer, XL Jumbo Size, Adjustable Temperature & Timer, Perfect for Fried Chicken, Shrimp, French Fries, Chips & More, Removable Oil-Container, Stainless Steel</p><p> -14% 0FF </p><p>$59.99</p><a href="https://www.amazon.com/dp/B07KJGR9JZ?tag=eloabder-20&linkCode=osi&th=1&psc=1">View Product</a></div><div class="product"><a href="https://www.amazon.com/dp/B07TRNP5V7?tag=eloabder-20&linkCode=osi&th=1&psc=1"><img src="https://m.media-amazon.com/images/I/416X3E03X9L._SL500_.jpg" alt="Product Image"></a><p>National Presto 10-Quart Kitchen Kettle XL Multi-Cooker, Steamer, Black Deep-Fryer</p><p> -38% 0FF </p><p>$58.78</p><a href="https://www.amazon.com/dp/B07TRNP5V7?tag=eloabder-20&linkCode=osi&th=1&psc=1">View Product</a></div><div class="product"><a href="https://www.amazon.com/dp/B0B6D9739D?tag=eloabder-20&linkCode=osi&th=1&psc=1"><img src="https://m.media-amazon.com/images/I/41Dm+ZShvHL._SL500_.jpg" alt="Product Image"></a><p>Elite Gourmet EDF2100 Electric Immersion Deep Fryer Removable Basket Adjustable Temperature, Lid with Viewing Window and Odor Free Filter, 2 Quart / 8.2 cup</p><p> -8% 0FF </p><p>$34.99</p><a href="https://www.amazon.com/dp/B0B6D9739D?tag=eloabder-20&linkCode=osi&th=1&psc=1">View Product</a></div>
<div class="product"><a href="https://www.amazon.com/dp/B0CYBM2DFK?tag=eloabder-20&linkCode=osi&th=1&psc=1"><img src="https://m.media-amazon.com/images/I/51v84ZcytjL._SL500_.jpg" alt="Product Image"></a><p>Pukomc Electric Indoor Grill,2 in 1 Indoor Grills for Kitchen with Grill Net & Non-Stick Cooking Removable Plate, Temperature Control, Dishwasher Safe, 1500W Smokeless Grill</p><p> -11% 0FF </p><p>$49.99</p><a href="https://www.amazon.com/dp/B0CYBM2DFK?tag=eloabder-20&linkCode=osi&th=1&psc=1">View Product</a></div><div class="product"><a href="https://www.amazon.com/dp/B0778XLPB7?tag=eloabder-20&linkCode=osi&th=1&psc=1"><img src="https://m.media-amazon.com/images/I/41J7WwuJlYL._SL500_.jpg" alt="Product Image"></a><p>Cuisinart GR-5BP1 Electric Griddler FIVE, Enjoy 5-in-1 Functions, LCD Display, Wide Temperature Range and Sear Function, Stainless Steel</p><p> -17% 0FF </p><p>$99.95</p><a href="https://www.amazon.com/dp/B0778XLPB7?tag=eloabder-20&linkCode=osi&th=1&psc=1">View Product</a></div>
<div class="product"><a href="https://www.amazon.com/dp/B07MVN676J?tag=eloabder-20&linkCode=osi&th=1&psc=1"><img src="https://m.media-amazon.com/images/I/414mvfQwPdL._SL500_.jpg" alt="Product Image"></a><p>OVENTE Electric Sandwich Maker with Non-Stick Plates, Indicator Lights, Cool Touch Handle, Easy to Clean and Store, Perfect for Cooking Breakfast, Grilled Cheese, Tuna Melts and Snacks, Black GPS401B</p><p> -36% 0FF </p><p>$15.99</p><a href="https://www.amazon.com/dp/B07MVN676J?tag=eloabder-20&linkCode=osi&th=1&psc=1">View Product</a></div><div class="product"><a href="https://www.amazon.com/dp/B07B4ZFRC5?tag=eloabder-20&linkCode=osi&th=1&psc=1"><img src="https://m.media-amazon.com/images/I/41Mwee5EhWL._SL500_.jpg" alt="Product Image"></a><p>Hamilton Beach Electric Sealed Sandwich Maker Grill with PFAS-Free Nonstick Plates, Makes Stuffed French Toast, Omelets, Compact & Easy to Store, Black (25430G)</p><p> -7% 0FF </p><p>$20.49</p><a href="https://www.amazon.com/dp/B07B4ZFRC5?tag=eloabder-20&linkCode=osi&th=1&psc=1">View Product</a></div><div class="product"><a href="https://www.amazon.com/dp/B08B28SGFH?tag=eloabder-20&linkCode=osi&th=1&psc=1"><img src="https://m.media-amazon.com/images/I/31rHEytHAqL._SL500_.jpg" alt="Product Image"></a><p>Nostalgia MyMini Personal Sandwich Maker, Nonstick Panini Press, Pizza Pockets, Quesadillas, Mint Green</p><p> -17% 0FF </p><p>$14.99</p><a href="https://www.amazon.com/dp/B08B28SGFH?tag=eloabder-20&linkCode=osi&th=1&psc=1">View Product</a></div><div class="product"><a href="https://www.amazon.com/dp/B002YD99Y4?tag=eloabder-20&linkCode=osi&th=1&psc=1"><img src="https://m.media-amazon.com/images/I/41FEfCzAJ9L._SL500_.jpg" alt="Product Image"></a><p>Cuisinart Panini Press, Stainless Steel Griddler, Sandwich Maker & More, 5-IN-1, GR-4NP1</p><p> -20% 0FF </p><p>$79.95</p><a href="https://www.amazon.com/dp/B002YD99Y4?tag=eloabder-20&linkCode=osi&th=1&psc=1">View Product</a></div>
<div class="product"><a href="https://www.amazon.com/dp/B003HL1JZO?tag=eloabder-20&linkCode=osi&th=1&psc=1"><img src="https://m.media-amazon.com/images/I/41NQPUjC3hL._SL500_.jpg" alt="Product Image"></a><p>Hamilton Beach Belgian Mini Waffle Maker with Shade Control, Makes 2 at Once, Create Personalized Keto Chaffles and Hash Browns, Non-Stick Plates, Compact Design, Stainless Steel</p><p> -25% 0FF </p><p>$23.99</p><a href="https://www.amazon.com/dp/B003HL1JZO?tag=eloabder-20&linkCode=osi&th=1&psc=1">View Product</a></div><div class="product"><a href="https://www.amazon.com/dp/B01FYIAQA6?tag=eloabder-20&linkCode=osi&th=1&psc=1"><img src="https://m.media-amazon.com/images/I/51LjHkbLVyL._SL500_.jpg" alt="Product Image"></a><p>KRUPS: Waffle Maker, Stainless Steel, 4 Slices, 1200 Watts Square, 5 Browning Levels, Removable Plates, Dishwasher Safe, Belgian Waffle Silver and Black</p><p> -18% 0FF </p><p>$65.70</p><a href="https://www.amazon.com/dp/B01FYIAQA6?tag=eloabder-20&linkCode=osi&th=1&psc=1">View Product</a></div><div class="product"><a href="https://www.amazon.com/dp/B08ML7J5SG?tag=eloabder-20&linkCode=osi&th=1&psc=1"><img src="https://m.media-amazon.com/images/I/41c0iTegfQL._SL500_.jpg" alt="Product Image"></a><p>DASH No-Drip Waffle Maker - Four Waffle Molds, Nonstick Waffle Iron with Quick Heat-Up, Nonstick Surface - Perfect Waffle Maker for Kids and Families, Just Add Batter</p><p> -13% 0FF </p><p>$34.99</p><a href="https://www.amazon.com/dp/B08ML7J5SG?tag=eloabder-20&linkCode=osi&th=1&psc=1">View Product</a></div>
<div class="product"><a href="https://www.amazon.com/dp/B010TR1SMW?tag=eloabder-20&linkCode=osi&th=1&psc=1"><img src="https://m.media-amazon.com/images/I/51+Sr3R6eUL._SL500_.jpg" alt="Product Image"></a><p>Original Whirley Pop Popcorn Maker- Silver 6 Qt Aluminum Popcorn Maker with Metal Gear, Wabash Family Farms, With Included Good Time Guide</p><p> -44% 0FF </p><p>$19.99</p><a href="https://www.amazon.com/dp/B010TR1SMW?tag=eloabder-20&linkCode=osi&th=1&psc=1">View Product</a></div><div class="product"><a href="https://www.amazon.com/dp/B00KL8SM92?tag=eloabder-20&linkCode=osi&th=1&psc=1"><img src="https://m.media-amazon.com/images/I/41TLvq95xTL._SL500_.jpg" alt="Product Image"></a><p>West Bend Stir Crazy Popcorn Machine Electric Hot Oil Popper Includes Large Lid for Serving Bowl and Convenient Nesting Storage, 6-Quart, Red</p><p> -28% 0FF </p><p>$33.65</p><a href="https://www.amazon.com/dp/B00KL8SM92?tag=eloabder-20&linkCode=osi&th=1&psc=1">View Product</a></div><div class="product"><a href="https://www.amazon.com/dp/B01HRGJE88?tag=eloabder-20&linkCode=osi&th=1&psc=1"><img src="https://m.media-amazon.com/images/I/41hNl5eCgyS._SL500_.jpg" alt="Product Image"></a><p>West Bend Stir Crazy Movie Theater Popcorn Popper with Nonstick Popcorn Kettle, Measuring Tool and Popcorn Scoop for Gourmet Popcorn Machine , 4 Qt., Red</p><p> -25% 0FF </p><p>$60.24</p><a href="https://www.amazon.com/dp/B01HRGJE88?tag=eloabder-20&linkCode=osi&th=1&psc=1">View Product</a></div><div class="product"><a href="https://www.amazon.com/dp/B0C43XTHC6?tag=eloabder-20&linkCode=osi&th=1&psc=1"><img src="https://m.media-amazon.com/images/I/418qLhEayLL._SL500_.jpg" alt="Product Image"></a><p>Presto 04811 PopLite My Munch Hot Air Popcorn Popper - Personal Sized, Built-In Serving Bowl, Compact Design, 8 Cups, Blue</p><p> -13% 0FF </p><p>$34.99</p><a href="https://www.amazon.com/dp/B0C43XTHC6?tag=eloabder-20&linkCode=osi&th=1&psc=1">View Product</a></div>
<div class="product"><a href="https://www.amazon.com/dp/B08QXB9BH5?tag=eloabder-20&linkCode=osi&th=1&psc=1"><img src="https://m.media-amazon.com/images/I/3114JA1oLJL._SL500_.jpg" alt="Product Image"></a><p>Ninja NC301 CREAMi Ice Cream Maker, for Gelato, Mix-ins, Milkshakes, Sorbet, Smoothie Bowls & More, 7 One-Touch Programs, with (2) Pint Containers & Lids, Compact Size, Perfect for Kids, Silver</p><p> -22% 0FF </p><p>$179.99</p><a href="https://www.amazon.com/dp/B08QXB9BH5?tag=eloabder-20&linkCode=osi&th=1&psc=1">View Product</a></div><div class="product"><a href="https://www.amazon.com/dp/B0B9CZ6XBQ?tag=eloabder-20&linkCode=osi&th=1&psc=1"><img src="https://m.media-amazon.com/images/I/41FrbCLAa8L._SL500_.jpg" alt="Product Image"></a><p>Ninja CREAMi Deluxe 11-in-1 Ice Cream & Frozen Treat Maker for Ice Cream, Sorbet, Milkshakes, Frozen Yogurt, & More, 11 Programs, XL Capacity, Silver, Includes (2) Family-Sized 24 oz. Tubs</p><p> -12% 0FF </p><p>$219.95</p><a href="https://www.amazon.com/dp/B0B9CZ6XBQ?tag=eloabder-20&linkCode=osi&th=1&psc=1">View Product</a></div>
<div class="product"><a href="https://www.amazon.com/dp/B07C8V4FDR?tag=eloabder-20&linkCode=osi&th=1&psc=1"><img src="https://m.media-amazon.com/images/I/41-2gch534L._SL500_.jpg" alt="Product Image"></a><p>Cuisinart Bread Maker Machine, Compact and Automatic, Customizable Settings, Up to 2lb Loaves, CBK-110P1, Silver,Black</p><p> -23% 0FF </p><p>$99.95</p><a href="https://www.amazon.com/dp/B07C8V4FDR?tag=eloabder-20&linkCode=osi&th=1&psc=1">View Product</a></div><div class="product"><a href="https://www.amazon.com/dp/B09RYYGJXR?tag=eloabder-20&linkCode=osi&th=1&psc=1"><img src="https://m.media-amazon.com/images/I/31Nti+QxbGL._SL500_.jpg" alt="Product Image"></a><p>Elite Gourmet EBM8103M Programmable Bread Maker Machine 3 Loaf Sizes, 19 Menu Functions Gluten Free White Wheat Rye French and more, 2 Lbs, Mint</p><p> -13% 0FF </p><p>$64.97</p><a href="https://www.amazon.com/dp/B09RYYGJXR?tag=eloabder-20&linkCode=osi&th=1&psc=1">View Product</a></div><div class="product"><a href="https://www.amazon.com/dp/B07BYXHYLY?tag=eloabder-20&linkCode=osi&th=1&psc=1"><img src="https://m.media-amazon.com/images/I/51oB-JofaaL._SL500_.jpg" alt="Product Image"></a><p>KBS Pro Stainless Steel Bread Machine, 2LB 17-in-1 Programmable XL Bread Maker with Fruit Nut Dispenser, Nonstick Ceramic Pan& Digital Touch Panel, 3 Loaf Sizes 3 Crust Colors, Reserve& Keep Warm Set</p><p> -21% 0FF </p><p>$149.96</p><a href="https://www.amazon.com/dp/B07BYXHYLY?tag=eloabder-20&linkCode=osi&th=1&psc=1">View Product</a></div><div class="product"><a href="https://www.amazon.com/dp/B087FB8SCK?tag=eloabder-20&linkCode=osi&th=1&psc=1"><img src="https://m.media-amazon.com/images/I/41HIsBOmQJL._SL500_.jpg" alt="Product Image"></a><p>KITCHENARM 29-in-1 SMART Bread Machine with Gluten Free Setting 2LB 1.5LB 1LB Bread Maker Machine with Homemade Cycle - Stainless Steel Breadmaker with Recipes Whole Wheat Bread Making Machine</p><p> -11% 0FF </p><p>$114.97</p><a href="https://www.amazon.com/dp/B087FB8SCK?tag=eloabder-20&linkCode=osi&th=1&psc=1">View Product</a></div><div class="product"><a href="https://www.amazon.com/dp/B07ZQ711SW?tag=eloabder-20&linkCode=osi&th=1&psc=1"><img src="https://m.media-amazon.com/images/I/41XD-2f77RL._SL500_.jpg" alt="Product Image"></a><p>KBS 17-in-1 Bread Maker-Dual Heaters, 710W Machine Stainless Steel with Gluten-Free, Dough Maker,Jam,Yogurt PROG, Auto Nut Dispenser,Ceramic Pan& Touch Panel, 3 Loaf Sizes 3 Crust Colors,Recipes</p><p> -20% 0FF </p><p>$159.99</p><a href="https://www.amazon.com/dp/B07ZQ711SW?tag=eloabder-20&linkCode=osi&th=1&psc=1">View Product</a></div><div class="product"><a href="https://www.amazon.com/dp/B08SKFPMBG?tag=eloabder-20&linkCode=osi&th=1&psc=1"><img src="https://m.media-amazon.com/images/I/41GbafaeBYL._SL500_.jpg" alt="Product Image"></a><p>Briskind 19-in-1 Compact Bread Maker Machine, 1.5 lb / 1 lb Loaf Small Breadmaker with Carrying Handle, Including Gluten Free, Dough, Jam, Yogurt Menus, Bake Evenly, Automatic Keep Warm, 3 Crust Color</p><p> -25% 0FF </p><p>$89.75</p><a href="https://www.amazon.com/dp/B08SKFPMBG?tag=eloabder-20&linkCode=osi&th=1&psc=1">View Product</a></div><div class="product"><a href="https://www.amazon.com/dp/B07D82LJ4Q?tag=eloabder-20&linkCode=osi&th=1&psc=1"><img src="https://m.media-amazon.com/images/I/41i3kbapguL._SL500_.jpg" alt="Product Image"></a><p>West Bend 47413 Hi-Rise Programmable Bread Maker Machine with Horizontal Dual Blade and 12 Programs, Including Gluten Free Mode, 3 Lb, Gray</p><p> -30% 0FF </p><p>$87.68</p><a href="https://www.amazon.com/dp/B07D82LJ4Q?tag=eloabder-20&linkCode=osi&th=1&psc=1">View Product</a></div>
<div class="product"><a href="https://www.amazon.com/dp/B0BR8HZL9V?tag=eloabder-20&linkCode=osi&th=1&psc=1"><img src="https://m.media-amazon.com/images/I/315cLuabx0L._SL500_.jpg" alt="Product Image"></a><p>Ninja JC151 NeverClog Cold Press Juicer, Powerful Slow Juicer with Total Pulp Control, Countertop, Electric, 2 Pulp Functions, Dishwasher Safe, 2nd Generation, Charcoal</p><p> -23% 0FF </p><p>$99.99</p><a href="https://www.amazon.com/dp/B0BR8HZL9V?tag=eloabder-20&linkCode=osi&th=1&psc=1">View Product</a></div><div class="product"><a href="https://www.amazon.com/dp/B0DJ7QML7K?tag=eloabder-20&linkCode=osi&th=1&psc=1"><img src="https://m.media-amazon.com/images/I/410TN+TUghL._SL500_.jpg" alt="Product Image"></a><p>Cold Press Juicer, 400w Slow Juicer Machines with 5.4" Wide Feed Chute, Masticating Juicer with High Juice Yield for Whole Vegetables & Fruits</p><p> -77% 0FF </p><p>$139.98</p><a href="https://www.amazon.com/dp/B0DJ7QML7K?tag=eloabder-20&linkCode=osi&th=1&psc=1">View Product</a></div><div class="product"><a href="https://www.amazon.com/dp/B0DBH5LC1M?tag=eloabder-20&linkCode=osi&th=1&psc=1"><img src="https://m.media-amazon.com/images/I/41p0ebtD3PL._SL500_.jpg" alt="Product Image"></a><p>Masticating Juicer, 350W Slow Cold Press Juicer with 5.8" Extra-Large Feeding Chute, Juicer Machines for Whole Fruits and Vegetables, Easy to Clean with Brush</p><p> -77% 0FF </p><p>$149.99</p><a href="https://www.amazon.com/dp/B0DBH5LC1M?tag=eloabder-20&linkCode=osi&th=1&psc=1">View Product</a></div><div class="product"><a href="https://www.amazon.com/dp/B0C99W1Z9Q?tag=eloabder-20&linkCode=osi&th=1&psc=1"><img src="https://m.media-amazon.com/images/I/41ds5gec49L._SL500_.jpg" alt="Product Image"></a><p>Magic Bullet Mini Juicer with Cup Black</p><p> -17% 0FF </p><p>$49.99</p><a href="https://www.amazon.com/dp/B0C99W1Z9Q?tag=eloabder-20&linkCode=osi&th=1&psc=1">View Product</a></div><div class="product"><a href="https://www.amazon.com/dp/B0CBS6HVSY?tag=eloabder-20&linkCode=osi&th=1&psc=1"><img src="https://m.media-amazon.com/images/I/41lmBoVvM1L._SL500_.jpg" alt="Product Image"></a><p>Cold Press Juicer, Amumu Slow Masticating Machines with 5.4" Extra Large Feed Chute Fit Whole Fruits & Vegetables Easy Clean Self Feeding Effortless for Batch Juicing, High Juice Yield, BPA Free 250W</p><p> -84% 0FF </p><p>$139.99</p><a href="https://www.amazon.com/dp/B0CBS6HVSY?tag=eloabder-20&linkCode=osi&th=1&psc=1">View Product</a></div><div class="product"><a href="https://www.amazon.com/dp/B0B4F9NSN5?tag=eloabder-20&linkCode=osi&th=1&psc=1"><img src="https://m.media-amazon.com/images/I/41HdCERLiNL._SL500_.jpg" alt="Product Image"></a><p>Elite Gourmet Masticating Juicer Machines, 12-inch Juicer, Masticating Cold Press Juicer Machines, Juicer for Vegetables and Fruits, Easy to Clean Juicer, Charcoal Grey</p><p> -31% 0FF </p><p>$34.49</p><a href="https://www.amazon.com/dp/B0B4F9NSN5?tag=eloabder-20&linkCode=osi&th=1&psc=1">View Product</a></div><div class="product"><a href="https://www.amazon.com/dp/B0DCG5Y8QN?tag=eloabder-20&linkCode=osi&th=1&psc=1"><img src="https://m.media-amazon.com/images/I/41+givs3UpL._SL500_.jpg" alt="Product Image"></a><p>AMZCHEF Cold Press Juicer, Juicer Machines - 5.2" Large Feed Chute for Whole Fruits & Vegetables, Stainless Steel Slow Masticating Juicer Easy to Clean, Large Auger, Double Strainers, Silver</p><p> -30% 0FF </p><p>$139.99</p><a href="https://www.amazon.com/dp/B0DCG5Y8QN?tag=eloabder-20&linkCode=osi&th=1&psc=1">View Product</a></div><div class="product"><a href="https://www.amazon.com/dp/B0DKHPRPC3?tag=eloabder-20&linkCode=osi&th=1&psc=1"><img src="https://m.media-amazon.com/images/I/41lpEOGVh0L._SL500_.jpg" alt="Product Image"></a><p>Cold Press Juicer, Masticating Juicer with 5.4" Wide Feed Chute, 350w Slow Juicer Machines Fit Whole Vegetables and Fruits,Juice Extractor Machine with High Juice Yield, Easy to Clean(Black)</p><p> -30% 0FF </p><p>$139.99</p><a href="https://www.amazon.com/dp/B0DKHPRPC3?tag=eloabder-20&linkCode=osi&th=1&psc=1">View Product</a></div>
<div class="product"><a href="https://www.amazon.com/dp/B006SODTTQ?tag=eloabder-20&linkCode=osi&th=1&psc=1"><img src="https://m.media-amazon.com/images/I/31namjfhGVL._SL500_.jpg" alt="Product Image"></a><p>nutribullet Baby BSR-0801N Turbo Food Steamer</p><p> -19% 0FF </p><p>$32.54</p><a href="https://www.amazon.com/dp/B006SODTTQ?tag=eloabder-20&linkCode=osi&th=1&psc=1">View Product</a></div><div class="product"><a href="https://www.amazon.com/dp/B0831SCHG8?tag=eloabder-20&linkCode=osi&th=1&psc=1"><img src="https://m.media-amazon.com/images/I/413VC6sZL1L._SL500_.jpg" alt="Product Image"></a><p>OVENTE 2 Tier Electric Food Steamer for Cooking Vegetables, Stainless Steel Base, Stackable and Dishwasher Safe Baskets, 400W with Auto Shutoff and 60-Minute Timer, 5 Quart Capacity, Silver FS62S</p><p> -24% 0FF </p><p>$24.99</p><a href="https://www.amazon.com/dp/B0831SCHG8?tag=eloabder-20&linkCode=osi&th=1&psc=1">View Product</a></div><div class="product"><a href="https://www.amazon.com/dp/B07H789X8M?tag=eloabder-20&linkCode=osi&th=1&psc=1"><img src="https://m.media-amazon.com/images/I/41HqkL3gJcL._SL500_.jpg" alt="Product Image"></a><p>Secura 2 Stainless Steel Food Steamer 8.5 Qt Electric Glass Lid Vegetable Steamer Double Tiered Stackable Baskets with Timer</p><p> -20% 0FF </p><p>$109.99</p><a href="https://www.amazon.com/dp/B07H789X8M?tag=eloabder-20&linkCode=osi&th=1&psc=1">View Product</a></div>
<div class="product"><a href="https://www.amazon.com/dp/B07L85NN3T?tag=eloabder-20&linkCode=osi&th=1&psc=1"><img src="https://m.media-amazon.com/images/I/31iMBZdBNVL._SL500_.jpg" alt="Product Image"></a><p>IMUSA USA GAU-18202 4 Cup Espresso/Cappuccino Maker,120 volts, Black</p><p> -25% 0FF </p><p>$29.99</p><a href="https://www.amazon.com/dp/B07L85NN3T?tag=eloabder-20&linkCode=osi&th=1&psc=1">View Product</a></div><div class="product"><a href="https://www.amazon.com/dp/B0D5QY4PY9?tag=eloabder-20&linkCode=osi&th=1&psc=1"><img src="https://m.media-amazon.com/images/I/41nFnfr1ZEL._SL500_.jpg" alt="Product Image"></a><p>CHULUX Kom-Pro Espresso Machine 20 Bar, Semi Automatic Stainless Steel Coffee Machine for Home Latte Cappuccino Espresso Maker, Powerful Milk Frother Steam Wand</p><p> -21% 0FF </p><p>$98.99</p><a href="https://www.amazon.com/dp/B0D5QY4PY9?tag=eloabder-20&linkCode=osi&th=1&psc=1">View Product</a></div><div class="product"><a href="https://www.amazon.com/dp/B0C3F2S53N?tag=eloabder-20&linkCode=osi&th=1&psc=1"><img src="https://m.media-amazon.com/images/I/415fcoCOhfL._SL500_.jpg" alt="Product Image"></a><p>Nespresso Vertuo Pop+ Deluxe Coffee and Espresso Machine by De'Longhi, 120 Volts, Silver</p><p> -27% 0FF </p><p>$109.00</p><a href="https://www.amazon.com/dp/B0C3F2S53N?tag=eloabder-20&linkCode=osi&th=1&psc=1">View Product</a></div><div class="product"><a href="https://www.amazon.com/dp/B0CPJ2XTXF?tag=eloabder-20&linkCode=osi&th=1&psc=1"><img src="https://m.media-amazon.com/images/I/41jHRzdDKAL._SL500_.jpg" alt="Product Image"></a><p>CHULUX Kompatto Espresso Machine 20 Bar with Milk Frother, Stainless Steel Automatic Espresso Coffee Machine for Home Latte & Cappuccino Maker, 40oz Removable Water Tank, 1350W</p><p> -25% 0FF </p><p>$89.99</p><a href="https://www.amazon.com/dp/B0CPJ2XTXF?tag=eloabder-20&linkCode=osi&th=1&psc=1">View Product</a></div><div class="product"><a href="https://www.amazon.com/dp/B0CZ6HQKZD?tag=eloabder-20&linkCode=osi&th=1&psc=1"><img src="https://m.media-amazon.com/images/I/51RRtyCyZlL._SL500_.jpg" alt="Product Image"></a><p>Ihomekee Espresso machine, CM6822 15 Bar Coffee Maker for Cappuccino and Latte Maker With Milk Frother, Removable Water Tank, Fast Heating Coffee Machine for Home, Office</p><p> -11% 0FF </p><p>$79.99</p><a href="https://www.amazon.com/dp/B0CZ6HQKZD?tag=eloabder-20&linkCode=osi&th=1&psc=1">View Product</a></div>
<div class="product"><a href="https://www.amazon.com/dp/B00C8C5I8M?tag=eloabder-20&linkCode=osi&th=1&psc=1"><img src="https://m.media-amazon.com/images/I/21w0+TOUozL._SL500_.jpg" alt="Product Image"></a><p>Elite Gourmet EDB-302BF Countertop Double Cast Iron Burner, 1500 Watts Electric Hot Plate, Temperature Controls, Power Indicator Lights, Easy to Clean, Black</p><p> -24% 0FF </p><p>$27.99</p><a href="https://www.amazon.com/dp/B00C8C5I8M?tag=eloabder-20&linkCode=osi&th=1&psc=1">View Product</a></div><div class="product"><a href="https://www.amazon.com/dp/B08V43S4MJ?tag=eloabder-20&linkCode=osi&th=1&psc=1"><img src="https://m.media-amazon.com/images/I/31fI1bV+ApL._SL500_.jpg" alt="Product Image"></a><p>OVENTE Countertop Infrared Single Burner, 1000W Electric Hot Plate with 7” Ceramic Glass Cooktop, 5 Level Temperature Setting & Easy to Clean Base, Compact Stove for Home Dorm Office, Black BGI101B</p><p> -29% 0FF </p><p>$24.99</p><a href="https://www.amazon.com/dp/B08V43S4MJ?tag=eloabder-20&linkCode=osi&th=1&psc=1">View Product</a></div><div class="product"><a href="https://www.amazon.com/dp/B07D71TD67?tag=eloabder-20&linkCode=osi&th=1&psc=1"><img src="https://m.media-amazon.com/images/I/317DTFZe0AL._SL500_.jpg" alt="Product Image"></a><p>CUSIMAX Electric Hot Plate for Cooking Portable Single Burner 1500W Cast Iron hot plates Heat-up in Seconds Adjustable Temperature Control Stainless Steel Non-Slip Rubber Feet Upgraded Version B101</p><p> -30% 0FF </p><p>$41.96</p><a href="https://www.amazon.com/dp/B07D71TD67?tag=eloabder-20&linkCode=osi&th=1&psc=1">View Product</a></div><div class="product"><a href="https://www.amazon.com/dp/B08QMP7VD3?tag=eloabder-20&linkCode=osi&th=1&psc=1"><img src="https://m.media-amazon.com/images/I/41OrKZIVmpL._SL500_.jpg" alt="Product Image"></a><p>Mueller RapidTherm Portable Induction Cooktop, Hot Plate Electric Stove Top Burner 1800W, 8 Temp Levels up to 460°F, Auto-Off & Pot Detection, LED Display, Child Lock, 4 Programs, Burners for Cooking</p><p> -10% 0FF </p><p>$53.97</p><a href="https://www.amazon.com/dp/B08QMP7VD3?tag=eloabder-20&linkCode=osi&th=1&psc=1">View Product</a></div><div class="product"><a href="https://www.amazon.com/dp/B0007QCRNU?tag=eloabder-20&linkCode=osi&th=1&psc=1"><img src="https://m.media-amazon.com/images/I/31-Ehn2oohL._SL500_.jpg" alt="Product Image"></a><p>Aroma Housewares AHP-303 Single Burner Hot Plate, Metal, Black</p><p> -9% 0FF </p><p>$18.21</p><a href="https://www.amazon.com/dp/B0007QCRNU?tag=eloabder-20&linkCode=osi&th=1&psc=1">View Product</a></div><div class="product"><a href="https://www.amazon.com/dp/B08WR5VF24?tag=eloabder-20&linkCode=osi&th=1&psc=1"><img src="https://m.media-amazon.com/images/I/41z751CI4eL._SL500_.jpg" alt="Product Image"></a><p>OVENTE Electric Countertop Single Burner, 1000W Cooktop with 7.25 Inch Cast Iron Hot Plate, 5 Level Temperature Control, Compact Cooking Stove and Easy to Clean Stainless Steel Base, Silver BGS101S</p><p> -7% 0FF </p><p>$24.99</p><a href="https://www.amazon.com/dp/B08WR5VF24?tag=eloabder-20&linkCode=osi&th=1&psc=1">View Product</a></div>
<div class="product"><a href="https://www.amazon.com/dp/B01GD1JSZM?tag=eloabder-20&linkCode=osi&th=1&psc=1"><img src="https://m.media-amazon.com/images/I/31SlYF1eXnL._SL500_.jpg" alt="Product Image"></a><p>Presto 16-Inch Electric Skillet, Grey Ceramic</p><p> -26% 0FF </p><p>$48.90</p><a href="https://www.amazon.com/dp/B01GD1JSZM?tag=eloabder-20&linkCode=osi&th=1&psc=1">View Product</a></div><div class="product"><a href="https://www.amazon.com/dp/B00FJ3NSCK?tag=eloabder-20&linkCode=osi&th=1&psc=1"><img src="https://m.media-amazon.com/images/I/31+AWuZl9ML._SL500_.jpg" alt="Product Image"></a><p>BELLA Electric Skillet and Frying Pan with Glass Lid, Nonstick Coating, Cool Touch Handles, Removable Heating Probe, Dishwasher Safe, 12 x 12 inch, Black</p><p> -23% 0FF </p><p>$26.99</p><a href="https://www.amazon.com/dp/B00FJ3NSCK?tag=eloabder-20&linkCode=osi&th=1&psc=1">View Product</a></div><div class="product"><a href="https://www.amazon.com/dp/B004PEIY9G?tag=eloabder-20&linkCode=osi&th=1&psc=1"><img src="https://m.media-amazon.com/images/I/31oFk81gjbL._SL500_.jpg" alt="Product Image"></a><p>BLACK+DECKER Electric Skillet, Variable Temperature Control, Nonstick Cooking Surface, Dishwasher Safe, Tempered Glass Lid, 12"x15"</p><p> -7% 0FF </p><p>$46.39</p><a href="https://www.amazon.com/dp/B004PEIY9G?tag=eloabder-20&linkCode=osi&th=1&psc=1">View Product</a></div>
<div class="product"><a href="https://www.amazon.com/dp/B07K1FCZLF?tag=eloabder-20&linkCode=osi&th=1&psc=1"><img src="https://m.media-amazon.com/images/I/41A489usqJL._SL500_.jpg" alt="Product Image"></a><p>OVENTE Electric Griddle with 16 x 10 Inch Flat Non-Stick Cooking Surface, Adjustable Thermostat, Essential Indoor Grill for Instant Breakfast Pancakes Burgers Eggs, Black GD1610B</p><p> -6% 0FF </p><p>$21.02</p><a href="https://www.amazon.com/dp/B07K1FCZLF?tag=eloabder-20&linkCode=osi&th=1&psc=1">View Product</a></div><div class="product"><a href="https://www.amazon.com/dp/B01G7DM7X6?tag=eloabder-20&linkCode=osi&th=1&psc=1"><img src="https://m.media-amazon.com/images/I/31MeKzHffDL._SL500_.jpg" alt="Product Image"></a><p>Presto 07062-22-Inch Ceramic Removable Handles Electric Griddle, 22 Inch, Black</p><p> -13% 0FF </p><p>$51.99</p><a href="https://www.amazon.com/dp/B01G7DM7X6?tag=eloabder-20&linkCode=osi&th=1&psc=1">View Product</a></div><div class="product"><a href="https://www.amazon.com/dp/B0765XJ31G?tag=eloabder-20&linkCode=osi&th=1&psc=1"><img src="https://m.media-amazon.com/images/I/31QCHjFop2L._SL500_.jpg" alt="Product Image"></a><p>BLACK+DECKER 8-Serving Electric Griddle, GD2051B, Non-Stick Cooking Surface, Warming Tray, Removable Drip Tray, Family Sized</p><p> -26% 0FF </p><p>$40.72 ($40.72 / Count)</p><a href="https://www.amazon.com/dp/B0765XJ31G?tag=eloabder-20&linkCode=osi&th=1&psc=1">View Product</a></div><div class="product"><a href="https://www.amazon.com/dp/B0BH9DK283?tag=eloabder-20&linkCode=osi&th=1&psc=1"><img src="https://m.media-amazon.com/images/I/41PvXG2lP0L._SL500_.jpg" alt="Product Image"></a><p>BELLA Electric Griddle & Flat Grill with Nonstick Large Cooking Surface and Removable Probe for Eggs, Tortillas, Pancake and more, 10.5" x 20", Black</p><p> -34% 0FF </p><p>$19.78</p><a href="https://www.amazon.com/dp/B0BH9DK283?tag=eloabder-20&linkCode=osi&th=1&psc=1">View Product</a></div><div class="product"><a href="https://www.amazon.com/dp/B0051XSIO6?tag=eloabder-20&linkCode=osi&th=1&psc=1"><img src="https://m.media-amazon.com/images/I/41xVHW6OqdL._SL500_.jpg" alt="Product Image"></a><p>Presto 07047 Cool Touch Electric Griddle</p><p> -18% 0FF </p><p>$36.73</p><a href="https://www.amazon.com/dp/B0051XSIO6?tag=eloabder-20&linkCode=osi&th=1&psc=1">View Product</a></div>
<div class="product"><a href="https://www.amazon.com/dp/B01FLR0ET8?tag=eloabder-20&linkCode=osi&th=1&psc=1"><img src="https://m.media-amazon.com/images/I/41Vqjrj43GL._SL500_.jpg" alt="Product Image"></a><p>Duxtop Portable Induction Cooktop Burner, Induction Hot Plate with LCD Sensor Touch 1800 Watts, Silver 9600LS/BT-200DZ</p><p> -28% 0FF </p><p>$109.29</p><a href="https://www.amazon.com/dp/B01FLR0ET8?tag=eloabder-20&linkCode=osi&th=1&psc=1">View Product</a></div><div class="product"><a href="https://www.amazon.com/dp/B0C7HL4GHP?tag=eloabder-20&linkCode=osi&th=1&psc=1"><img src="https://m.media-amazon.com/images/I/41-D+rnAOVL._SL500_.jpg" alt="Product Image"></a><p>Nuwave Precision Induction Cooktop Gold, 12” Shatter-Proof Ceramic Glass Surface, Large 8” Heating Coil, Portable, 51Temp Settings 100°F to 575°F, 3 Wattage Settings 600, 900, and 1500 Watts</p><p> -10% 0FF </p><p>$89.99</p><a href="https://www.amazon.com/dp/B0C7HL4GHP?tag=eloabder-20&linkCode=osi&th=1&psc=1">View Product</a></div><div class="product"><a href="https://www.amazon.com/dp/B0045QEPYM?tag=eloabder-20&linkCode=osi&th=1&psc=1"><img src="https://m.media-amazon.com/images/I/41cdyP4hsFL._SL500_.jpg" alt="Product Image"></a><p>Duxtop 1800W Portable Induction Cooktop Countertop Burner, Gold 8100MC/BT-180G3</p><p> -15% 0FF </p><p>$62.99</p><a href="https://www.amazon.com/dp/B0045QEPYM?tag=eloabder-20&linkCode=osi&th=1&psc=1">View Product</a></div><div class="product"><a href="https://www.amazon.com/dp/B0BSG6JTC1?tag=eloabder-20&linkCode=osi&th=1&psc=1"><img src="https://m.media-amazon.com/images/I/41DhHtBXtUL._SL500_.jpg" alt="Product Image"></a><p>Nuwave Double Induction Cooktop, Powerful 1800W, 2 Large 8” Heating Coils, Independent Controls, 94 Temp Settings from 100°F to 575°F in 5°F Increments, 2 x 11.5” Shatter-Proof Ceramic Glass Surface</p><p> -13% 0FF </p><p>$200.31</p><a href="https://www.amazon.com/dp/B0BSG6JTC1?tag=eloabder-20&linkCode=osi&th=1&psc=1">View Product</a></div><div class="product"><a href="https://www.amazon.com/dp/B0B4J6PXPN?tag=eloabder-20&linkCode=osi&th=1&psc=1"><img src="https://m.media-amazon.com/images/I/41kump2F4aL._SL500_.jpg" alt="Product Image"></a><p>ChangBERT Induction Cooktop, Commercial Grade Portable Cooker, Large 8” Heating Coil, 18/10 Stainless Steel Countertop Burner with NSF Certified, 10 Hours Timer, Powerful 1800W Professional Hot Plate</p><p> -23% 0FF </p><p>$119.99</p><a href="https://www.amazon.com/dp/B0B4J6PXPN?tag=eloabder-20&linkCode=osi&th=1&psc=1">View Product</a></div>
<div class="product"><a href="https://www.amazon.com/dp/B09Q88QQHL?tag=eloabder-20&linkCode=osi&th=1&psc=1"><img src="https://m.media-amazon.com/images/I/41cDQKq5xXL._SL500_.jpg" alt="Product Image"></a><p>Gevi One-Touch Button Electric Coffee Grinder Coffee Bean Grinder for Coffee Espresso Latte Mochas, Noiseless Operation Coffee Serving Sets</p><p> -22% 0FF </p><p>$12.99 ($12.99 / 1)</p><a href="https://www.amazon.com/dp/B09Q88QQHL?tag=eloabder-20&linkCode=osi&th=1&psc=1">View Product</a></div><div class="product"><a href="https://www.amazon.com/dp/B079PMWD1B?tag=eloabder-20&linkCode=osi&th=1&psc=1"><img src="https://m.media-amazon.com/images/I/41bLrL-p8jL._SL500_.jpg" alt="Product Image"></a><p>Secura Electric Coffee Grinder and Spice Grinder with 2 Stainless Steel Blades Removable Bowls</p><p> -27% 0FF </p><p>$39.99</p><a href="https://www.amazon.com/dp/B079PMWD1B?tag=eloabder-20&linkCode=osi&th=1&psc=1">View Product</a></div><div class="product"><a href="https://www.amazon.com/dp/B07LG33LV3?tag=eloabder-20&linkCode=osi&th=1&psc=1"><img src="https://m.media-amazon.com/images/I/415qB6lyWgL._SL500_.jpg" alt="Product Image"></a><p>SHARDOR Coffee Grinder Electric, Spice Grinder Electric, Herb Grinder, Grinder for Coffee Bean Spices and Seeds with 2 Removable Stainless Steel Bowls, Black</p><p> -15% 0FF </p><p>$39.99</p><a href="https://www.amazon.com/dp/B07LG33LV3?tag=eloabder-20&linkCode=osi&th=1&psc=1">View Product</a></div><div class="product"><a href="https://www.amazon.com/dp/B00LU2I46E?tag=eloabder-20&linkCode=osi&th=1&psc=1"><img src="https://m.media-amazon.com/images/I/51eoYTzS22L._SL500_.jpg" alt="Product Image"></a><p>BLACK+DECKER 12-Cup Mill and Brew Coffe Maker, CM5000B, 24-Hour Programble, Built-in Grinder, Sneak-A-Cup, Permanent Washable Fitler</p><p> -20% 0FF </p><p>$79.99</p><a href="https://www.amazon.com/dp/B00LU2I46E?tag=eloabder-20&linkCode=osi&th=1&psc=1">View Product</a></div>
<div class="product"><a href="https://www.amazon.com/dp/B07GK7XKJK?tag=eloabder-20&linkCode=osi&th=1&psc=1"><img src="https://m.media-amazon.com/images/I/41MydiUACIL._SL500_.jpg" alt="Product Image"></a><p>KitchenAid KSMMGA Metal Food Grinder Attachment, Silver</p><p> -25% 0FF </p><p>$74.95</p><a href="https://www.amazon.com/dp/B07GK7XKJK?tag=eloabder-20&linkCode=osi&th=1&psc=1">View Product</a></div><div class="product"><a href="https://www.amazon.com/dp/B0CFXXGRLX?tag=eloabder-20&linkCode=osi&th=1&psc=1"><img src="https://m.media-amazon.com/images/I/41C1H8gjr9L._SL500_.jpg" alt="Product Image"></a><p>Electric Meat Grinder, Sausage Stuffer Maker 450W(3000W Max) Food Grinder with Blade & 3 Plates, Sausage Stuffer Tubes & Kubbe Kit, Stainless Steel Heavy Duty Meat Mincer Machine for Home Kitchen Use</p><p> -14% 0FF </p><p>$69.99</p><a href="https://www.amazon.com/dp/B0CFXXGRLX?tag=eloabder-20&linkCode=osi&th=1&psc=1">View Product</a></div><div class="product"><a href="https://www.amazon.com/dp/B0DCVND85W?tag=eloabder-20&linkCode=osi&th=1&psc=1"><img src="https://m.media-amazon.com/images/I/41P1HRElb0L._SL500_.jpg" alt="Product Image"></a><p>AAOBOSI Meat Grinder, 4-In-1 Meat Grinder Electric [2800W Max] with 3 Slice, Shred Blades,2 Blades,4 Plates,Sausage Stuffer,Kubbe Kit, for Home Kitchen Use, Stainless Steel</p><p> -9% 0FF </p><p>$99.99</p><a href="https://www.amazon.com/dp/B0DCVND85W?tag=eloabder-20&linkCode=osi&th=1&psc=1">View Product</a></div><div class="product"><a href="https://www.amazon.com/dp/B08GHFBX7P?tag=eloabder-20&linkCode=osi&th=1&psc=1"><img src="https://m.media-amazon.com/images/I/41go97GVl0L._SL500_.jpg" alt="Product Image"></a><p>Electric Meat Grinder, Heavy Duty Meat Mincer, Sausage Stuffer Maker, Food Grinder with Sausage & Kubbe Kit, 2 Grinder Plates, Stainless Steel (Black)</p><p> -22% 0FF </p><p>$69.99</p><a href="https://www.amazon.com/dp/B08GHFBX7P?tag=eloabder-20&linkCode=osi&th=1&psc=1">View Product</a></div>
<div class="product"><a href="https://www.amazon.com/dp/B0BXXKFJK2?tag=eloabder-20&linkCode=osi&th=1&psc=1"><img src="https://m.media-amazon.com/images/I/41WmZf5IgvL._SL500_.jpg" alt="Product Image"></a><p>Silonn Ice Maker Countertop, Portable Ice Machine with Carry Handle, Self-Cleaning Ice Makers with Basket and Scoop, 9 Cubes in 6 Mins, 26 lbs per Day, Ideal for Home, Kitchen, Camping, RV</p><p> -6% 0FF </p><p>$103.02</p><a href="https://www.amazon.com/dp/B0BXXKFJK2?tag=eloabder-20&linkCode=osi&th=1&psc=1">View Product</a></div><div class="product"><a href="https://www.amazon.com/dp/B0DBHN7WSN?tag=eloabder-20&linkCode=osi&th=1&psc=1"><img src="https://m.media-amazon.com/images/I/411SrTdFoYL._SL500_.jpg" alt="Product Image"></a><p>Nugget Ice Makers Countertop with Soft Chewable Pellet Ice, 7 Mins Ice Making, 35.5Lbs/24Hrs, Pebble Ice Maker Machine with Self-Cleaning/Ice Basket/Ice Scoop for Home/Office/Bar, Black</p><p> -12% 0FF </p><p>$149.00</p><a href="https://www.amazon.com/dp/B0DBHN7WSN?tag=eloabder-20&linkCode=osi&th=1&psc=1">View Product</a></div><div class="product"><a href="https://www.amazon.com/dp/B08ZYJ8CRX?tag=eloabder-20&linkCode=osi&th=1&psc=1"><img src="https://m.media-amazon.com/images/I/41oHlJFaHrL._SL500_.jpg" alt="Product Image"></a><p>Silonn Ice Maker Countertop, 9 Cubes Ready in 6 Mins, 26lbs in 24Hrs, Self-Cleaning Ice Machine with Ice Scoop and Basket, 2 Sizes of Bullet Ice for Home Kitchen Office Bar Party</p><p> -23% 0FF </p><p>$84.98</p><a href="https://www.amazon.com/dp/B08ZYJ8CRX?tag=eloabder-20&linkCode=osi&th=1&psc=1">View Product</a></div><div class="product"><a href="https://www.amazon.com/dp/B0964BF4N7?tag=eloabder-20&linkCode=osi&th=1&psc=1"><img src="https://m.media-amazon.com/images/I/41P6Pg4IlDL._SL500_.jpg" alt="Product Image"></a><p>GE Profile Opal 2.0 with 0.75 Gallon Tank, Chewable Crunchable Countertop Nugget Ice Maker, Scoop included, 38 lbs in 24 hours, Pellet Ice Machine with WiFi & Smart Connected, Stainless Steel</p><p> -19% 0FF </p><p>$487.00</p><a href="https://www.amazon.com/dp/B0964BF4N7?tag=eloabder-20&linkCode=osi&th=1&psc=1">View Product</a></div><div class="product"><a href="https://www.amazon.com/dp/B004VV8GOQ?tag=eloabder-20&linkCode=osi&th=1&psc=1"><img src="https://m.media-amazon.com/images/I/417MZhHcvfL._SL500_.jpg" alt="Product Image"></a><p>Frigidaire EFIC103-AMZ-SC Counter Top Maker with Over-Sized Ice Bucket, Stainless Steel, Self Cleaning Function, Heavy Duty, Stainless</p><p> -31% 0FF </p><p>$89.96</p><a href="https://www.amazon.com/dp/B004VV8GOQ?tag=eloabder-20&linkCode=osi&th=1&psc=1">View Product</a></div><div class="product"><a href="https://www.amazon.com/dp/B0CNVL19YJ?tag=eloabder-20&linkCode=osi&th=1&psc=1"><img src="https://m.media-amazon.com/images/I/415SM2A141L._SL500_.jpg" alt="Product Image"></a><p>AGLUCKY Ice Makers Countertop with Handle,26.5Lbs/24H,9 Cubes in 6 Mins,2 Sizes of Bullet Ice,Portable Ice Maker Machine with Self-Cleaning,Perfect for Home Kitchen(Black)</p><p> -11% 0FF </p><p>$79.99</p><a href="https://www.amazon.com/dp/B0CNVL19YJ?tag=eloabder-20&linkCode=osi&th=1&psc=1">View Product</a></div><div class="product"><a href="https://www.amazon.com/dp/B0BPSW1K11?tag=eloabder-20&linkCode=osi&th=1&psc=1"><img src="https://m.media-amazon.com/images/I/41+T7GsSO2L._SL500_.jpg" alt="Product Image"></a><p>Countertop Ice Maker, Ice Maker Machine 6 Mins 9 Ice, 26.5lbs/24Hrs, Portable Ice Maker Machine with Self-Cleaning, Ice Scoop, and Basket, Compact Ice Maker for Home/Kitchen/Office/Party</p><p> -10% 0FF </p><p>$89.99</p><a href="https://www.amazon.com/dp/B0BPSW1K11?tag=eloabder-20&linkCode=osi&th=1&psc=1">View Product</a></div>
<div class="product"><a href="https://www.amazon.com/dp/B08K93NJP8?tag=eloabder-20&linkCode=osi&th=1&psc=1"><img src="https://m.media-amazon.com/images/I/41RhvK8Yd4L._SL500_.jpg" alt="Product Image"></a><p>ROVSUN 18 Bottle Wine Fridge, Freestanding Compressor Wine Cooler Refrigerator, Beverage Wine Chiller with Digital Temperature Control & Double-layer Glass Door for Red White Wine, Champagne, Beer</p><p> -11% 0FF </p><p>$169.99</p><a href="https://www.amazon.com/dp/B08K93NJP8?tag=eloabder-20&linkCode=osi&th=1&psc=1">View Product</a></div><div class="product"><a href="https://www.amazon.com/dp/B00QSJRSM0?tag=eloabder-20&linkCode=osi&th=1&psc=1"><img src="https://m.media-amazon.com/images/I/31Ugidkf02L._SL500_.jpg" alt="Product Image"></a><p>Koolatron 6 Bottle Refrigerator Black Thermoelectric Wine cooler Freestanding Wine Cellar Red White and Sparkling Wine fridge Ideal for Small Kitchens Apartments RVs</p><p> -35% 0FF </p><p>$129.99</p><a href="https://www.amazon.com/dp/B00QSJRSM0?tag=eloabder-20&linkCode=osi&th=1&psc=1">View Product</a></div><div class="product"><a href="https://www.amazon.com/dp/B00QSJRR4Y?tag=eloabder-20&linkCode=osi&th=1&psc=1"><img src="https://m.media-amazon.com/images/I/41UPTwoGc7L._SL500_.jpg" alt="Product Image"></a><p>Koolatron 20 Bottle Refrigerator Wine Cooler Black Thermoelectric Wine Fridge Under Counter Wine Cellar for Red White Sparkling Wine Storage in Home Bar Apartment</p><p> -33% 0FF </p><p>$199.99</p><a href="https://www.amazon.com/dp/B00QSJRR4Y?tag=eloabder-20&linkCode=osi&th=1&psc=1">View Product</a></div><div class="product"><a href="https://www.amazon.com/dp/B0CQYFQKFX?tag=eloabder-20&linkCode=osi&th=1&psc=1"><img src="https://m.media-amazon.com/images/I/41ckgpC+TLL._SL500_.jpg" alt="Product Image"></a><p>Kalamera Mini Fridge 24” Beverage and Wine Cooler Built-in or Freestanding - 118 Cans & 16 Bottles Capacity Wine Refrigerator Cooler</p><p> -20% 0FF </p><p>$479.98</p><a href="https://www.amazon.com/dp/B0CQYFQKFX?tag=eloabder-20&linkCode=osi&th=1&psc=1">View Product</a></div>
<div class="product"><a href="https://www.amazon.com/dp/B0CHW317SG?tag=eloabder-20&linkCode=osi&th=1&psc=1"><img src="https://m.media-amazon.com/images/I/41KZKC5wMwL._SL500_.jpg" alt="Product Image"></a><p>EUHOMY 48 Can Beverage Refrigerator cooler-Mini Fridge Glass Door for Beer Drinks Wines, Countertop Beverage Fridge with Adjustable Shelves Blue LED for Home/Office/Dorm/Bar, 1.3 cu.ft</p><p> -20% 0FF </p><p>$116.09</p><a href="https://www.amazon.com/dp/B0CHW317SG?tag=eloabder-20&linkCode=osi&th=1&psc=1">View Product</a></div><div class="product"><a href="https://www.amazon.com/dp/B0DGLF3KJY?tag=eloabder-20&linkCode=osi&th=1&psc=1"><img src="https://m.media-amazon.com/images/I/51GSGBxBzSL._SL500_.jpg" alt="Product Image"></a><p>Zibbizo Upgraded Mini Fridge for Bedroom 3.2 Cu.Ft Small Refrigerator with Freezer for Dorm Office, Compact Single Door Adjustable Thermostat Low Noise, 17.5" D x 17.7" W x 31.5" H, Black</p><p> -10% 0FF </p><p>$134.99</p><a href="https://www.amazon.com/dp/B0DGLF3KJY?tag=eloabder-20&linkCode=osi&th=1&psc=1">View Product</a></div><div class="product"><a href="https://www.amazon.com/dp/B08NQ5CPPG?tag=eloabder-20&linkCode=osi&th=1&psc=1"><img src="https://m.media-amazon.com/images/I/31t78TW8XCL._SL500_.jpg" alt="Product Image"></a><p>Frigidaire EFMIS175 Retro 9-Can Mini Personal Fridge Portable Cooler for Car, Office, Bedroom, Dorm Room, or Cabin, 11.8"D x 7.1"W x 10.1"H, Pink</p><p> -17% 0FF </p><p>$33.13</p><a href="https://www.amazon.com/dp/B08NQ5CPPG?tag=eloabder-20&linkCode=osi&th=1&psc=1">View Product</a></div><div class="product"><a href="https://www.amazon.com/dp/B09DTM1NZW?tag=eloabder-20&linkCode=osi&th=1&psc=1"><img src="https://m.media-amazon.com/images/I/311losY-FFL._SL500_.jpg" alt="Product Image"></a><p>FRIGIDAIRE Black EFR176- AMZ Retro Mini Refrigerator-Energy Saving-Adjustable Thermostat Control-Side Mounted Bottle Opener-Ideal for Dorm, Office, RV, Garage, Apartment 1.6 Cubic Feet</p><p> -12% 0FF </p><p>$123.14</p><a href="https://www.amazon.com/dp/B09DTM1NZW?tag=eloabder-20&linkCode=osi&th=1&psc=1">View Product</a></div>
<div class="product"><a href="https://www.amazon.com/dp/B000EW7LGA?tag=eloabder-20&linkCode=osi&th=1&psc=1"><img src="https://m.media-amazon.com/images/I/31RD0Qf0CyL._SL500_.jpg" alt="Product Image"></a><p>InSinkErator Badger 5XP Garbage Disposal, Standard Series 3/4 HP Continuous Feed Food Waste Disposer, Black / Stainless</p><p> -56% 0FF </p><p>$119.99</p><a href="https://www.amazon.com/dp/B000EW7LGA?tag=eloabder-20&linkCode=osi&th=1&psc=1">View Product</a></div><div class="product"><a href="https://www.amazon.com/dp/B000LNIK6C?tag=eloabder-20&linkCode=osi&th=1&psc=1"><img src="https://m.media-amazon.com/images/I/41r60mVDVjL._SL500_.jpg" alt="Product Image"></a><p>Waste King 1/2 HP Garbage Disposal with Power Cord for Kitchen Sink Food Waste, L-1001</p><p> -11% 0FF </p><p>$78.03</p><a href="https://www.amazon.com/dp/B000LNIK6C?tag=eloabder-20&linkCode=osi&th=1&psc=1">View Product</a></div><div class="product"><a href="https://www.amazon.com/dp/B00004U9JO?tag=eloabder-20&linkCode=osi&th=1&psc=1"><img src="https://m.media-amazon.com/images/I/31rMP7d81sL._SL500_.jpg" alt="Product Image"></a><p>InSinkErator Badger 5 Garbage Disposal, Standard Series 1/2 HP Continuous Feed Food Waste Disposer, Black, Set of 1</p><p> -41% 0FF </p><p>$115.96</p><a href="https://www.amazon.com/dp/B00004U9JO?tag=eloabder-20&linkCode=osi&th=1&psc=1">View Product</a></div><div class="product"><a href="https://www.amazon.com/dp/B0CDMH8PVY?tag=eloabder-20&linkCode=osi&th=1&psc=1"><img src="https://m.media-amazon.com/images/I/31LFQmfgZHL._SL500_.jpg" alt="Product Image"></a><p>InSinkErator EVOLUTION 0.75HP 3/4 HP, Advanced Series EZ Connect Continuous Feed Food Waste Garbage Disposal, Gray</p><p> -41% 0FF </p><p>$235.42</p><a href="https://www.amazon.com/dp/B0CDMH8PVY?tag=eloabder-20&linkCode=osi&th=1&psc=1">View Product</a></div><div class="product"><a href="https://www.amazon.com/dp/B0CDMH72DY?tag=eloabder-20&linkCode=osi&th=1&psc=1"><img src="https://m.media-amazon.com/images/I/311HrVUr9jL._SL500_.jpg" alt="Product Image"></a><p>InSinkErator Power 1HP, 1 HP Garbage Disposal, Power Series EZ Connect Continuous Feed Food Waste Disposer, Black</p><p> -44% 0FF </p><p>$199.36</p><a href="https://www.amazon.com/dp/B0CDMH72DY?tag=eloabder-20&linkCode=osi&th=1&psc=1">View Product</a></div>
<div class="product"><a href="https://www.amazon.com/dp/B07RSZSYNC?tag=eloabder-20&linkCode=osi&th=1&psc=1"><img src="https://m.media-amazon.com/images/I/41R-l5eAIuL._SL500_.jpg" alt="Product Image"></a><p>LEVOIT Core 300-P Air Purifier Replacement Filter, 3-In-1 Filter, Efficiency Activated Carbon, Core 300-RF, 1 Pack, White</p><p> -20% 0FF </p><p>$23.99</p><a href="https://www.amazon.com/dp/B07RSZSYNC?tag=eloabder-20&linkCode=osi&th=1&psc=1">View Product</a></div>
<div class="product"><a href="https://www.amazon.com/dp/B07T2TYPSB?tag=eloabder-20&linkCode=osi&th=1&psc=1"><img src="https://m.media-amazon.com/images/I/41ZBBLMHatL._SL500_.jpg" alt="Product Image"></a><p>Schneider Industries Micro Vacuum Attachment 7 Piece Kit</p><p> -37% 0FF </p><p>$8.87</p><a href="https://www.amazon.com/dp/B07T2TYPSB?tag=eloabder-20&linkCode=osi&th=1&psc=1">View Product</a></div><div class="product"><a href="https://www.amazon.com/dp/B000BSJCLY?tag=eloabder-20&linkCode=osi&th=1&psc=1"><img src="https://m.media-amazon.com/images/I/41AoF04bprL._SL500_.jpg" alt="Product Image"></a><p>Schneider Industries Micro Vacuum Attachment 7 Piece Kit, 0.5 Liters, Black</p><p> -27% 0FF </p><p>$9.95</p><a href="https://www.amazon.com/dp/B000BSJCLY?tag=eloabder-20&linkCode=osi&th=1&psc=1">View Product</a></div><div class="product"><a href="https://www.amazon.com/dp/B0CRN52G7Z?tag=eloabder-20&linkCode=osi&th=1&psc=1"><img src="https://m.media-amazon.com/images/I/41DuITrcwkL._SL500_.jpg" alt="Product Image"></a><p>KUIFORTI Ironing Board Covers Standard Size Cute Sewing Machine Pattern Ironing Board Covers with Padding Novelty Gifts for Tailor Seamstress Iron Board Cover Replacement</p><p> -19% 0FF </p><p>$12.99</p><a href="https://www.amazon.com/dp/B0CRN52G7Z?tag=eloabder-20&linkCode=osi&th=1&psc=1">View Product</a></div><div class="product"><a href="https://www.amazon.com/dp/B09LM5F3TM?tag=eloabder-20&linkCode=osi&th=1&psc=1"><img src="https://m.media-amazon.com/images/I/31V8xl2YzoL._SL500_.jpg" alt="Product Image"></a><p>JUKI A9838-090-0A0 JUKI Professional Sewing Machine Zipper Press</p><p> -5% 0FF </p><p>$9.48</p><a href="https://www.amazon.com/dp/B09LM5F3TM?tag=eloabder-20&linkCode=osi&th=1&psc=1">View Product</a></div>
<div class="product"><a href="https://www.amazon.com/dp/B0932K1LR7?tag=eloabder-20&linkCode=osi&th=1&psc=1"><img src="https://m.media-amazon.com/images/I/21feg31K-AS._SL500_.jpg" alt="Product Image"></a><p>LG Styler Steam Closet | Clothes Steamer for Garments and Household Item Care | Sanitize, Deodorize, Freshen & Dry with Steam Technology & Moving Hangers| Easy Install | Wi-Fi enabled| Mirror (S3MFBN)</p><p> -12% 0FF </p><p>$1,495.00</p><a href="https://www.amazon.com/dp/B0932K1LR7?tag=eloabder-20&linkCode=osi&th=1&psc=1">View Product</a></div><div class="product"><a href="https://www.amazon.com/dp/B0CDN1RB64?tag=eloabder-20&linkCode=osi&th=1&psc=1"><img src="https://m.media-amazon.com/images/I/31piNYNA75L._SL500_.jpg" alt="Product Image"></a><p>LG Styler Steam Closet with TrueSteam Technology and Exclusive Moving Hangers (S5WBC), Cream White</p><p> -32% 0FF </p><p>$1,298.00</p><a href="https://www.amazon.com/dp/B0CDN1RB64?tag=eloabder-20&linkCode=osi&th=1&psc=1">View Product</a></div><div class="product"><a href="https://www.amazon.com/dp/B0C55F8L9V?tag=eloabder-20&linkCode=osi&th=1&psc=1"><img src="https://m.media-amazon.com/images/I/31WVZxkPdLL._SL500_.jpg" alt="Product Image"></a><p>Garment Steamer Ironing Gloves and Garment hanger for steaming clothes,Steam rack for clothes,Handheld garment steamer rack,Clothes hanger for steam ironing</p><p> -10% 0FF </p><p>$26.99</p><a href="https://www.amazon.com/dp/B0C55F8L9V?tag=eloabder-20&linkCode=osi&th=1&psc=1">View Product</a></div>

<div class="product"><a href="https://www.amazon.com/dp/B0C2CJWJKJ?tag=eloabder-20&linkCode=osi&th=1&psc=1"><img src="https://m.media-amazon.com/images/I/51RVoLJhhmL._SL500_.jpg" alt="Product Image"></a><p>Metal Pasta Maker Attachment for KitchenAid Mixers -Kitchen aid Mixer Accessories Pasta Attachment 3-in-1 Includes Pasta Roller, Spaghetti Cutter, and Fettuccine Cutter</p><p> -11% 0FF </p><p>$79.99</p><a href="https://www.amazon.com/dp/B0C2CJWJKJ?tag=eloabder-20&linkCode=osi&th=1&psc=1">View Product</a></div><div class="product"><a href="https://www.amazon.com/dp/B01ENK4UV2?tag=eloabder-20&linkCode=osi&th=1&psc=1"><img src="https://m.media-amazon.com/images/I/314A-DNnPtL._SL500_.jpg" alt="Product Image"></a><p>KitchenAid KSMPEXTA Gourmet Pasta Press Attachment with 6 Interchangeable Pasta Plates, White</p><p> -23% 0FF </p><p>$169.99</p><a href="https://www.amazon.com/dp/B01ENK4UV2?tag=eloabder-20&linkCode=osi&th=1&psc=1">View Product</a></div><div class="product"><a href="https://www.amazon.com/dp/B0D41P1V2X?tag=eloabder-20&linkCode=osi&th=1&psc=1"><img src="https://m.media-amazon.com/images/I/41HVCvDVCtL._SL500_.jpg" alt="Product Image"></a><p>FavorKit Pasta Maker Attachment 3 in 1 Set Compatible for KitchenAid Mixers Plus Hub Knob Screw Accessory Included Pasta Sheet Roller, Spaghetti Cutter, Fettuccine Cutter and Cleaning Brush</p><p> -45% 0FF </p><p>$59.99</p><a href="https://www.amazon.com/dp/B0D41P1V2X?tag=eloabder-20&linkCode=osi&th=1&psc=1">View Product</a></div><div class="product"><a href="https://www.amazon.com/dp/B08LX43YVF?tag=eloabder-20&linkCode=osi&th=1&psc=1"><img src="https://m.media-amazon.com/images/I/311wopN+2tL._SL500_.jpg" alt="Product Image"></a><p>Cuisinart Bread, Pasta & Dough Maker Machine, White, PM-1</p><p> -28% 0FF </p><p>$143.99</p><a href="https://www.amazon.com/dp/B08LX43YVF?tag=eloabder-20&linkCode=osi&th=1&psc=1">View Product</a></div><div class="product"><a href="https://www.amazon.com/dp/B0DJMC1XJ8?tag=eloabder-20&linkCode=osi&th=1&psc=1"><img src="https://m.media-amazon.com/images/I/31xmE4brazL._SL500_.jpg" alt="Product Image"></a><p>Pasta Maker Attachment for KitchenAid Stand Mixers with 6 Different Shapes of Pasta Outlet, Durable Pasta Press Attachments</p><p> -44% 0FF </p><p>$49.99</p><a href="https://www.amazon.com/dp/B0DJMC1XJ8?tag=eloabder-20&linkCode=osi&th=1&psc=1">View Product</a></div>
<div class="product"><a href="https://www.amazon.com/dp/B0BQ9F56WV?tag=eloabder-20&linkCode=osi&th=1&psc=1"><img src="https://m.media-amazon.com/images/I/41B6Pr8rUVL._SL500_.jpg" alt="Product Image"></a><p>Anova Culinary Sous Vide Precision Cooker 3.0 (WiFi), 1100 Watts</p><p> -40% 0FF </p><p>$119.00</p><a href="https://www.amazon.com/dp/B0BQ9F56WV?tag=eloabder-20&linkCode=osi&th=1&psc=1">View Product</a></div><div class="product"><a href="https://www.amazon.com/dp/B09BJ5VGM4?tag=eloabder-20&linkCode=osi&th=1&psc=1"><img src="https://m.media-amazon.com/images/I/31lWAHFnoYL._SL500_.jpg" alt="Product Image"></a><p>Sous Vide Machines, Immersion Circulators, Precision Cooker, with Recipe,Temperature and Time Digital Display Control, 1000W</p><p> -17% 0FF </p><p>$49.77</p><a href="https://www.amazon.com/dp/B09BJ5VGM4?tag=eloabder-20&linkCode=osi&th=1&psc=1">View Product</a></div><div class="product"><a href="https://www.amazon.com/dp/B07RNWJZNR?tag=eloabder-20&linkCode=osi&th=1&psc=1"><img src="https://m.media-amazon.com/images/I/51RpzG8PCdL._SL500_.jpg" alt="Product Image"></a><p>Inkbird WIFI Sous Vide Machine ISV-100W, 1000 Watts Sous-Vide Cooker Immersion Circulator with 14 Preset Recipes on APP & Calibration Function, Thermal Immersion, Fast-Heating with Timer |Best Gift</p><p> -21% 0FF </p><p>$69.49</p><a href="https://www.amazon.com/dp/B07RNWJZNR?tag=eloabder-20&linkCode=osi&th=1&psc=1">View Product</a></div><div class="product"><a href="https://www.amazon.com/dp/B07QFC6LN6?tag=eloabder-20&linkCode=osi&th=1&psc=1"><img src="https://m.media-amazon.com/images/I/41XFRVF7U4L._SL500_.jpg" alt="Product Image"></a><p>Anova Culinary Sous Vide Precision Cooker Pro, 1200 Watts, Black and Silver</p><p> -42% 0FF </p><p>$231.50</p><a href="https://www.amazon.com/dp/B07QFC6LN6?tag=eloabder-20&linkCode=osi&th=1&psc=1">View Product</a></div><div class="product"><a href="https://www.amazon.com/dp/B0C384T4P2?tag=eloabder-20&linkCode=osi&th=1&psc=1"><img src="https://m.media-amazon.com/images/I/217eMQhOaUL._SL500_.jpg" alt="Product Image"></a><p>Breville the Joule Turbo Sous Vide Machine, Sous Vide Cooker, Immersion Circulator, BSV600PSS, Polished Stainless Steel</p><p> -20% 0FF </p><p>$199.99</p><a href="https://www.amazon.com/dp/B0C384T4P2?tag=eloabder-20&linkCode=osi&th=1&psc=1">View Product</a></div><div class="product"><a href="https://www.amazon.com/dp/B08S316BZ8?tag=eloabder-20&linkCode=osi&th=1&psc=1"><img src="https://m.media-amazon.com/images/I/419Nj871gPL._SL500_.jpg" alt="Product Image"></a><p>Greater Goods Kitchen Sous Vide Machine - Precision Cooker, Immersion Circulator, Brushless Motor, 1100 Watts (Onyx Black)</p><p> -23% 0FF </p><p>$99.99</p><a href="https://www.amazon.com/dp/B08S316BZ8?tag=eloabder-20&linkCode=osi&th=1&psc=1">View Product</a></div><div class="product"><a href="https://www.amazon.com/dp/B0BK12LRCM?tag=eloabder-20&linkCode=osi&th=1&psc=1"><img src="https://m.media-amazon.com/images/I/415kAnZQbQL._SL500_.jpg" alt="Product Image"></a><p>KitchenBoss WIFI Sous Vide Cooker: Ultra-Quiet Sous-vide Cooking Machine 1100 Watts Stainless Steel Immersion Circulator for Kitchen with TFT Preset Recipes, Black</p><p> -24% 0FF </p><p>$135.99</p><a href="https://www.amazon.com/dp/B0BK12LRCM?tag=eloabder-20&linkCode=osi&th=1&psc=1">View Product</a></div>
<div class="product"><a href="https://www.amazon.com/dp/B089DCC9JR?tag=eloabder-20&linkCode=osi&th=1&psc=1"><img src="https://m.media-amazon.com/images/I/413t3P7zaRL._SL500_.jpg" alt="Product Image"></a><p>Navaris Electric Plate Warmer - 10 Plate Blanket Heater Pockets for Warming Dinner Plates to 165 Degrees in 10 Minutes - Thin Folding Design - Black</p><p> -8% 0FF </p><p>$33.99</p><a href="https://www.amazon.com/dp/B089DCC9JR?tag=eloabder-20&linkCode=osi&th=1&psc=1">View Product</a></div>
<div class="product"><a href="https://www.amazon.com/dp/B0C1N9PFXT?tag=eloabder-20&linkCode=osi&th=1&psc=1"><img src="https://m.media-amazon.com/images/I/51iiV--e5wL._SL500_.jpg" alt="Product Image"></a><p>Christmas Stove Top Covers, Extra Large Stove Top Cover for Electric, Anti-Slip Waterproof Mat for Glass Stove Top Protector Heat Resistant Square Pad Multipurpose Foldable Cooktop Cover</p><p> -8% 0FF </p><p>$23.99</p><a href="https://www.amazon.com/dp/B0C1N9PFXT?tag=eloabder-20&linkCode=osi&th=1&psc=1">View Product</a></div>

<div class="product"><a href="https://www.amazon.com/dp/B0932ZV12J?tag=eloabder-20&linkCode=osi&th=1&psc=1"><img src="https://m.media-amazon.com/images/I/41qhisDRAIL._SL500_.jpg" alt="Product Image"></a><p>TP01 True HEPA Replacement Filter Compatible with Dyson Tower Purifier Pure Cool Link TP01, TP02, TP03, AM11, BP01 Models, Compare to Part 968126-03, 2 Pack</p><p> -15% 0FF </p><p>$27.95 ($13.98 / Count)</p><a href="https://www.amazon.com/dp/B0932ZV12J?tag=eloabder-20&linkCode=osi&th=1&psc=1">View Product</a></div><div class="product"><a href="https://www.amazon.com/dp/B0D6D5Q5L2?tag=eloabder-20&linkCode=osi&th=1&psc=1"><img src="https://m.media-amazon.com/images/I/21URyRtgElL._SL500_.jpg" alt="Product Image"></a><p>Lasko Filter Replacement 3 Pack for DST100 Pinnacle Tower Fan, Plant-Based Filters, Remove Hair, Dust, VOCs and Odors from Home, Black, 21”, CXF42</p><p> -9% 0FF </p><p>$13.57 ($4.52 / Count)</p><a href="https://www.amazon.com/dp/B0D6D5Q5L2?tag=eloabder-20&linkCode=osi&th=1&psc=1">View Product</a></div><div class="product"><a href="https://www.amazon.com/dp/B0C16KXRNH?tag=eloabder-20&linkCode=osi&th=1&psc=1"><img src="https://m.media-amazon.com/images/I/41WJFefZ4ZL._SL500_.jpg" alt="Product Image"></a><p>Amalfy 2 Pack of 360° Glass HEPA Filter Replacement Compatible with Dyson Pure Cool Link TP01/TP02 Purifying Tower Fan, Dyson Pure Cool Me BP01 Personal Purifying Fan</p><p> -7% 0FF </p><p>$26.88 ($13.44 / Count)</p><a href="https://www.amazon.com/dp/B0C16KXRNH?tag=eloabder-20&linkCode=osi&th=1&psc=1">View Product</a></div><div class="product"><a href="https://www.amazon.com/dp/B0BR59XXWM?tag=eloabder-20&linkCode=osi&th=1&psc=1"><img src="https://m.media-amazon.com/images/I/41tUzZA5emL._SL500_.jpg" alt="Product Image"></a><p>Netezza TP01 HEPA Filter for Dyson,Replacement Filter for Dyson Tower Purifier Pure Cool Link TP01, TP02, TP03, AM11, BP01 Tower Air Purifier, Compare to Part 968126-03,2 Pack</p><p> -20% 0FF </p><p>$21.99 ($11.00 / Count)</p><a href="https://www.amazon.com/dp/B0BR59XXWM?tag=eloabder-20&linkCode=osi&th=1&psc=1">View Product</a></div>
<div class="product"><a href="https://www.amazon.com/dp/B07NQ7SX96?tag=eloabder-20&linkCode=osi&th=1&psc=1"><img src="https://m.media-amazon.com/images/I/31Mp+dZaF4L._SL500_.jpg" alt="Product Image"></a><p>Lutron Pico Smart Remote for Caseta Smart Fan Speed Control, PJ2-3BRL-GIV-F01, Ivory</p><p> -25% 0FF </p><p>$25.45</p><a href="https://www.amazon.com/dp/B07NQ7SX96?tag=eloabder-20&linkCode=osi&th=1&psc=1">View Product</a></div>
<div class="product"><a href="https://www.amazon.com/dp/B08G1MTK16?tag=eloabder-20&linkCode=osi&th=1&psc=1"><img src="https://m.media-amazon.com/images/I/41SAcC6OyGL._SL500_.jpg" alt="Product Image"></a><p>Dotlite Bronze Ceiling Fan Pull Chain Set, Decorative Fan Pull Chain Pendant Extension, 12 Inches Lighting & Fan Beaded Ball Chain Extender with Connector (2 Pack)</p><p> -30% 0FF </p><p>$6.99 ($3.50 / Count)</p><a href="https://www.amazon.com/dp/B08G1MTK16?tag=eloabder-20&linkCode=osi&th=1&psc=1">View Product</a></div>
<div class="product"><a href="https://www.amazon.com/dp/B0924J3XJ5?tag=eloabder-20&linkCode=osi&th=1&psc=1"><img src="https://m.media-amazon.com/images/I/21TiicLaafL._SL500_.jpg" alt="Product Image"></a><p>Comfee' CVU30W2AST 30 Inch Ducted Ductless Vent Durable Stainless Steel Kitchen Reusable Filter, 200 CFM, 2 Speed Exhaust Fan Under Cabinet Range Hood</p><p> -22% 0FF </p><p>$69.99</p><a href="https://www.amazon.com/dp/B0924J3XJ5?tag=eloabder-20&linkCode=osi&th=1&psc=1">View Product</a></div><div class="product"><a href="https://www.amazon.com/dp/B00QW2CUGC?tag=eloabder-20&linkCode=osi&th=1&psc=1"><img src="https://m.media-amazon.com/images/I/51evCHlA3yL._SL500_.jpg" alt="Product Image"></a><p>Broan-NuTone S97012026 Fan</p><p> -32% 0FF </p><p>$33.99</p><a href="https://www.amazon.com/dp/B00QW2CUGC?tag=eloabder-20&linkCode=osi&th=1&psc=1">View Product</a></div><div class="product"><a href="https://www.amazon.com/dp/B09JZZJ2Y1?tag=eloabder-20&linkCode=osi&th=1&psc=1"><img src="https://m.media-amazon.com/images/I/41fdKM9nvxL._SL500_.jpg" alt="Product Image"></a><p>Broan-NuTone PM300SS Custom Power Pack Range Hood Insert with 2-Speed Exhaust Fan and Light, 300 Max Blower CFM, Stainless Steel, 21-Inch Built</p><p> -7% 0FF </p><p>$203.10</p><a href="https://www.amazon.com/dp/B09JZZJ2Y1?tag=eloabder-20&linkCode=osi&th=1&psc=1">View Product</a></div><div class="product"><a href="https://www.amazon.com/dp/B000KKO6E6?tag=eloabder-20&linkCode=osi&th=1&psc=1"><img src="https://m.media-amazon.com/images/I/31t4veALoUL._SL500_.jpg" alt="Product Image"></a><p>Broan-NuTone F403623 Exhaust Fan for Under Cabinet Two-Speed Four-Way Range Hood, 36-Inch, Black</p><p> -15% 0FF </p><p>$79.54</p><a href="https://www.amazon.com/dp/B000KKO6E6?tag=eloabder-20&linkCode=osi&th=1&psc=1">View Product</a></div>
<div class="product"><a href="https://www.amazon.com/dp/B07FDJMC9Q?tag=eloabder-20&linkCode=osi&th=1&psc=1"><img src="https://m.media-amazon.com/images/I/31MBSKiZOPL._SL500_.jpg" alt="Product Image"></a><p>Ninja Air Fryer, Roast, Bake, Air Fry, Roast, Broil, Reheats, & Dehydrates, 4-in-1, Fries, Frozen Food, Veggies, and Juicy Meat, Less Oil, Easy Meals, Healthy Meals, Compact, 4 QT, Grey, AF101</p><p> -11% 0FF </p><p>$79.99</p><a href="https://www.amazon.com/dp/B07FDJMC9Q?tag=eloabder-20&linkCode=osi&th=1&psc=1">View Product</a></div><div class="product"><a href="https://www.amazon.com/dp/B0B15Q3HCQ?tag=eloabder-20&linkCode=osi&th=1&psc=1"><img src="https://m.media-amazon.com/images/I/41iJ87aPT8L._SL500_.jpg" alt="Product Image"></a><p>Ninja Air Fryer, Thermometer, Roast, Bake, Air Fry, Crisps, Broil, Reheats, Keep Warm, 10-in-1, Fries, Frozen Food, Veggies, and Meat, Quick Meals, Healthy Meals, Less Oil, 10 QT, Grey, DZ550​</p><p> -18% 0FF </p><p>$204.78</p><a href="https://www.amazon.com/dp/B0B15Q3HCQ?tag=eloabder-20&linkCode=osi&th=1&psc=1">View Product</a></div><div class="product"><a href="https://www.amazon.com/dp/B0BDFRZX3F?tag=eloabder-20&linkCode=osi&th=1&psc=1"><img src="https://m.media-amazon.com/images/I/41pyLTPPKOL._SL500_.jpg" alt="Product Image"></a><p>COSORI 2.1Qt Air Fryer, Small 4-in-1 Air Fryer Perfect for Simple Meals and Snack, Easy to Leftover Food to Crispy, 97% Less Oil, 30 In-App Recipes, Nonstick & Dishwasher Safe Basket</p><p> -17% 0FF </p><p>$49.99</p><a href="https://www.amazon.com/dp/B0BDFRZX3F?tag=eloabder-20&linkCode=osi&th=1&psc=1">View Product</a></div><div class="product"><a href="https://www.amazon.com/dp/B0936FGLQS?tag=eloabder-20&linkCode=osi&th=1&psc=1"><img src="https://m.media-amazon.com/images/I/41TKOcGeZzL._SL500_.jpg" alt="Product Image"></a><p>COSORI Air Fryer 9-in-1, Compact 5-Qt, Perect for Meat Enthusiasts with 450°F Max Heat Function , 130+ In-App Recipes, Little to No Oil, Easy Clean Glass Touch Panel & Nonstick Basket, Gray</p><p> -20% 0FF </p><p>$79.94</p><a href="https://www.amazon.com/dp/B0936FGLQS?tag=eloabder-20&linkCode=osi&th=1&psc=1">View Product</a></div><div class="product"><a href="https://www.amazon.com/dp/B0CGRYRBL7?tag=eloabder-20&linkCode=osi&th=1&psc=1"><img src="https://m.media-amazon.com/images/I/41jspc2TDCL._SL500_.jpg" alt="Product Image"></a><p>West Bend Compact Air Fryer 5-Quart Capacity with Digital Controls and 10 Cooking Presets, Nonstick Frying Basket, 1500-Watts, Black</p><p> -21% 0FF </p><p>$47.29</p><a href="https://www.amazon.com/dp/B0CGRYRBL7?tag=eloabder-20&linkCode=osi&th=1&psc=1">View Product</a></div><div class="product"><a href="https://www.amazon.com/dp/B08DKYBTPH?tag=eloabder-20&linkCode=osi&th=1&psc=1"><img src="https://m.media-amazon.com/images/I/51PO1kLlN6L._SL500_.jpg" alt="Product Image"></a><p>Chefman TurboFry® Touch Air Fryer, XL 8-Qt Family Size, One-Touch Digital Control Presets, French Fries, Chicken, Meat, Fish, Nonstick Dishwasher-Safe Parts, Automatic Shutoff, Stainless Steel</p><p> -29% 0FF </p><p>$84.98</p><a href="https://www.amazon.com/dp/B08DKYBTPH?tag=eloabder-20&linkCode=osi&th=1&psc=1">View Product</a></div>
<div class="product"><a href="https://www.amazon.com/dp/B000EX16RY?tag=eloabder-20&linkCode=osi&th=1&psc=1"><img src="https://m.media-amazon.com/images/I/41LqsX6dEML._SL500_.jpg" alt="Product Image"></a><p>Euro Cuisine YM80 Electric Yogurt Maker Machine- Promote Gut Health with Probiotic Rich Homemade Yogurt -Home Yogurt Incubator with Glass Jars, White</p><p> -40% 0FF </p><p>$29.99</p><a href="https://www.amazon.com/dp/B000EX16RY?tag=eloabder-20&linkCode=osi&th=1&psc=1">View Product</a></div><div class="product"><a href="https://www.amazon.com/dp/B085XS69L5?tag=eloabder-20&linkCode=osi&th=1&psc=1"><img src="https://m.media-amazon.com/images/I/41JEca97hnL._SL500_.jpg" alt="Product Image"></a><p>Bear Yogurt Maker, Greek Yogurt Maker Machine with Strainer and Timer Control, Stainless Steel Inner Pot, Automatic Digital with 2 Glass Jars 1 Quart for Home Organic Yogurt, Cheese, Fruit Wine</p><p> -19% 0FF </p><p>$64.99</p><a href="https://www.amazon.com/dp/B085XS69L5?tag=eloabder-20&linkCode=osi&th=1&psc=1">View Product</a></div><div class="product"><a href="https://www.amazon.com/dp/B09MP8BK8P?tag=eloabder-20&linkCode=osi&th=1&psc=1"><img src="https://m.media-amazon.com/images/I/41ORh3ZvMrL._SL500_.jpg" alt="Product Image"></a><p>JoyMech Yogurt Maker, Compact Greek Yogurt Maker Machine with Constant Temperature Control, Stainless Steel Container, 1 Quart for Home Organic Yogurt</p><p> -25% 0FF </p><p>$29.99</p><a href="https://www.amazon.com/dp/B09MP8BK8P?tag=eloabder-20&linkCode=osi&th=1&psc=1">View Product</a></div>
<div class="product"><a href="https://www.amazon.com/dp/B0BXSKHL8D?tag=eloabder-20&linkCode=osi&th=1&psc=1"><img src="https://m.media-amazon.com/images/I/419rzQjVpiL._SL500_.jpg" alt="Product Image"></a><p>Mesliese Vacuum Sealer Machine Powerful 90Kpa Precision 6-in-1 Compact Food Preservation System with Cutter, 2 Bag Rolls & 5 Pre-cut Bags, Widened 12mm Sealing Strip, Dry&Moist Modes (Silver)</p><p> -42% 0FF </p><p>$69.99</p><a href="https://www.amazon.com/dp/B0BXSKHL8D?tag=eloabder-20&linkCode=osi&th=1&psc=1">View Product</a></div><div class="product"><a href="https://www.amazon.com/dp/B08BRN1B7Q?tag=eloabder-20&linkCode=osi&th=1&psc=1"><img src="https://m.media-amazon.com/images/I/41B5yUrv3IL._SL500_.jpg" alt="Product Image"></a><p>POTANE Precision Vacuum Sealer Machine, Powerful Pro Vacuum Food Sealer, 8-in-1 Easy Presets, 4 Food Modes, Dry&Moist&Soft&Delicate with Starter Kit, Compact Design(Silver)</p><p> -29% 0FF </p><p>$84.98</p><a href="https://www.amazon.com/dp/B08BRN1B7Q?tag=eloabder-20&linkCode=osi&th=1&psc=1">View Product</a></div><div class="product"><a href="https://www.amazon.com/dp/B0CW2G9W1T?tag=eloabder-20&linkCode=osi&th=1&psc=1"><img src="https://m.media-amazon.com/images/I/51IAX5BLMkL._SL500_.jpg" alt="Product Image"></a><p>Bonsenkitchen Vacuum Sealer Machine, Fast-Compact Food Sealer, Multi-Functional Food Vacuum Sealer with 5 Vacuum Bags & Accessory Hose, Globefish Technology for High-Speed Continuous Working, Silver</p><p> -40% 0FF </p><p>$29.99</p><a href="https://www.amazon.com/dp/B0CW2G9W1T?tag=eloabder-20&linkCode=osi&th=1&psc=1">View Product</a></div><div class="product"><a href="https://www.amazon.com/dp/B0D8BB83Y1?tag=eloabder-20&linkCode=osi&th=1&psc=1"><img src="https://m.media-amazon.com/images/I/41pEdOT1LVL._SL500_.jpg" alt="Product Image"></a><p>Mesliese Vacuum Sealer Machine, 85kPa 120W Automatic Food Sealer, Powerful Sealing System, Build-in Cutter | Bags Storage | Moist Mode and Air Suction Hose | 2 Bag Rolls and 5pcs Pre-cut Bags</p><p> -23% 0FF </p><p>$99.99</p><a href="https://www.amazon.com/dp/B0D8BB83Y1?tag=eloabder-20&linkCode=osi&th=1&psc=1">View Product</a></div><div class="product"><a href="https://www.amazon.com/dp/B07B4W5PMB?tag=eloabder-20&linkCode=osi&th=1&psc=1"><img src="https://m.media-amazon.com/images/I/41c7aLA6wtL._SL500_.jpg" alt="Product Image"></a><p>GERYON Vacuum Sealer, Vacuum Sealer Machine for Food Storage with Sealer Bags & Roll, Automatic Food Sealer for Sous Vide, Compact Design, LED Lights, Easy to Clean, Dry & Moist Modes (Silver)</p><p> -15% 0FF </p><p>$35.70</p><a href="https://www.amazon.com/dp/B07B4W5PMB?tag=eloabder-20&linkCode=osi&th=1&psc=1">View Product</a></div><div class="product"><a href="https://www.amazon.com/dp/B01KCK9W1K?tag=eloabder-20&linkCode=osi&th=1&psc=1"><img src="https://m.media-amazon.com/images/I/41imUh6Fx+L._SL500_.jpg" alt="Product Image"></a><p>Nesco Deluxe Food VS-12 Vacuum Sealer, 130 Watts, Kit Bags & Viewing Lid, Compact, Silver</p><p> -18% 0FF </p><p>$114.69 ($114.69 / count)</p><a href="https://www.amazon.com/dp/B01KCK9W1K?tag=eloabder-20&linkCode=osi&th=1&psc=1">View Product</a></div><div class="product"><a href="https://www.amazon.com/dp/B08XJW5LHG?tag=eloabder-20&linkCode=osi&th=1&psc=1"><img src="https://m.media-amazon.com/images/I/51XpZ5cHWqL._SL500_.jpg" alt="Product Image"></a><p>2023 Updated Vacuum Sealer Machine, MEGAWISE Food Sealer w/Starter Kit, Dry & Moist Food Modes, Compact Design with 10 Vacuum Bags & Bulit-in Cutter(Grey)</p><p> -24% 0FF </p><p>$25.10</p><a href="https://www.amazon.com/dp/B08XJW5LHG?tag=eloabder-20&linkCode=osi&th=1&psc=1">View Product</a></div><div class="product"><a href="https://www.amazon.com/dp/B0DF7F9QNG?tag=eloabder-20&linkCode=osi&th=1&psc=1"><img src="https://m.media-amazon.com/images/I/51W8Bchue6L._SL500_.jpg" alt="Product Image"></a><p>BEYUAM Vacuum Sealer Machine: Upgraded 5 in1 Food Vacuum Sealer with Dry&Moist Modes, LED Indicator Lights, Compact Design, Includes 15PCS Vacuum Seal Bags,1 Air Suction Hose, 1Cutter</p><p> -30% 0FF </p><p>$20.99</p><a href="https://www.amazon.com/dp/B0DF7F9QNG?tag=eloabder-20&linkCode=osi&th=1&psc=1">View Product</a></div>
<div class="product"><a href="https://www.amazon.com/dp/B01AKTFK6Y?tag=eloabder-20&linkCode=osi&th=1&psc=1"><img src="https://m.media-amazon.com/images/I/31ayy5SDEeL._SL500_.jpg" alt="Product Image"></a><p>Avalon Bottom Loading Water Cooler Water Dispenser with BioGuard- 3 Temperature Settings - Hot, Cold & Room Water, Durable Stainless Steel Construction, Anti-Microbial Coating- UL Listed</p><p> -11% 0FF </p><p>$177.05</p><a href="https://www.amazon.com/dp/B01AKTFK6Y?tag=eloabder-20&linkCode=osi&th=1&psc=1">View Product</a></div><div class="product"><a href="https://www.amazon.com/dp/B06XJ86F7L?tag=eloabder-20&linkCode=osi&th=1&psc=1"><img src="https://m.media-amazon.com/images/I/41ZROGKK8KL._SL500_.jpg" alt="Product Image"></a><p>Avalon Self Cleaning Bottleless Water Cooler Water Dispenser - 3 Temperature Settings - Hot, Cold & Room Water, Durable Stainless Steel Cabinet, NSF Certified Filter- UL Listed</p><p> -33% 0FF </p><p>$199.99</p><a href="https://www.amazon.com/dp/B06XJ86F7L?tag=eloabder-20&linkCode=osi&th=1&psc=1">View Product</a></div><div class="product"><a href="https://www.amazon.com/dp/B01J1W7S34?tag=eloabder-20&linkCode=osi&th=1&psc=1"><img src="https://m.media-amazon.com/images/I/31-F2Hf3T3L._SL500_.jpg" alt="Product Image"></a><p>Avalon Limited Edition Self Cleaning Water Cooler Water Dispenser - 3 Temperature Settings - Hot, Cold & Room Water, Durable Stainless Steel Construction, Bottom Loading - UL Listed</p><p> -50% 0FF </p><p>$150.00</p><a href="https://www.amazon.com/dp/B01J1W7S34?tag=eloabder-20&linkCode=osi&th=1&psc=1">View Product</a></div><div class="product"><a href="https://www.amazon.com/dp/B0DK1BRVFH?tag=eloabder-20&linkCode=osi&th=1&psc=1"><img src="https://m.media-amazon.com/images/I/213Scb+FXHL._SL500_.jpg" alt="Product Image"></a><p>Tehanld Top Loading Water Cooler Dispenser Hot Cold & Cool Water Dispenser for 3 or 5 Gallon Bottles, Child Safety Lock, Simple Quite Design, Ideal for Home, Office, Living Room</p><p> -6% 0FF </p><p>$119.99</p><a href="https://www.amazon.com/dp/B0DK1BRVFH?tag=eloabder-20&linkCode=osi&th=1&psc=1">View Product</a></div>
<div class="product"><a href="https://www.amazon.com/dp/B0786TJC33?tag=eloabder-20&linkCode=osi&th=1&psc=1"><img src="https://m.media-amazon.com/images/I/41frLdkbpPL._SL500_.jpg" alt="Product Image"></a><p>hOmeLabs Beverage Refrigerator and Cooler - 120 Can Mini Fridge with Glass Door for Soda Beer or Wine - Small Drink Dispenser Machine for Office or Bar with Adjustable Removable Shelves</p><p> -14% 0FF </p><p>$299.99</p><a href="https://www.amazon.com/dp/B0786TJC33?tag=eloabder-20&linkCode=osi&th=1&psc=1">View Product</a></div><div class="product"><a href="https://www.amazon.com/dp/B07F9PH82Z?tag=eloabder-20&linkCode=osi&th=1&psc=1"><img src="https://m.media-amazon.com/images/I/41DBsObCijL._SL500_.jpg" alt="Product Image"></a><p>Antarctic Star 26 Bottle 130 Can Wine Cooler/Cabinet Beverage Refrigerator Mini Wine Cellar Beer Soda Clear Glass Door Bar Fridge Quiet Compressor Adjust Temp Freestanding Indoor Use 3.2cu.ft Black</p><p> -7% 0FF </p><p>$249.98</p><a href="https://www.amazon.com/dp/B07F9PH82Z?tag=eloabder-20&linkCode=osi&th=1&psc=1">View Product</a></div><div class="product"><a href="https://www.amazon.com/dp/B0C1S3RB9Q?tag=eloabder-20&linkCode=osi&th=1&psc=1"><img src="https://m.media-amazon.com/images/I/519o+StfLML._SL500_.jpg" alt="Product Image"></a><p>Antarctic Star Beverage Refrigerator Cooler 68 Can, Mini Fridge with Glass Door for Beer Drinks Wine,Freestanding Small Fridge with Electronic Temperature Control for Home and Bar,1.7 cu.ft</p><p> -10% 0FF </p><p>$152.99</p><a href="https://www.amazon.com/dp/B0C1S3RB9Q?tag=eloabder-20&linkCode=osi&th=1&psc=1">View Product</a></div>
<div class="product"><a href="https://www.amazon.com/dp/B0864P1L3Y?tag=eloabder-20&linkCode=osi&th=1&psc=1"><img src="https://m.media-amazon.com/images/I/41YjtUvRvIL._SL500_.jpg" alt="Product Image"></a><p>Ivation 18 Bottle Compressor Wine Cooler Refrigerator w/Lock, Large Freestanding Wine Cellar For Red, White, Champagne or Sparkling Wine, 41f-64f Digital Temperature Control Fridge Glass Door Black</p><p> -32% 0FF </p><p>$224.99</p><a href="https://www.amazon.com/dp/B0864P1L3Y?tag=eloabder-20&linkCode=osi&th=1&psc=1">View Product</a></div><div class="product"><a href="https://www.amazon.com/dp/B0C2F2JY88?tag=eloabder-20&linkCode=osi&th=1&psc=1"><img src="https://m.media-amazon.com/images/I/41CVJtUWA9L._SL500_.jpg" alt="Product Image"></a><p>DUURA Elite DE430WCDZSS Wine Cooler Designer Series Dual-Zone, 46-Bottle, Metallic</p><p> -10% 0FF </p><p>$262.81</p><a href="https://www.amazon.com/dp/B0C2F2JY88?tag=eloabder-20&linkCode=osi&th=1&psc=1">View Product</a></div>
<div class="product"><a href="https://www.amazon.com/dp/B0C4NH7Q1Z?tag=eloabder-20&linkCode=osi&th=1&psc=1"><img src="https://m.media-amazon.com/images/I/41huzzh73qL._SL500_.jpg" alt="Product Image"></a><p>VEVOR Beer Kegerator, Single Tap Draft Beer Dispenser, Full Size Keg Refrigerator With Shelves, CO2 Cylinder, Drip Tray & Rail, 32°F- 50°F Temperature Control, Holds 1/6, 1/4, 1/2 Barrels, Black</p><p> -14% 0FF </p><p>$528.27</p><a href="https://www.amazon.com/dp/B0C4NH7Q1Z?tag=eloabder-20&linkCode=osi&th=1&psc=1">View Product</a></div><div class="product"><a href="https://www.amazon.com/dp/B0170O0D82?tag=eloabder-20&linkCode=osi&th=1&psc=1"><img src="https://m.media-amazon.com/images/I/31niLclMC1L._SL500_.jpg" alt="Product Image"></a><p>EdgeStar KC2000TWIN Full Size Dual Tap Kegerator & Draft Beer Dispenser - Black</p><p> -7% 0FF </p><p>$719.00</p><a href="https://www.amazon.com/dp/B0170O0D82?tag=eloabder-20&linkCode=osi&th=1&psc=1">View Product</a></div><div class="product"><a href="https://www.amazon.com/dp/B00E7N4CXM?tag=eloabder-20&linkCode=osi&th=1&psc=1"><img src="https://m.media-amazon.com/images/I/31tI6VySYqL._SL500_.jpg" alt="Product Image"></a><p>Kegco K309B-1 Kegerator Black, 2 Faucet</p><p> -9% 0FF </p><p>$828.14</p><a href="https://www.amazon.com/dp/B00E7N4CXM?tag=eloabder-20&linkCode=osi&th=1&psc=1">View Product</a></div><div class="product"><a href="https://www.amazon.com/dp/B00E93XXZ8?tag=eloabder-20&linkCode=osi&th=1&psc=1"><img src="https://m.media-amazon.com/images/I/31K6I3DKW6L._SL500_.jpg" alt="Product Image"></a><p>Kegco K309SS-1 Keg Dispenser, Stainless Steel</p><p> -5% 0FF </p><p>$845.33</p><a href="https://www.amazon.com/dp/B00E93XXZ8?tag=eloabder-20&linkCode=osi&th=1&psc=1">View Product</a></div>
<div class="product"><a href="https://www.amazon.com/dp/B0D78LGPXY?tag=eloabder-20&linkCode=osi&th=1&psc=1"><img src="https://m.media-amazon.com/images/I/41bekd23sDL._SL500_.jpg" alt="Product Image"></a><p>ikare Manual Trash Compactor for 60-100L Bins, Trash Compactor for Kitchen, Portable Small Trash Compactor, Waste Bin Compactor for Fast Food Restaurant</p><p> -34% 0FF </p><p>$38.99</p><a href="https://www.amazon.com/dp/B0D78LGPXY?tag=eloabder-20&linkCode=osi&th=1&psc=1">View Product</a></div><div class="product"><a href="https://www.amazon.com/dp/B075DJ4ZVQ?tag=eloabder-20&linkCode=osi&th=1&psc=1"><img src="https://m.media-amazon.com/images/I/51Vaek4I89L._SL500_.jpg" alt="Product Image"></a><p>Dano Pre-Cuffed Compactor Bags</p><p> -18% 0FF </p><p>$32.95 ($2.75 / Count)</p><a href="https://www.amazon.com/dp/B075DJ4ZVQ?tag=eloabder-20&linkCode=osi&th=1&psc=1">View Product</a></div>
<div class="product"><a href="https://www.amazon.com/dp/B07HJS45XQ?tag=eloabder-20&linkCode=osi&th=1&psc=1"><img src="https://m.media-amazon.com/images/I/31NTMREf9kL._SL500_.jpg" alt="Product Image"></a><p>iRobot Authentic Replacement Parts - 3 Count (Pack of 1) Dirt Disposal Bags Compatible with Roomba Clean Base Models i1+, i3+, i4+, i5+, i7+, i8+, Combo j8+, j9+</p><p> -15% 0FF </p><p>$14.43 ($4.81 / Count)</p><a href="https://www.amazon.com/dp/B07HJS45XQ?tag=eloabder-20&linkCode=osi&th=1&psc=1">View Product</a></div><div class="product"><a href="https://www.amazon.com/dp/B09CV3QGF2?tag=eloabder-20&linkCode=osi&th=1&psc=1"><img src="https://m.media-amazon.com/images/I/31VQqEzbeJL._SL500_.jpg" alt="Product Image"></a><p>iRobot Authentic Replacement Parts - Replenishment Kit for Roomba e, i, and j Series and Roomba Combo i5 and j5 Series, Not Compatible with Roomba Combo j7+ or Roomba Combo j9+</p><p> -51% 0FF </p><p>$31.57</p><a href="https://www.amazon.com/dp/B09CV3QGF2?tag=eloabder-20&linkCode=osi&th=1&psc=1">View Product</a></div><div class="product"><a href="https://www.amazon.com/dp/B07C4SGM54?tag=eloabder-20&linkCode=osi&th=1&psc=1"><img src="https://m.media-amazon.com/images/I/41ZWLocYKkL._SL500_.jpg" alt="Product Image"></a><p>iRobot 4502233 Robot Vacuum, Black</p><p> -6% 0FF </p><p>$84.50</p><a href="https://www.amazon.com/dp/B07C4SGM54?tag=eloabder-20&linkCode=osi&th=1&psc=1">View Product</a></div>
<div class="product"><a href="https://www.amazon.com/dp/B01NHEU1DJ?tag=eloabder-20&linkCode=osi&th=1&psc=1"><img src="https://m.media-amazon.com/images/I/21CK7T8v9HS._SL500_.jpg" alt="Product Image"></a><p>BLACK+DECKER HFS115J10 Lithium Floor Sweeper 50 Min Lithium Floor Sweeper, Powder White</p><p> -30% 0FF </p><p>$34.81</p><a href="https://www.amazon.com/dp/B01NHEU1DJ?tag=eloabder-20&linkCode=osi&th=1&psc=1">View Product</a></div>
<div class="product"><a href="https://www.amazon.com/dp/B088M3G7QH?tag=eloabder-20&linkCode=osi&th=1&psc=1"><img src="https://m.media-amazon.com/images/I/41qSwWLksEL._SL500_.jpg" alt="Product Image"></a><p>Yocada Carpet Sweeper Cleaner for Home Office Low Carpets Rugs Undercoat Carpets Pet Hair Dust Scraps Paper Small Rubbish Cleaning with a Brush Green</p><p> -13% 0FF </p><p>$25.99</p><a href="https://www.amazon.com/dp/B088M3G7QH?tag=eloabder-20&linkCode=osi&th=1&psc=1">View Product</a></div><div class="product"><a href="https://www.amazon.com/dp/B087M125SV?tag=eloabder-20&linkCode=osi&th=1&psc=1"><img src="https://m.media-amazon.com/images/I/31FnLu2oAAL._SL500_.jpg" alt="Product Image"></a><p>JEHONN Carpet Floor Sweeper with Horsehair, Non Electric Manual Sweeping, Rotor Brush Heavy Duty for Pet Hair Clean</p><p> -22% 0FF </p><p>$24.99</p><a href="https://www.amazon.com/dp/B087M125SV?tag=eloabder-20&linkCode=osi&th=1&psc=1">View Product</a></div><div class="product"><a href="https://www.amazon.com/dp/B07HGWZ7LG?tag=eloabder-20&linkCode=osi&th=1&psc=1"><img src="https://m.media-amazon.com/images/I/31-FhS9ID4L._SL500_.jpg" alt="Product Image"></a><p>Dttery 3 Post + 3 Foam & Felt Filters Kit Replacement for Shark Rocket Ultra-Light Vacuum HV292, HV300, HV300W, HV301, HV302, HV303, HV305, HV308, HV310, UV450 Part XFFV300</p><p> -25% 0FF </p><p>$11.97 ($3.99 / Count)</p><a href="https://www.amazon.com/dp/B07HGWZ7LG?tag=eloabder-20&linkCode=osi&th=1&psc=1">View Product</a></div>
<div class="product"><a href="https://www.amazon.com/dp/B004FJTMO2?tag=eloabder-20&linkCode=osi&th=1&psc=1"><img src="https://m.media-amazon.com/images/I/41Y9YbOYswL._SL500_.jpg" alt="Product Image"></a><p>Collections Etc Grandma Upright Vacuum Cleaner Cover</p><p> -9% 0FF </p><p>$29.98</p><a href="https://www.amazon.com/dp/B004FJTMO2?tag=eloabder-20&linkCode=osi&th=1&psc=1">View Product</a></div><div class="product"><a href="https://www.amazon.com/dp/B00Q40F0S2?tag=eloabder-20&linkCode=osi&th=1&psc=1"><img src="https://m.media-amazon.com/images/I/41T1H0EditL._SL500_.jpg" alt="Product Image"></a><p>Kenmore 53294 6 Pack Type O HEPA Vacuum Bags for Upright Vacuums</p><p> -7% 0FF </p><p>$16.70 ($2.78 / Count)</p><a href="https://www.amazon.com/dp/B00Q40F0S2?tag=eloabder-20&linkCode=osi&th=1&psc=1">View Product</a></div><div class="product"><a href="https://www.amazon.com/dp/B00002N8DH?tag=eloabder-20&linkCode=osi&th=1&psc=1"><img src="https://m.media-amazon.com/images/I/31z6U7Xz5OL._SL500_.jpg" alt="Product Image"></a><p>Hoover Type Y Allergen Bags, for WindTunnel Vacuum Cleaners, 3-Pack, 4010100Y, White</p><p> -20% 0FF </p><p>$7.98 ($2.66 / Count)</p><a href="https://www.amazon.com/dp/B00002N8DH?tag=eloabder-20&linkCode=osi&th=1&psc=1">View Product</a></div>
<div class="product"><a href="https://www.amazon.com/dp/B0CXJ2LJP6?tag=eloabder-20&linkCode=osi&th=1&psc=1"><img src="https://m.media-amazon.com/images/I/41zVdymV5NL._SL500_.jpg" alt="Product Image"></a><p>5055 Vacuum Bags Replacement Fit for Kenmore Canister Type C/Q 50555 50558 50557 and Type C-5 C-18,16 Pack</p><p> -11% 0FF </p><p>$13.29</p><a href="https://www.amazon.com/dp/B0CXJ2LJP6?tag=eloabder-20&linkCode=osi&th=1&psc=1">View Product</a></div><div class="product"><a href="https://www.amazon.com/dp/B002BFSK6I?tag=eloabder-20&linkCode=osi&th=1&psc=1"><img src="https://m.media-amazon.com/images/I/41Z3T53G+sL._SL500_.jpg" alt="Product Image"></a><p>Vacuum Bare Surface Canister Floor Brush, Compatible with Kenmore</p><p> -55% 0FF </p><p>$8.99</p><a href="https://www.amazon.com/dp/B002BFSK6I?tag=eloabder-20&linkCode=osi&th=1&psc=1">View Product</a></div><div class="product"><a href="https://www.amazon.com/dp/B00TNDC09E?tag=eloabder-20&linkCode=osi&th=1&psc=1"><img src="https://m.media-amazon.com/images/I/41lChTXA+XL._SL500_.jpg" alt="Product Image"></a><p>Other 50104 Kenmore Vacuum Bag, Type C and Q, 8-Pack Genuine Original Equipment Manufacturer (OEM) Part</p><p> -14% 0FF </p><p>$12.67 ($1.58 / Count)</p><a href="https://www.amazon.com/dp/B00TNDC09E?tag=eloabder-20&linkCode=osi&th=1&psc=1">View Product</a></div><div class="product"><a href="https://www.amazon.com/dp/B00QGD3SBI?tag=eloabder-20&linkCode=osi&th=1&psc=1"><img src="https://m.media-amazon.com/images/I/51xw0asyqTL._SL500_.jpg" alt="Product Image"></a><p>EnviroCare Replacement Vacuum Bags made to fit Kenmore Canister Type C or Q 50555, 50558, 50557 and Panasonic Type C-5 Vacuums, 9 pack</p><p> -11% 0FF </p><p>$9.79</p><a href="https://www.amazon.com/dp/B00QGD3SBI?tag=eloabder-20&linkCode=osi&th=1&psc=1">View Product</a></div><div class="product"><a href="https://www.amazon.com/dp/B09PC16J91?tag=eloabder-20&linkCode=osi&th=1&psc=1"><img src="https://m.media-amazon.com/images/I/41rz-xT6tIL._SL500_.jpg" alt="Product Image"></a><p>Compatible with Kenmore 53292 Type Q - C HEPA Canister Vacuum Bags,6-Pack (white)</p><p> -24% 0FF </p><p>$22.89 ($3.82 / Count)</p><a href="https://www.amazon.com/dp/B09PC16J91?tag=eloabder-20&linkCode=osi&th=1&psc=1">View Product</a></div><div class="product"><a href="https://www.amazon.com/dp/B0CWTR85TZ?tag=eloabder-20&linkCode=osi&th=1&psc=1"><img src="https://m.media-amazon.com/images/I/41lmqedxXSL._SL500_.jpg" alt="Product Image"></a><p>20 Pack Style MM Vacuum Bags Compatible with Eureka Style MM Eureka Mighty Mite 3670 and 3680 Series Canister Vacuums, Replaces Part # 60295, 60295A, 60295B 60295C, 60296 & 60297A</p><p> -5% 0FF </p><p>$18.98</p><a href="https://www.amazon.com/dp/B0CWTR85TZ?tag=eloabder-20&linkCode=osi&th=1&psc=1">View Product</a></div>

<div class="product"><a href="https://www.amazon.com/dp/B07H3MYZLD?tag=eloabder-20&linkCode=osi&th=1&psc=1"><img src="https://m.media-amazon.com/images/I/511p6MPxQ0L._SL500_.jpg" alt="Product Image"></a><p>Flammi Steam Pocket Mop Replacement Pads for Shark S3500 Series S3501 S3601 S3550 S3901 SE450 S3801CO S3601D S2901 S2902 Steam Pocket Mop, 4 Pack</p><p> -23% 0FF </p><p>$16.97 ($4.24 / Count)</p><a href="https://www.amazon.com/dp/B07H3MYZLD?tag=eloabder-20&linkCode=osi&th=1&psc=1">View Product</a></div><div class="product"><a href="https://www.amazon.com/dp/B08S7283SJ?tag=eloabder-20&linkCode=osi&th=1&psc=1"><img src="https://m.media-amazon.com/images/I/41TAxpXWPLL._SL500_.jpg" alt="Product Image"></a><p>Steam & Go - Demineralized Water for Steam Cleaner, PVC-Free Floor Cleaner Liquid Compatible With Any Steam Mop, Ready-to-Use Multisurface Cleaner, Scented Mop Solution, Eucalyptus Mint, 32 oz</p><p> -35% 0FF </p><p>$12.99</p><a href="https://www.amazon.com/dp/B08S7283SJ?tag=eloabder-20&linkCode=osi&th=1&psc=1">View Product</a></div><div class="product"><a href="https://www.amazon.com/dp/B07GT9VB9X?tag=eloabder-20&linkCode=osi&th=1&psc=1"><img src="https://m.media-amazon.com/images/I/41IokheYtNL._SL500_.jpg" alt="Product Image"></a><p>6 Pack 1940 Bissell Steam Mop Pads for Bissell PowerFresh Steam Mop 1806 1544 1440 2075A 2685A 1940W 19404 Series, Model 19402 19408 1940a 1940f 1940q 1940t B0006 B0017, Part #5938#203-2633</p><p> -14% 0FF </p><p>$17.99 ($3.00 / Count)</p><a href="https://www.amazon.com/dp/B07GT9VB9X?tag=eloabder-20&linkCode=osi&th=1&psc=1">View Product</a></div><div class="product"><a href="https://www.amazon.com/dp/B09NM5T11N?tag=eloabder-20&linkCode=osi&th=1&psc=1"><img src="https://m.media-amazon.com/images/I/51p54JxUpYL._SL500_.jpg" alt="Product Image"></a><p>AIR U+ 8 Pack Replacement Steam Mop Pads for Shark S7001 S8001 S8201 S7201 S7000AMZ S7000 S7005 S7020 S7001C Steam Mop, Steam & Scrub All-in-One Scrubbing and Sanitizing, Dirt Grip Scrub Washable Pad</p><p> -20% 0FF </p><p>$17.99</p><a href="https://www.amazon.com/dp/B09NM5T11N?tag=eloabder-20&linkCode=osi&th=1&psc=1">View Product</a></div><div class="product"><a href="https://www.amazon.com/dp/B0CBC1HQQN?tag=eloabder-20&linkCode=osi&th=1&psc=1"><img src="https://m.media-amazon.com/images/I/51eAx7S-+2L._SL500_.jpg" alt="Product Image"></a><p>Upgraded Scrub Steam Mop Pad for Shark Steam Pocket Mop S3501 S3601 S2901 S2902 S3550 S3801 S3901 SE450 S3601D S3901D, Steam Mop Replacement Pads for All Hard Floors, 3 Pack</p><p> -5% 0FF </p><p>$18.99</p><a href="https://www.amazon.com/dp/B0CBC1HQQN?tag=eloabder-20&linkCode=osi&th=1&psc=1">View Product</a></div>
<div class="product"><a href="https://www.amazon.com/dp/B0D2QFVY7H?tag=eloabder-20&linkCode=osi&th=1&psc=1"><img src="https://m.media-amazon.com/images/I/417B7H+vvML._SL500_.jpg" alt="Product Image"></a><p>Kenmore KS1010 Deep Clean & Revitalize Pet Carpet Cleaner Formula, 64 oz, White, 64 Fl Oz</p><p> -13% 0FF </p><p>$19.99 ($0.31 / Fl Oz)</p><a href="https://www.amazon.com/dp/B0D2QFVY7H?tag=eloabder-20&linkCode=osi&th=1&psc=1">View Product</a></div><div class="product"><a href="https://www.amazon.com/dp/B07TN5DGP9?tag=eloabder-20&linkCode=osi&th=1&psc=1"><img src="https://m.media-amazon.com/images/I/41ObG6UBMvL._SL500_.jpg" alt="Product Image"></a><p>Eyliden Carpet Sweeper, Mini Size Lightweight Hand Push Carpet Sweepers - No Noise, Non-Electric - Easy Manual Sweeping, Automatic Compact Broom Only for Carpet Cleaning</p><p> -21% 0FF </p><p>$25.99</p><a href="https://www.amazon.com/dp/B07TN5DGP9?tag=eloabder-20&linkCode=osi&th=1&psc=1">View Product</a></div><div class="product"><a href="https://www.amazon.com/dp/B07R27JLKQ?tag=eloabder-20&linkCode=osi&th=1&psc=1"><img src="https://m.media-amazon.com/images/I/41Puyen2y4L._SL500_.jpg" alt="Product Image"></a><p>Bissell Pet Multi-Surface Febreze Freshness for Crosswave and Spinwave (64 oz), 22951, 64 Ounce, 64 Fl Oz</p><p> -5% 0FF </p><p>$17.99 ($0.28 / Fl Oz)</p><a href="https://www.amazon.com/dp/B07R27JLKQ?tag=eloabder-20&linkCode=osi&th=1&psc=1">View Product</a></div><div class="product"><a href="https://www.amazon.com/dp/B0D2RGW219?tag=eloabder-20&linkCode=osi&th=1&psc=1"><img src="https://m.media-amazon.com/images/I/41gD+82tnAL._SL500_.jpg" alt="Product Image"></a><p>Vacmaster Clean & Restore Carpet Cleaner Formula – CCS03</p><p> -25% 0FF </p><p>$14.99 ($0.23 / Fl Oz)</p><a href="https://www.amazon.com/dp/B0D2RGW219?tag=eloabder-20&linkCode=osi&th=1&psc=1">View Product</a></div>



<div class="product"><a href="https://www.amazon.com/dp/B00162723O?tag=eloabder-20&linkCode=osi&th=1&psc=1"><img src="https://m.media-amazon.com/images/I/31K5PNJ3AbL._SL500_.jpg" alt="Product Image"></a><p>A/C Safe AC-160 Universal Heavy Duty Window Air Conditioner Support</p><p> -47% 0FF </p><p>$24.99</p><a href="https://www.amazon.com/dp/B00162723O?tag=eloabder-20&linkCode=osi&th=1&psc=1">View Product</a></div>
<div class="product"><a href="https://www.amazon.com/dp/B0D3TMW987?tag=eloabder-20&linkCode=osi&th=1&psc=1"><img src="https://m.media-amazon.com/images/I/417Mm6n1nqL._SL500_.jpg" alt="Product Image"></a><p>HOXHA Portable Air Conditioner Hose with Insulated Hose Cover Warp 5.9 Inch AC Exhaust Vent Duct Hose with Sleeve Fit 5 Inch to 5.9 Inch Universal AC Tube Hose Kit Parts Accessories</p><p> -29% 0FF </p><p>$16.99</p><a href="https://www.amazon.com/dp/B0D3TMW987?tag=eloabder-20&linkCode=osi&th=1&psc=1">View Product</a></div><div class="product"><a href="https://www.amazon.com/dp/B093WC1936?tag=eloabder-20&linkCode=osi&th=1&psc=1"><img src="https://m.media-amazon.com/images/I/41+7dH1N4oS._SL500_.jpg" alt="Product Image"></a><p>Portable Air conditioner Window Kit, Adjustable Vertical/Horizontal Sliding Window Kit Plate for AC Unit, AC Window Vent Kit, AC Window Seal Suitable for 5.9” AC Exhaust Hose</p><p> -22% 0FF </p><p>$24.99</p><a href="https://www.amazon.com/dp/B093WC1936?tag=eloabder-20&linkCode=osi&th=1&psc=1">View Product</a></div><div class="product"><a href="https://www.amazon.com/dp/B08B5Y83XZ?tag=eloabder-20&linkCode=osi&th=1&psc=1"><img src="https://m.media-amazon.com/images/I/4162pkNHTYL._SL500_.jpg" alt="Product Image"></a><p>TURBRO Portable Air Conditioner Universal Exhaust Hose - 5.9 Inch Diameter, 78 Inch Length, Clockwise Thread</p><p> -17% 0FF </p><p>$19.99</p><a href="https://www.amazon.com/dp/B08B5Y83XZ?tag=eloabder-20&linkCode=osi&th=1&psc=1">View Product</a></div>
<div class="product"><a href="https://www.amazon.com/dp/B0CS3HRFLB?tag=eloabder-20&linkCode=osi&th=1&psc=1"><img src="https://m.media-amazon.com/images/I/31-rGPG7x2L._SL500_.jpg" alt="Product Image"></a><p>Eastrexon Mini Split Ground Stand, Adjustable Anti-Vibration Mini Split Stand w/ 400LBS Load Capacity, Heavy Duty AC Stand for 9,000-18,000 BTU Ductless Mini Split Air Conditioner Heat Pump</p><p> -11% 0FF </p><p>$79.99</p><a href="https://www.amazon.com/dp/B0CS3HRFLB?tag=eloabder-20&linkCode=osi&th=1&psc=1">View Product</a></div>
<div class="product"><a href="https://www.amazon.com/dp/B0D3DRYGSY?tag=eloabder-20&linkCode=osi&th=1&psc=1"><img src="https://m.media-amazon.com/images/I/41X8-PVRBjL._SL500_.jpg" alt="Product Image"></a><p>Air Conditioning Motor WZDK20-38G (ZKFP-20-8-6) OEM DC Brushless Fan Motor, 20W Inverter Air Conditioner Brushless DC Motor for Central air Conditioner, CCW 1300rpm DC280V 0.10A</p><p> -11% 0FF </p><p>$40.99</p><a href="https://www.amazon.com/dp/B0D3DRYGSY?tag=eloabder-20&linkCode=osi&th=1&psc=1">View Product</a></div><div class="product"><a href="https://www.amazon.com/dp/B0BQQZC7J8?tag=eloabder-20&linkCode=osi&th=1&psc=1"><img src="https://m.media-amazon.com/images/I/31BhDXXE59L._SL500_.jpg" alt="Product Image"></a><p>AKB73598009 Replace AC Remote Control Compatible with LG Dual Inverter Smart Window Air Conditioner LW1222IVSM LW1817IVSM LW2217IVSM LW1822IVSM LW2422IVSM LW1517IVSM LW1019IVSM</p><p> -8% 0FF </p><p>$11.94</p><a href="https://www.amazon.com/dp/B0BQQZC7J8?tag=eloabder-20&linkCode=osi&th=1&psc=1">View Product</a></div><div class="product"><a href="https://www.amazon.com/dp/B0D3DTXSVY?tag=eloabder-20&linkCode=osi&th=1&psc=1"><img src="https://m.media-amazon.com/images/I/41WKhBV4qfL._SL500_.jpg" alt="Product Image"></a><p>New Air Conditioning Motor (OEM) WZDK30-38G (RD-310-30-8T) DC Brushless Fan Motor, 30W Inverter air Conditioner Motor DC Motor for Conditioner,DC310V 0.14A 1300RPM CCW</p><p> -12% 0FF </p><p>$52.95</p><a href="https://www.amazon.com/dp/B0D3DTXSVY?tag=eloabder-20&linkCode=osi&th=1&psc=1">View Product</a></div>
<div class="product"><a href="https://www.amazon.com/dp/B0CNK7MSLC?tag=eloabder-20&linkCode=osi&th=1&psc=1"><img src="https://m.media-amazon.com/images/I/41R2RQNaV2L._SL500_.jpg" alt="Product Image"></a><p>Travel Electric Kettle Portable Small Kettle,Mini Hotel Camping Hot Water Boiler for Tea Coffee,4 Warmable Temperature Control,304 Stainless Steel& Auto Shut-Off& Boil Dry Protection(White,380ml)</p><p> -17% 0FF </p><p>$24.99</p><a href="https://www.amazon.com/dp/B0CNK7MSLC?tag=eloabder-20&linkCode=osi&th=1&psc=1">View Product</a></div>
<div class="product"><a href="https://www.amazon.com/dp/B08LZWP29P?tag=eloabder-20&linkCode=osi&th=1&psc=1"><img src="https://m.media-amazon.com/images/I/41NLuzzFW9L._SL500_.jpg" alt="Product Image"></a><p>Chromex Tankless Water Heater Descaling Solution | Highly Effective Descaler Restores Heating Efficiency, Quart, 32 fl oz (1)</p><p> -7% 0FF </p><p>$24.99</p><a href="https://www.amazon.com/dp/B08LZWP29P?tag=eloabder-20&linkCode=osi&th=1&psc=1">View Product</a></div><div class="product"><a href="https://www.amazon.com/dp/B0CQDCW3PT?tag=eloabder-20&linkCode=osi&th=1&psc=1"><img src="https://m.media-amazon.com/images/I/51UjKRV2nXL._SL500_.jpg" alt="Product Image"></a><p>CMI Inc - 3/4 Inch Tankless Water Heater Installation Kit – With Isolation Valves, Pressure Relief Valves, Ball Valves, and Inline Flush Parts – Cold & Hot Water Plumbing Repair Kit – FNPT X FNPT</p><p> -11% 0FF </p><p>$80.80</p><a href="https://www.amazon.com/dp/B0CQDCW3PT?tag=eloabder-20&linkCode=osi&th=1&psc=1">View Product</a></div>

<div class="product"><a href="https://www.amazon.com/dp/B0BPN7G43T?tag=eloabder-20&linkCode=osi&th=1&psc=1"><img src="https://m.media-amazon.com/images/I/413kXvvbUhL._SL500_.jpg" alt="Product Image"></a><p>Elite Gourmet EC008 Classic Stovetop Coffee Percolator, Glass Clear Brew Progress Knob, Cool-Touch Handle, Cordless Serve, 8-Cup, Stainless Steel</p><p> -8% 0FF </p><p>$23.07</p><a href="https://www.amazon.com/dp/B0BPN7G43T?tag=eloabder-20&linkCode=osi&th=1&psc=1">View Product</a></div><div class="product"><a href="https://www.amazon.com/dp/B09MMN1CCP?tag=eloabder-20&linkCode=osi&th=1&psc=1"><img src="https://m.media-amazon.com/images/I/31UyuaVNkbL._SL500_.jpg" alt="Product Image"></a><p>Elite Gourmet EC812 Electric 12-Cup Coffee Percolator with Keep Warm, Clear Brew Progress Knob Cool-Touch Handle Cord-less Serve, Stainless Steel</p><p> -23% 0FF </p><p>$36.99</p><a href="https://www.amazon.com/dp/B09MMN1CCP?tag=eloabder-20&linkCode=osi&th=1&psc=1">View Product</a></div><div class="product"><a href="https://www.amazon.com/dp/B0009PUQSM?tag=eloabder-20&linkCode=osi&th=1&psc=1"><img src="https://m.media-amazon.com/images/I/41maPldn1NL._SL500_.jpg" alt="Product Image"></a><p>Coleman Stainless Steel Coffee Percolator 12 Cup</p><p> -38% 0FF </p><p>$33.87</p><a href="https://www.amazon.com/dp/B0009PUQSM?tag=eloabder-20&linkCode=osi&th=1&psc=1">View Product</a></div>
<div class="product"><a href="https://www.amazon.com/dp/B0BTN3VYW9?tag=eloabder-20&linkCode=osi&th=1&psc=1"><img src="https://m.media-amazon.com/images/I/41Li6k0UIrL._SL500_.jpg" alt="Product Image"></a><p>De'Longhi TrueBrew Drip Coffee Maker, Built in Grinder, Single Serve, 8 oz to 24 oz, Hot or Iced Coffee, Stainless, CAM51025MB</p><p> -29% 0FF </p><p>$355.00</p><a href="https://www.amazon.com/dp/B0BTN3VYW9?tag=eloabder-20&linkCode=osi&th=1&psc=1">View Product</a></div><div class="product"><a href="https://www.amazon.com/dp/B09HDFLF2X?tag=eloabder-20&linkCode=osi&th=1&psc=1"><img src="https://m.media-amazon.com/images/I/41ttEVV0DhL._SL500_.jpg" alt="Product Image"></a><p>Cuisinart Single Serve Coffee Maker + Coffee Grinder, 48-Ounce Removable Reservoir, Black, DGB-2</p><p> -9% 0FF </p><p>$136.95</p><a href="https://www.amazon.com/dp/B09HDFLF2X?tag=eloabder-20&linkCode=osi&th=1&psc=1">View Product</a></div><div class="product"><a href="https://www.amazon.com/dp/B0D2MMGHM8?tag=eloabder-20&linkCode=osi&th=1&psc=1"><img src="https://m.media-amazon.com/images/I/41z2U4+t1fL._SL500_.jpg" alt="Product Image"></a><p>Gevi 10-Cup Drip Coffee Maker with Built-in Grinder, Programmable Brew Coffee Machine with Timer, Reusable Filter, 1.5L Water Tank, Coffee Pot, Warming Plate Burr Grinder Combo</p><p> -6% 0FF </p><p>$169.99</p><a href="https://www.amazon.com/dp/B0D2MMGHM8?tag=eloabder-20&linkCode=osi&th=1&psc=1">View Product</a></div><div class="product"><a href="https://www.amazon.com/dp/B000T9SCZ2?tag=eloabder-20&linkCode=osi&th=1&psc=1"><img src="https://m.media-amazon.com/images/I/51E3eEOPg7L._SL500_.jpg" alt="Product Image"></a><p>Cuisinart Grind & Brew 12 Cup Coffeemaker, Chrome</p><p> -11% 0FF </p><p>$189.81 ($15.82 / Count)</p><a href="https://www.amazon.com/dp/B000T9SCZ2?tag=eloabder-20&linkCode=osi&th=1&psc=1">View Product</a></div><div class="product"><a href="https://www.amazon.com/dp/B0CG2NLVPK?tag=eloabder-20&linkCode=osi&th=1&psc=1"><img src="https://m.media-amazon.com/images/I/41PlW5iZ9cL._SL500_.jpg" alt="Product Image"></a><p>Café Specialty Grind and Brew Coffee Maker, Single-Serve to 10-Cup Thermal Carafe, with Built-In Bean Grinder & Removable 75oz Water Reservoir, WiFi & Smart Connected, SCA Certified, Matte White</p><p> -19% 0FF </p><p>$267.99</p><a href="https://www.amazon.com/dp/B0CG2NLVPK?tag=eloabder-20&linkCode=osi&th=1&psc=1">View Product</a></div>
<div class="product"><a href="https://www.amazon.com/dp/B078NN17K3?tag=eloabder-20&linkCode=osi&th=1&psc=1"><img src="https://m.media-amazon.com/images/I/41MI7T21FgL._SL500_.jpg" alt="Product Image"></a><p>Keurig K-Elite Single Serve K-Cup Pod Coffee Maker, with Strength and Temperature Control, Iced Coffee Capability, 8 to 12oz Brew Size, Programmable, Brushed Slate</p><p> -37% 0FF </p><p>$119.00</p><a href="https://www.amazon.com/dp/B078NN17K3?tag=eloabder-20&linkCode=osi&th=1&psc=1">View Product</a></div><div class="product"><a href="https://www.amazon.com/dp/B0C25Y15TL?tag=eloabder-20&linkCode=osi&th=1&psc=1"><img src="https://m.media-amazon.com/images/I/41cX7EQf+HL._SL500_.jpg" alt="Product Image"></a><p>Ninja Pod & Grounds Specialty Single-Serve Coffee Maker, K-Cup Pod Compatible, Brews Grounds, Compact Design, Built-In Milk Frother, 56-oz. Reservoir, 6-oz. Cup to 24-oz. Mug Sizes, Black, PB051</p><p> -30% 0FF </p><p>$69.99</p><a href="https://www.amazon.com/dp/B0C25Y15TL?tag=eloabder-20&linkCode=osi&th=1&psc=1">View Product</a></div><div class="product"><a href="https://www.amazon.com/dp/B0892TW82K?tag=eloabder-20&linkCode=osi&th=1&psc=1"><img src="https://m.media-amazon.com/images/I/31vXpkWlRZL._SL500_.jpg" alt="Product Image"></a><p>Keurig K-Supreme Single Serve K-Cup Pod Coffee Maker, MultiStream Technology, 4 Brew Sizes, 66oz Dual-Position Removable Reservoir, Black</p><p> -41% 0FF </p><p>$99.99</p><a href="https://www.amazon.com/dp/B0892TW82K?tag=eloabder-20&linkCode=osi&th=1&psc=1">View Product</a></div><div class="product"><a href="https://www.amazon.com/dp/B014W1C2VM?tag=eloabder-20&linkCode=osi&th=1&psc=1"><img src="https://m.media-amazon.com/images/I/41lgFMhEj5L._SL500_.jpg" alt="Product Image"></a><p>Cuisinart Coffee Maker, Single Serve 72-Ounce Reservoir Coffee Machine, Programmable Brewing & Hot Water Dispenser, Stainless Steel, SS-10P1,Silver</p><p> -5% 0FF </p><p>$142.74</p><a href="https://www.amazon.com/dp/B014W1C2VM?tag=eloabder-20&linkCode=osi&th=1&psc=1">View Product</a></div><div class="product"><a href="https://www.amazon.com/dp/B083248S3B?tag=eloabder-20&linkCode=osi&th=1&psc=1"><img src="https://m.media-amazon.com/images/I/31AI86Z78OL._SL500_.jpg" alt="Product Image"></a><p>Keurig K-Slim Single Serve K-Cup Pod Coffee Maker, Multistream Technology, 3 Brew Sizes, Slim and Sleek Design, 46oz Removable Reservoir, Black</p><p> -38% 0FF </p><p>$79.99</p><a href="https://www.amazon.com/dp/B083248S3B?tag=eloabder-20&linkCode=osi&th=1&psc=1">View Product</a></div><div class="product"><a href="https://www.amazon.com/dp/B0BV9HKMNT?tag=eloabder-20&linkCode=osi&th=1&psc=1"><img src="https://m.media-amazon.com/images/I/41Nsl9jGGaL._SL500_.jpg" alt="Product Image"></a><p>Keurig K-Compact Single-Serve K-Cup Pod Coffee Maker, with 3 Brew Sizes, Smart Start Feature, 36oz Removable Reservoir, Black</p><p> -30% 0FF </p><p>$69.99</p><a href="https://www.amazon.com/dp/B0BV9HKMNT?tag=eloabder-20&linkCode=osi&th=1&psc=1">View Product</a></div>
<div class="product"><a href="https://www.amazon.com/dp/B085NLFY9F?tag=eloabder-20&linkCode=osi&th=1&psc=1"><img src="https://m.media-amazon.com/images/I/41shkY558zL._SL500_.jpg" alt="Product Image"></a><p>Taylor Swoden 12-Cup Programmable Coffee Maker, Regular & Strong Brew Drip Coffee Machine for Home and Office, Glass Carafe, Pause & Serve, Auto Shut Off, Black & Stainless Steel</p><p> -18% 0FF </p><p>$39.99</p><a href="https://www.amazon.com/dp/B085NLFY9F?tag=eloabder-20&linkCode=osi&th=1&psc=1">View Product</a></div><div class="product"><a href="https://www.amazon.com/dp/B07X43VXZV?tag=eloabder-20&linkCode=osi&th=1&psc=1"><img src="https://m.media-amazon.com/images/I/41H6O9zkknL._SL500_.jpg" alt="Product Image"></a><p>KRUPS Simply Brew 5 Cup Coffee Maker, Cold Brew, Drip Free & Keep Warm Functions, Stainless Steel Coffee Maker Silver and Black</p><p> -18% 0FF </p><p>$32.85</p><a href="https://www.amazon.com/dp/B07X43VXZV?tag=eloabder-20&linkCode=osi&th=1&psc=1">View Product</a></div>

<div class="product"><a href="https://www.amazon.com/dp/B0C7WTKWZN?tag=eloabder-20&linkCode=osi&th=1&psc=1"><img src="https://m.media-amazon.com/images/I/417z+KFuxAL._SL500_.jpg" alt="Product Image"></a><p>Ninja Programmable XL 14-Cup Coffee Maker PRO, 14-Cup Glass Carafe, Freshness Timer, with Permanent Filter, Black Stainless Steel, DCM201BK</p><p> -20% 0FF </p><p>$79.99</p><a href="https://www.amazon.com/dp/B0C7WTKWZN?tag=eloabder-20&linkCode=osi&th=1&psc=1">View Product</a></div><div class="product"><a href="https://www.amazon.com/dp/B0C2JK9Y8V?tag=eloabder-20&linkCode=osi&th=1&psc=1"><img src="https://m.media-amazon.com/images/I/4177Pg-DiWS._SL500_.jpg" alt="Product Image"></a><p>BLACK+DECKER 12 Cup Thermal Programmable Coffee Maker with Brew Strength and VORTEX Technology, Black/Steel</p><p> -14% 0FF </p><p>$60.00 ($5.00 / Count)</p><a href="https://www.amazon.com/dp/B0C2JK9Y8V?tag=eloabder-20&linkCode=osi&th=1&psc=1">View Product</a></div>
<div class="product"><a href="https://www.amazon.com/dp/B0CJ7DMVW6?tag=eloabder-20&linkCode=osi&th=1&psc=1"><img src="https://m.media-amazon.com/images/I/41Et+b9QSzL._SL500_.jpg" alt="Product Image"></a><p>Xylanor Cold Brew Coffee Maker Pitcher, 64 OZ Heavy Duty Glass Wide Mouth Mason Jar Pour Spout Airtight Lid with Stainless Steel Infuser Filter for Iced Coffee, Ice Tea, Brewed Making</p><p> -50% 0FF </p><p>$12.49</p><a href="https://www.amazon.com/dp/B0CJ7DMVW6?tag=eloabder-20&linkCode=osi&th=1&psc=1">View Product</a></div><div class="product"><a href="https://www.amazon.com/dp/B07C36HVWK?tag=eloabder-20&linkCode=osi&th=1&psc=1"><img src="https://m.media-amazon.com/images/I/31dPKeu1VqL._SL500_.jpg" alt="Product Image"></a><p>Takeya Patented Deluxe Cold Brew Coffee Maker with Black Lid Airtight Pitcher, 2 Quart, Black</p><p> -26% 0FF </p><p>$27.99</p><a href="https://www.amazon.com/dp/B07C36HVWK?tag=eloabder-20&linkCode=osi&th=1&psc=1">View Product</a></div><div class="product"><a href="https://www.amazon.com/dp/B086V1QXNM?tag=eloabder-20&linkCode=osi&th=1&psc=1"><img src="https://m.media-amazon.com/images/I/31BHMrB0QSL._SL500_.jpg" alt="Product Image"></a><p>Primula Burke Deluxe Cold Brew Iced Coffee Maker, Comfort Grip Handle, Durable Glass Carafe, Removable Mesh Filter, Perfect 6 Cup Size, Dishwasher Safe, 1.6 qt, Blue</p><p> -35% 0FF </p><p>$11.74</p><a href="https://www.amazon.com/dp/B086V1QXNM?tag=eloabder-20&linkCode=osi&th=1&psc=1">View Product</a></div><div class="product"><a href="https://www.amazon.com/dp/B0BNN7GGKR?tag=eloabder-20&linkCode=osi&th=1&psc=1"><img src="https://m.media-amazon.com/images/I/51p17-SYzvL._SL500_.jpg" alt="Product Image"></a><p>JunVpic Cold Brew Coffee Maker Jar - 64oz Thick Glass Multipurpose Mason Pitcher Spout Lid with Handle & Stainless Steel Filter for Iced Coffee, Lemonade, Ice Tea, Homemade Fruit Drinks Container</p><p> -5% 0FF </p><p>$18.98 ($18.98 / Count)</p><a href="https://www.amazon.com/dp/B0BNN7GGKR?tag=eloabder-20&linkCode=osi&th=1&psc=1">View Product</a></div><div class="product"><a href="https://www.amazon.com/dp/B0CGWS1M51?tag=eloabder-20&linkCode=osi&th=1&psc=1"><img src="https://m.media-amazon.com/images/I/410ZIkV0HFL._SL500_.jpg" alt="Product Image"></a><p>QHH Cold Brew Coffee Maker, 64 oz Wide Mouth Mason Jar Pitcher with Stainless Steel Filter, Pour Spout Handle Lid, Heavy Duty Glass Airtight & Leak-Proof Pitcher for iced coffee & Tea Lemonade</p><p> -20% 0FF </p><p>$18.49</p><a href="https://www.amazon.com/dp/B0CGWS1M51?tag=eloabder-20&linkCode=osi&th=1&psc=1">View Product</a></div><div class="product"><a href="https://www.amazon.com/dp/B0CVLJ2NQK?tag=eloabder-20&linkCode=osi&th=1&psc=1"><img src="https://m.media-amazon.com/images/I/51lQGHFBfPL._SL500_.jpg" alt="Product Image"></a><p>Zulay Kitchen 1 Gallon Cold Brew Coffee Maker - Large Iced Tea & Cold Brew Pitcher with Extra-Thick Glass & Stainless Steel Infuser - Cold Brew Coffee Maker with Airtight Lid & Spout (Silver)</p><p> -20% 0FF </p><p>$39.99</p><a href="https://www.amazon.com/dp/B0CVLJ2NQK?tag=eloabder-20&linkCode=osi&th=1&psc=1">View Product</a></div><div class="product"><a href="https://www.amazon.com/dp/B0D929JTC9?tag=eloabder-20&linkCode=osi&th=1&psc=1"><img src="https://m.media-amazon.com/images/I/41WA4B3VkCL._SL500_.jpg" alt="Product Image"></a><p>Cold Brew Coffee Maker,64oz Food Grade Glass Cold Brew Pitcher,Strong Sealing Cold Brew Maker With Fine Filter,Cold Brew Coffee Pitcher For Ice Tea&Fruit Drinks,Easy To Wash Iced Coffee Pitcher Grey</p><p> -27% 0FF </p><p>$15.99</p><a href="https://www.amazon.com/dp/B0D929JTC9?tag=eloabder-20&linkCode=osi&th=1&psc=1">View Product</a></div><div class="product"><a href="https://www.amazon.com/dp/B07VJJJ764?tag=eloabder-20&linkCode=osi&th=1&psc=1"><img src="https://m.media-amazon.com/images/I/41xKFEtM8EL._SL500_.jpg" alt="Product Image"></a><p>County Line Kitchen Glass Cold Brew Coffee Maker with Lid - Wide Mouth, 2 Quart (64 oz) - Heavy Duty, Leak Proof - Sun & Iced Tea Pitcher, Cold Brew Coffee, Breast Milk Storage, Water - Gray</p><p> -25% 0FF </p><p>$29.99</p><a href="https://www.amazon.com/dp/B07VJJJ764?tag=eloabder-20&linkCode=osi&th=1&psc=1">View Product</a></div><div class="product"><a href="https://www.amazon.com/dp/B0CKN6MCLD?tag=eloabder-20&linkCode=osi&th=1&psc=1"><img src="https://m.media-amazon.com/images/I/510bfugc5jL._SL500_.jpg" alt="Product Image"></a><p>DWTS DANWEITESI Cold Brew Coffee Maker 64 oz,2-Quart Wide Mouth Cold Brew Maker with Stainless Steel Cold Brew Filter-Mason Jar Pitcher with Lid and Spout for Coffee,Iced Coffee Accessories(Black)</p><p> -24% 0FF </p><p>$12.99</p><a href="https://www.amazon.com/dp/B0CKN6MCLD?tag=eloabder-20&linkCode=osi&th=1&psc=1">View Product</a></div>

<div class="product"><a href="https://www.amazon.com/dp/B099J3J6VJ?tag=eloabder-20&linkCode=osi&th=1&psc=1"><img src="https://m.media-amazon.com/images/I/41ecdckFeFL._SL500_.jpg" alt="Product Image"></a><p>Eurolux Percolator Coffee Maker Pot - 9 Cups | Durable Stainless Steel Material | Brew Coffee On Fire, Grill or Stovetop | No Electricity, No Bad Plastic Taste | Ideal for Home, Camping & Travel</p><p> -13% 0FF </p><p>$34.99 ($3.89 / Count)</p><a href="https://www.amazon.com/dp/B099J3J6VJ?tag=eloabder-20&linkCode=osi&th=1&psc=1">View Product</a></div><div class="product"><a href="https://www.amazon.com/dp/B0C9VW3N1X?tag=eloabder-20&linkCode=osi&th=1&psc=1"><img src="https://m.media-amazon.com/images/I/31YYKk0EaiL._SL500_.jpg" alt="Product Image"></a><p>Primula Stovetop Coffee Percolator, Premium Stainless Steel Coffee Maker with Reusable Filter Basket, Non-Drip Spout, Glass Knob Brew Indicator and Heat Resistant Handle, Dishwasher Safe, 8 Cup</p><p> -6% 0FF </p><p>$28.17</p><a href="https://www.amazon.com/dp/B0C9VW3N1X?tag=eloabder-20&linkCode=osi&th=1&psc=1">View Product</a></div><div class="product"><a href="https://www.amazon.com/dp/B0DFXBGKQW?tag=eloabder-20&linkCode=osi&th=1&psc=1"><img src="https://m.media-amazon.com/images/I/41HwFOR87NL._SL500_.jpg" alt="Product Image"></a><p>VERDETECH Glass Coffee Percolator - The Nonna | Non-Electric Borosilicate Glass & Stainless Steel | Eco-Friendly Coffee Gift | BPA Free | Stovetop Glass Percolator (1 Unit)</p><p> -14% 0FF </p><p>$59.99</p><a href="https://www.amazon.com/dp/B0DFXBGKQW?tag=eloabder-20&linkCode=osi&th=1&psc=1">View Product</a></div>

<div class="product"><a href="https://www.amazon.com/dp/B009PCI2JU?tag=eloabder-20&linkCode=osi&th=1&psc=1"><img src="https://m.media-amazon.com/images/I/319P4iuozKL._SL500_.jpg" alt="Product Image"></a><p>GE RPWFE Refrigerator Water Filter, Genuine Replacement Filter, Certified to Reduce Lead, Sulfur, and 50+ Other Impurities, Replace Every 6 Months for Best Results, Pack of 1</p><p> -11% 0FF </p><p>$49.00</p><a href="https://www.amazon.com/dp/B009PCI2JU?tag=eloabder-20&linkCode=osi&th=1&psc=1">View Product</a></div><div class="product"><a href="https://www.amazon.com/dp/B00UXG4WR8?tag=eloabder-20&linkCode=osi&th=1&psc=1"><img src="https://m.media-amazon.com/images/I/317c+XdM3jL._SL500_.jpg" alt="Product Image"></a><p>everydrop by Whirlpool Ice and Water Refrigerator Filter 1, EDR1RXD1, Single-Pack , Purple</p><p> -30% 0FF </p><p>$41.99</p><a href="https://www.amazon.com/dp/B00UXG4WR8?tag=eloabder-20&linkCode=osi&th=1&psc=1">View Product</a></div><div class="product"><a href="https://www.amazon.com/dp/B0882ZJ48W?tag=eloabder-20&linkCode=osi&th=1&psc=1"><img src="https://m.media-amazon.com/images/I/31sBIpG9D+L._SL500_.jpg" alt="Product Image"></a><p>GE XWFE Refrigerator Water Filter, Genuine Replacement Filter, Certified to Reduce Lead, Sulfur, and 50+ Other Impurities, Replace Every 6 Months for Best Results, Pack of 1</p><p> -9% 0FF </p><p>$49.95</p><a href="https://www.amazon.com/dp/B0882ZJ48W?tag=eloabder-20&linkCode=osi&th=1&psc=1">View Product</a></div><div class="product"><a href="https://www.amazon.com/dp/B08V6JB9R7?tag=eloabder-20&linkCode=osi&th=1&psc=1"><img src="https://m.media-amazon.com/images/I/31f6HhVENHL._SL500_.jpg" alt="Product Image"></a><p>Frigidaire FPPWFU01 PurePour PWF-1 Water Filter 1 Count (Pack of 1)</p><p> -28% 0FF </p><p>$38.99</p><a href="https://www.amazon.com/dp/B08V6JB9R7?tag=eloabder-20&linkCode=osi&th=1&psc=1">View Product</a></div><div class="product"><a href="https://www.amazon.com/dp/B074HLRXMP?tag=eloabder-20&linkCode=osi&th=1&psc=1"><img src="https://m.media-amazon.com/images/I/21pHfBmff3L._SL500_.jpg" alt="Product Image"></a><p>LG LT1000P - 6 Month / 200 Gallon Capacity Replacement Refrigerator Water Filter (NSF42, NSF53, and NSF401) ADQ74793501, ADQ75795105, AGF80300704, or AGF80300705 White</p><p> -19% 0FF </p><p>$44.59</p><a href="https://www.amazon.com/dp/B074HLRXMP?tag=eloabder-20&linkCode=osi&th=1&psc=1">View Product</a></div><div class="product"><a href="https://www.amazon.com/dp/B01BKWSHHE?tag=eloabder-20&linkCode=osi&th=1&psc=1"><img src="https://m.media-amazon.com/images/I/31le9xXAImL._SL500_.jpg" alt="Product Image"></a><p>Frigidaire EPTWFU01 Water Filtration Filter, 1 Count, White</p><p> -8% 0FF </p><p>$49.00</p><a href="https://www.amazon.com/dp/B01BKWSHHE?tag=eloabder-20&linkCode=osi&th=1&psc=1">View Product</a></div><div class="product"><a href="https://www.amazon.com/dp/B00VBP8QPO?tag=eloabder-20&linkCode=osi&th=1&psc=1"><img src="https://m.media-amazon.com/images/I/31NokdYCZOL._SL500_.jpg" alt="Product Image"></a><p>Everydrop by Whirlpool Ice and Water Refrigerator Filter 2, EDR2RXD1, Single-Pack</p><p> -20% 0FF </p><p>$47.99</p><a href="https://www.amazon.com/dp/B00VBP8QPO?tag=eloabder-20&linkCode=osi&th=1&psc=1">View Product</a></div><div class="product"><a href="https://www.amazon.com/dp/B00UB38V2A?tag=eloabder-20&linkCode=osi&th=1&psc=1"><img src="https://m.media-amazon.com/images/I/317IAqOtFtL._SL500_.jpg" alt="Product Image"></a><p>everydrop by Whirlpool Ice and Water Refrigerator Filter 4, EDR4RXD1, Single-Pack</p><p> -23% 0FF </p><p>$46.32 ($27.09 / Pound)</p><a href="https://www.amazon.com/dp/B00UB38V2A?tag=eloabder-20&linkCode=osi&th=1&psc=1">View Product</a></div><div class="product"><a href="https://www.amazon.com/dp/B071NFVVNG?tag=eloabder-20&linkCode=osi&th=1&psc=1"><img src="https://m.media-amazon.com/images/I/41uJIz7wOSL._SL500_.jpg" alt="Product Image"></a><p>SAMSUNG Genuine Filter for Refrigerator Water and Ice, Carbon Block Filtration, Reduces 99% of Harmful Contaminants for Clean, Clear Drinking Water, 6-Month Life, HAF-QIN/EXP, 1 Pack</p><p> -30% 0FF </p><p>$34.99</p><a href="https://www.amazon.com/dp/B071NFVVNG?tag=eloabder-20&linkCode=osi&th=1&psc=1">View Product</a></div><div class="product"><a href="https://www.amazon.com/dp/B0045LLC7K?tag=eloabder-20&linkCode=osi&th=1&psc=1"><img src="https://m.media-amazon.com/images/I/61KMsxTZCzL._SL500_.jpg" alt="Product Image"></a><p>Frigidaire WF3CB Puresource3 Refrigerator Water Filter , White, 1 Count (Pack of 1)</p><p> -12% 0FF </p><p>$42.00</p><a href="https://www.amazon.com/dp/B0045LLC7K?tag=eloabder-20&linkCode=osi&th=1&psc=1">View Product</a></div>
<div class="product"><a href="https://www.amazon.com/dp/B0CCK33WLB?tag=eloabder-20&linkCode=osi&th=1&psc=1"><img src="https://m.media-amazon.com/images/I/41EyKRnAWNL._SL500_.jpg" alt="Product Image"></a><p>Ninja Thirsti Drink System, Soda Maker, Create Unique Sparkling & Still Drinks, Personalize Size & Flavor, Carbonated Water Machine, 60L CO2 Cylinder & Variety of Flavored Water Drops, Black WC1001</p><p> -44% 0FF </p><p>$99.99</p><a href="https://www.amazon.com/dp/B0CCK33WLB?tag=eloabder-20&linkCode=osi&th=1&psc=1">View Product</a></div><div class="product"><a href="https://www.amazon.com/dp/B09K81HGGD?tag=eloabder-20&linkCode=osi&th=1&psc=1"><img src="https://m.media-amazon.com/images/I/41iyFiXEpmL._SL500_.jpg" alt="Product Image"></a><p>PHILIPS Sparkling Water Maker Soda Maker Soda Streaming Machine for Carbonating with 1L Carbonating Bottle, Seltzer Fizzy Water Maker, Compatible with Any Screw-in 60L CO2 Carbonator(NOT Included)</p><p> -20% 0FF </p><p>$53.97 ($53.97 / Count)</p><a href="https://www.amazon.com/dp/B09K81HGGD?tag=eloabder-20&linkCode=osi&th=1&psc=1">View Product</a></div><div class="product"><a href="https://www.amazon.com/dp/B08HR72YN1?tag=eloabder-20&linkCode=osi&th=1&psc=1"><img src="https://m.media-amazon.com/images/I/41m9KO8snqL._SL500_.jpg" alt="Product Image"></a><p>aarke - Carbonator III Premium Carbonator-Sparkling & Seltzer Water Maker-Soda Maker with PET Bottle (Stainless Steel)</p><p> -16% 0FF </p><p>$189.99</p><a href="https://www.amazon.com/dp/B08HR72YN1?tag=eloabder-20&linkCode=osi&th=1&psc=1">View Product</a></div><div class="product"><a href="https://www.amazon.com/dp/B01MAVUI17?tag=eloabder-20&linkCode=osi&th=1&psc=1"><img src="https://m.media-amazon.com/images/I/31hwDO28c+L._SL500_.jpg" alt="Product Image"></a><p>iSi North America Soda Siphon Classic Mesh Sodamaker for Making Carbonating Beverages, 1 Quart, Stainless Steel,Silver</p><p> -27% 0FF </p><p>$91.24</p><a href="https://www.amazon.com/dp/B01MAVUI17?tag=eloabder-20&linkCode=osi&th=1&psc=1">View Product</a></div><div class="product"><a href="https://www.amazon.com/dp/B097TD8V5P?tag=eloabder-20&linkCode=osi&th=1&psc=1"><img src="https://m.media-amazon.com/images/I/41waAUN4cYL._SL500_.jpg" alt="Product Image"></a><p>SodaStream Terra Sparkling Water Maker (Black) with CO2 and DWS Bottle</p><p> -18% 0FF </p><p>$81.99</p><a href="https://www.amazon.com/dp/B097TD8V5P?tag=eloabder-20&linkCode=osi&th=1&psc=1">View Product</a></div><div class="product"><a href="https://www.amazon.com/dp/B0CG8W3YTG?tag=eloabder-20&linkCode=osi&th=1&psc=1"><img src="https://m.media-amazon.com/images/I/41o-dYH8ZFL._SL500_.jpg" alt="Product Image"></a><p>spoonlemon Sparkling Water Maker,Soda Streaming Machine for Home Use, Carbonated Water Machine with BPA Free 1L PET Bottle, Compatible with Any Screw-in 60L CO2 Exchange Carbonator, Black</p><p> -40% 0FF </p><p>$29.99</p><a href="https://www.amazon.com/dp/B0CG8W3YTG?tag=eloabder-20&linkCode=osi&th=1&psc=1">View Product</a></div>
<div class="product"><a href="https://www.amazon.com/dp/B0CNV1ZVFY?tag=eloabder-20&linkCode=osi&th=1&psc=1"><img src="https://m.media-amazon.com/images/I/51-GQToXwtL._SL500_.jpg" alt="Product Image"></a><p>Zulay Powerful Milk Frother (4 Duracell Batteries Included) - Handheld Milk Frother Wand Drink Mixer for Coffee - Powerful Milk Foamer for Cappuccino, Frappe, Matcha & Coffee Creamer - Black</p><p> -27% 0FF </p><p>$15.99</p><a href="https://www.amazon.com/dp/B0CNV1ZVFY?tag=eloabder-20&linkCode=osi&th=1&psc=1">View Product</a></div><div class="product"><a href="https://www.amazon.com/dp/B0CQS3ZS76?tag=eloabder-20&linkCode=osi&th=1&psc=1"><img src="https://m.media-amazon.com/images/I/41Qi-eOYOAL._SL500_.jpg" alt="Product Image"></a><p>5-in-1 Milk Frother and Steamer - Upgraded Automatic Milk Steamer 11.8oz Hot & Cold Foam Maker and Milk Warmer with LED Display Touch Screen & Two Whisks for Latte,Cappuccinos,Silent Working</p><p> -20% 0FF </p><p>$36.98</p><a href="https://www.amazon.com/dp/B0CQS3ZS76?tag=eloabder-20&linkCode=osi&th=1&psc=1">View Product</a></div><div class="product"><a href="https://www.amazon.com/dp/B0CT43RWPQ?tag=eloabder-20&linkCode=osi&th=1&psc=1"><img src="https://m.media-amazon.com/images/I/3113HSHcJUL._SL500_.jpg" alt="Product Image"></a><p>Keurig® SimpleCafé Milk Frother</p><p> -20% 0FF </p><p>$23.99</p><a href="https://www.amazon.com/dp/B0CT43RWPQ?tag=eloabder-20&linkCode=osi&th=1&psc=1">View Product</a></div>
<div class="product"><a href="https://www.amazon.com/dp/B00ZGCKLE2?tag=eloabder-20&linkCode=osi&th=1&psc=1"><img src="https://m.media-amazon.com/images/I/31i6YnOvfAL._SL500_.jpg" alt="Product Image"></a><p>DASH Deluxe Rapid Egg Cooker for Hard Boiled, Poached, Scrambled Eggs, Omelets, Steamed Vegetables, Dumplings & More, 12 capacity, with Auto Shut Off Feature - Black</p><p> -8% 0FF </p><p>$22.94</p><a href="https://www.amazon.com/dp/B00ZGCKLE2?tag=eloabder-20&linkCode=osi&th=1&psc=1">View Product</a></div><div class="product"><a href="https://www.amazon.com/dp/B09YFBKGCS?tag=eloabder-20&linkCode=osi&th=1&psc=1"><img src="https://m.media-amazon.com/images/I/31eiNcNseHL._SL500_.jpg" alt="Product Image"></a><p>Elite Gourmet Easy Electric 7 Egg Capacity Soft, Medium, Hard-Boiled Cooker Poacher, Scrambled, Omelet Maker with Auto Shut-Off and Buzzer, BPA Free</p><p> -7% 0FF </p><p>$13.99</p><a href="https://www.amazon.com/dp/B09YFBKGCS?tag=eloabder-20&linkCode=osi&th=1&psc=1">View Product</a></div>
<div class="product"><a href="https://www.amazon.com/dp/B0D69JWL18?tag=eloabder-20&linkCode=osi&th=1&psc=1"><img src="https://m.media-amazon.com/images/I/41kYQfIKwhL._SL500_.jpg" alt="Product Image"></a><p>Electric Meat Grinder, Sausage Stuffer Maker 450W(3000W Max) Food Grinder with Blade & 3 Plates, Sausage Stuffer Tubes & Kubbe Kit, Stainless Steel Heavy Duty Meat Mincer Machine for Home Kitchen Use</p><p> -15% 0FF </p><p>$68.99</p><a href="https://www.amazon.com/dp/B0D69JWL18?tag=eloabder-20&linkCode=osi&th=1&psc=1">View Product</a></div>
<div class="product"><a href="https://www.amazon.com/dp/B0DFMVWB9L?tag=eloabder-20&linkCode=osi&th=1&psc=1"><img src="https://m.media-amazon.com/images/I/419rFpp0fLL._SL500_.jpg" alt="Product Image"></a><p>Dough Mixer 7L Large Capacity Electric Dough Maker with Ferment Function for Baking Bread Dough&Pizza Dough - Dough whisk 304 Stainless Steel Blender Add water/seasoning with Top Small Window</p><p> -33% 0FF </p><p>$93.99</p><a href="https://www.amazon.com/dp/B0DFMVWB9L?tag=eloabder-20&linkCode=osi&th=1&psc=1">View Product</a></div><div class="product"><a href="https://www.amazon.com/dp/B09BVDKSTN?tag=eloabder-20&linkCode=osi&th=1&psc=1"><img src="https://m.media-amazon.com/images/I/41Y7r4SvteL._SL500_.jpg" alt="Product Image"></a><p>Kitchen in the box Stand Mixer,3.2Qt Small Electric Food Mixer,6 Speeds Portable Lightweight Kitchen Mixer for Daily Use with Egg Whisk,Dough Hook,Flat Beater (Blue)</p><p> -20% 0FF </p><p>$79.99</p><a href="https://www.amazon.com/dp/B09BVDKSTN?tag=eloabder-20&linkCode=osi&th=1&psc=1">View Product</a></div><div class="product"><a href="https://www.amazon.com/dp/B0DDT7GKZS?tag=eloabder-20&linkCode=osi&th=1&psc=1"><img src="https://m.media-amazon.com/images/I/41l9zrpiWsL._SL500_.jpg" alt="Product Image"></a><p>Electric Dough Maker with Ferment Function, 5L(5.2QT) Dough Mixer Machine with 304 Stainless Steel Bowl, Microcomputer Timing, Kitchen Stand Mixers, Household Flour Kneading Machine for Pizza Bread</p><p> -10% 0FF </p><p>$89.99</p><a href="https://www.amazon.com/dp/B0DDT7GKZS?tag=eloabder-20&linkCode=osi&th=1&psc=1">View Product</a></div>
<div class="product"><a href="https://www.amazon.com/dp/B006N453NQ?tag=eloabder-20&linkCode=osi&th=1&psc=1"><img src="https://m.media-amazon.com/images/I/311EqpHCn9L._SL500_.jpg" alt="Product Image"></a><p>IMUSA USA Tortilla Press, 8 Inch, Silver</p><p> -38% 0FF </p><p>$12.39</p><a href="https://www.amazon.com/dp/B006N453NQ?tag=eloabder-20&linkCode=osi&th=1&psc=1">View Product</a></div><div class="product"><a href="https://www.amazon.com/dp/B00455NTOU?tag=eloabder-20&linkCode=osi&th=1&psc=1"><img src="https://m.media-amazon.com/images/I/41OXJbbz3fL._SL500_.jpg" alt="Product Image"></a><p>CucinaPro Electric Tortilla Maker - 10" Pitas, Chapati, Roti, Flatbread, Non-Stick Cooking Plates with Ready Light and Cord Wrap</p><p> -12% 0FF </p><p>$61.65</p><a href="https://www.amazon.com/dp/B00455NTOU?tag=eloabder-20&linkCode=osi&th=1&psc=1">View Product</a></div><div class="product"><a href="https://www.amazon.com/dp/B00IFDGST6?tag=eloabder-20&linkCode=osi&th=1&psc=1"><img src="https://m.media-amazon.com/images/I/41gVmZedZML._SL500_.jpg" alt="Product Image"></a><p>Manual Corn Tortilla Maker by Monarca</p><p> -29% 0FF </p><p>$105.78</p><a href="https://www.amazon.com/dp/B00IFDGST6?tag=eloabder-20&linkCode=osi&th=1&psc=1">View Product</a></div><div class="product"><a href="https://www.amazon.com/dp/B0CRF6ZZDJ?tag=eloabder-20&linkCode=osi&th=1&psc=1"><img src="https://m.media-amazon.com/images/I/41NLGn3m6PL._SL500_.jpg" alt="Product Image"></a><p>10inch Roti Maker by StarBlue with FREE Roti Warmer and Removable Handle - The automatic Stainless Steel Non-Stick Electric machine to make Indian style Chapati, Tortilla, Roti AC 110V 50/60Hz 1200W</p><p> -13% 0FF </p><p>$69.99</p><a href="https://www.amazon.com/dp/B0CRF6ZZDJ?tag=eloabder-20&linkCode=osi&th=1&psc=1">View Product</a></div><div class="product"><a href="https://www.amazon.com/dp/B06XWNDKW7?tag=eloabder-20&linkCode=osi&th=1&psc=1"><img src="https://m.media-amazon.com/images/I/41nx+omSxCL._SL500_.jpg" alt="Product Image"></a><p>Made in Mexico Manual Corn Tortilla Maker GONZALEZ Maquina Tortilladora Aluminum 5.5" Automatic Cutting Machine</p><p> -5% 0FF </p><p>$209.87</p><a href="https://www.amazon.com/dp/B06XWNDKW7?tag=eloabder-20&linkCode=osi&th=1&psc=1">View Product</a></div>
<div class="product"><a href="https://www.amazon.com/dp/B0C82BY7CK?tag=eloabder-20&linkCode=osi&th=1&psc=1"><img src="https://m.media-amazon.com/images/I/51c+eLUrDVL._SL500_.jpg" alt="Product Image"></a><p>nutrichef Electric Crepe Maker Pan & Griddle, 12 Inch Nonstick Cooktop, LED Indicators & Adjustable Temperature Control, Includes Spatula, Batter Spreader, Cooks Crepes, Roti & Pancakes</p><p> -17% 0FF </p><p>$24.99</p><a href="https://www.amazon.com/dp/B0C82BY7CK?tag=eloabder-20&linkCode=osi&th=1&psc=1">View Product</a></div><div class="product"><a href="https://www.amazon.com/dp/B000WW46QA?tag=eloabder-20&linkCode=osi&th=1&psc=1"><img src="https://m.media-amazon.com/images/I/41CY+mgFAmL._SL500_.jpg" alt="Product Image"></a><p>CucinaPro Cordless Crepe Maker- FREE Recipe Guide, NonStick Dipping Plate plus Electric Base & Batter Spatula, Portable Compact Baker, Homemade Holiday Morning Breakfast or Dessert Treat, Gift for Her</p><p> -20% 0FF </p><p>$39.95</p><a href="https://www.amazon.com/dp/B000WW46QA?tag=eloabder-20&linkCode=osi&th=1&psc=1">View Product</a></div><div class="product"><a href="https://www.amazon.com/dp/B07GSFVVDB?tag=eloabder-20&linkCode=osi&th=1&psc=1"><img src="https://m.media-amazon.com/images/I/51XKEoqpDBL._SL500_.jpg" alt="Product Image"></a><p>Crepe Maker Machine (Easy to Use), Pancake Griddle – Nonstick 12” Electric Griddle – Pancake Maker, Batter Spreader, Wooden Spatula – Crepe Pan for Crepes Roti, Tortilla, Blintzes – Portable, Compact</p><p> -36% 0FF </p><p>$31.99 ($0.77 / oz)</p><a href="https://www.amazon.com/dp/B07GSFVVDB?tag=eloabder-20&linkCode=osi&th=1&psc=1">View Product</a></div><div class="product"><a href="https://www.amazon.com/dp/B001EZCJL8?tag=eloabder-20&linkCode=osi&th=1&psc=1"><img src="https://m.media-amazon.com/images/I/51Ih03aFGjL._SL500_.jpg" alt="Product Image"></a><p>12" Griddle & Crepe Maker, Non-Stick Electric Crepe Pan w Batter Spreader & Recipe Guide- Dual Use for Blintzes Eggs Pancakes, Portable, Adjustable Temperature Settings - Holiday Breakfast, Xmas Gift</p><p> -20% 0FF </p><p>$39.95</p><a href="https://www.amazon.com/dp/B001EZCJL8?tag=eloabder-20&linkCode=osi&th=1&psc=1">View Product</a></div>
<div class="product"><a href="https://www.amazon.com/dp/B000FZ4TZC?tag=eloabder-20&linkCode=osi&th=1&psc=1"><img src="https://m.media-amazon.com/images/I/31nyHOkItNL._SL500_.jpg" alt="Product Image"></a><p>Nostalgia 3 Tier Electric Chocolate Fondue Fountain Machine for Parties - Melts Cheese, Queso, Candy, and Liqueur - Dip Strawberries, Apple Wedges, Vegetables, and More - 24-Ounce - Black, Small</p><p> -13% 0FF </p><p>$34.99</p><a href="https://www.amazon.com/dp/B000FZ4TZC?tag=eloabder-20&linkCode=osi&th=1&psc=1">View Product</a></div><div class="product"><a href="https://www.amazon.com/dp/B0D7SZXBRW?tag=eloabder-20&linkCode=osi&th=1&psc=1"><img src="https://m.media-amazon.com/images/I/41+DhKbj5zL._SL500_.jpg" alt="Product Image"></a><p>Electric Chocolate Fondue Fountain Machine, 3-Tier Chocolate and Cheese Melting Fountain with 10oz Capacity, Stainless Steel Mini Chocolate Fountain for Parties, Weddings, Birthdays, and Events</p><p> -24% 0FF </p><p>$18.99</p><a href="https://www.amazon.com/dp/B0D7SZXBRW?tag=eloabder-20&linkCode=osi&th=1&psc=1">View Product</a></div>
<div class="product"><a href="https://www.amazon.com/dp/B0888F15LM?tag=eloabder-20&linkCode=osi&th=1&psc=1"><img src="https://m.media-amazon.com/images/I/41Ikd-J1tpL._SL500_.jpg" alt="Product Image"></a><p>Taylor Swoden Electric Kettle with Tea Infuser, 1L Small Electric Tea Kettle with Keep Warm, LED Light Hot Water Boiler & Heater for Coffee & Tea, Auto Shut-Off & Boil Dry Protection, BPA Free, Black</p><p> -7% 0FF </p><p>$27.99</p><a href="https://www.amazon.com/dp/B0888F15LM?tag=eloabder-20&linkCode=osi&th=1&psc=1">View Product</a></div>
<div class="product"><a href="https://www.amazon.com/dp/B07X6C6J25?tag=eloabder-20&linkCode=osi&th=1&psc=1"><img src="https://m.media-amazon.com/images/I/41RaGumc3qL._SL500_.jpg" alt="Product Image"></a><p>ALINK 5-Pack Bottle Brush Cleaner - Long Bamboo Handle Water Bottle Straw Cleaning Brush for Washing Narrow Neck Beer Wine Decanter, Sports Bottle, Thermos, Flask</p><p> -29% 0FF </p><p>$9.99</p><a href="https://www.amazon.com/dp/B07X6C6J25?tag=eloabder-20&linkCode=osi&th=1&psc=1">View Product</a></div><div class="product"><a href="https://www.amazon.com/dp/B0BQLGCQVD?tag=eloabder-20&linkCode=osi&th=1&psc=1"><img src="https://m.media-amazon.com/images/I/3144LGFz9-L._SL500_.jpg" alt="Product Image"></a><p>5 Pcs Bottle Brush with Stainless Steel and Long Handle, Specialized for Sports Bottles, Baby Bottle, Cups, Coffee Mugs, Glasswares, Tumblers, Wine Decanters Cleaning</p><p> -25% 0FF </p><p>$1.50</p><a href="https://www.amazon.com/dp/B0BQLGCQVD?tag=eloabder-20&linkCode=osi&th=1&psc=1">View Product</a></div>
<div class="product"><a href="https://www.amazon.com/dp/B01EVHWNVG?tag=eloabder-20&linkCode=osi&th=1&psc=1"><img src="https://m.media-amazon.com/images/I/41DiyhHQuzL._SL500_.jpg" alt="Product Image"></a><p>Zojirushi NS-LGC05XB Micom Rice Cooker & Warmer, 3-Cups (uncooked), Stainless Black</p><p> -27% 0FF </p><p>$142.14</p><a href="https://www.amazon.com/dp/B01EVHWNVG?tag=eloabder-20&linkCode=osi&th=1&psc=1">View Product</a></div><div class="product"><a href="https://www.amazon.com/dp/B098BVDKYK?tag=eloabder-20&linkCode=osi&th=1&psc=1"><img src="https://m.media-amazon.com/images/I/31LwHSfartL._SL500_.jpg" alt="Product Image"></a><p>Aroma Housewares 4-Cups (Cooked) / 1Qt. Rice & Grain Cooker (ARC-302NGP), Pink</p><p> -20% 0FF </p><p>$19.99</p><a href="https://www.amazon.com/dp/B098BVDKYK?tag=eloabder-20&linkCode=osi&th=1&psc=1">View Product</a></div><div class="product"><a href="https://www.amazon.com/dp/B091BZQMMT?tag=eloabder-20&linkCode=osi&th=1&psc=1"><img src="https://m.media-amazon.com/images/I/31L3e+bmJ3L._SL500_.jpg" alt="Product Image"></a><p>GreenLife 4-Cup Digital Rice Cooker, PFAS & PFOA-Free Removable Ceramic Dishwasher Safe Pot, Healthy Cooking Oats Grains & More, Auto Presets, Touch-screen, Delay & Keep Warm, Paddle Included, White</p><p> -34% 0FF </p><p>$33.00</p><a href="https://www.amazon.com/dp/B091BZQMMT?tag=eloabder-20&linkCode=osi&th=1&psc=1">View Product</a></div><div class="product"><a href="https://www.amazon.com/dp/B00007J5U7?tag=eloabder-20&linkCode=osi&th=1&psc=1"><img src="https://m.media-amazon.com/images/I/31wuPFARpOS._SL500_.jpg" alt="Product Image"></a><p>Zojirushi NS-ZCC10 5-1/2-Cup Neuro Fuzzy Rice Cooker and Warmer, Premium White</p><p> -18% 0FF </p><p>$199.99</p><a href="https://www.amazon.com/dp/B00007J5U7?tag=eloabder-20&linkCode=osi&th=1&psc=1">View Product</a></div>
<div class="product"><a href="https://www.amazon.com/dp/B01LYR6VNZ?tag=eloabder-20&linkCode=osi&th=1&psc=1"><img src="https://m.media-amazon.com/images/I/51BYZ5qkPBL._SL500_.jpg" alt="Product Image"></a><p>BLACK+DECKER 1.5-Cup Electric Food Chopper, One Touch Pulse, 150W Motor, Stay-Sharp Blade, Dishwasher Safe</p><p> -15% 0FF </p><p>$16.99</p><a href="https://www.amazon.com/dp/B01LYR6VNZ?tag=eloabder-20&linkCode=osi&th=1&psc=1">View Product</a></div><div class="product"><a href="https://www.amazon.com/dp/B01LX8I3R3?tag=eloabder-20&linkCode=osi&th=1&psc=1"><img src="https://m.media-amazon.com/images/I/31OuiPMscGL._SL500_.jpg" alt="Product Image"></a><p>KitchenAid KFC3516CU 3.5 Cup Food Chopper, Contour Silver</p><p> -25% 0FF </p><p>$44.95</p><a href="https://www.amazon.com/dp/B01LX8I3R3?tag=eloabder-20&linkCode=osi&th=1&psc=1">View Product</a></div><div class="product"><a href="https://www.amazon.com/dp/B00006IUX0?tag=eloabder-20&linkCode=osi&th=1&psc=1"><img src="https://m.media-amazon.com/images/I/41DiC1LmvUL._SL500_.jpg" alt="Product Image"></a><p>Proctor Silex Durable Electric Vegetable Chopper & Mini Food Processor for Chopping, Puree & Emulsify, 1.5 Cup, 1.5 cups, White</p><p> -17% 0FF </p><p>$14.99</p><a href="https://www.amazon.com/dp/B00006IUX0?tag=eloabder-20&linkCode=osi&th=1&psc=1">View Product</a></div><div class="product"><a href="https://www.amazon.com/dp/B0CSYVGP9S?tag=eloabder-20&linkCode=osi&th=1&psc=1"><img src="https://m.media-amazon.com/images/I/41kBleyq34L._SL500_.jpg" alt="Product Image"></a><p>DEVINC Food Processor, Electric Food Chopper with 2 Bowls (8 Cup+8 Cup), 2 Sets Blades, 500W Meat Grinder & Veggie Chopper, 2 Speed for Baby food &Family Use Blue</p><p> -40% 0FF </p><p>$29.99</p><a href="https://www.amazon.com/dp/B0CSYVGP9S?tag=eloabder-20&linkCode=osi&th=1&psc=1">View Product</a></div>
<div class="product"><a href="https://www.amazon.com/dp/B07D7TFTVN?tag=eloabder-20&linkCode=osi&th=1&psc=1"><img src="https://m.media-amazon.com/images/I/31ZeQnL1X4L._SL500_.jpg" alt="Product Image"></a><p>Elite Gourmet EMT-625B Ultimate Precision Electric Deli Food Meat Slicer Removable Stainless Steel Blade, Adjustable Thickness, Ideal for Cold Cuts, Hard Cheese, Vegetables & Bread, 7.5”, Black</p><p> -25% 0FF </p><p>$60.24</p><a href="https://www.amazon.com/dp/B07D7TFTVN?tag=eloabder-20&linkCode=osi&th=1&psc=1">View Product</a></div><div class="product"><a href="https://www.amazon.com/dp/B0CLDD8DHP?tag=eloabder-20&linkCode=osi&th=1&psc=1"><img src="https://m.media-amazon.com/images/I/41ScDNLkLAL._SL500_.jpg" alt="Product Image"></a><p>Meat Slicer,TOKASS Electric Deli Food Slicer with Removable 7.5’’ Stainless Steel Blade, Adjustable Thickness Meat Slicer for Home Use, Child Lock Protection, Easy to Clean, Food Slicer Machine-Silver</p><p> -5% 0FF </p><p>$89.99</p><a href="https://www.amazon.com/dp/B0CLDD8DHP?tag=eloabder-20&linkCode=osi&th=1&psc=1">View Product</a></div><div class="product"><a href="https://www.amazon.com/dp/B08FWZ9J18?tag=eloabder-20&linkCode=osi&th=1&psc=1"><img src="https://m.media-amazon.com/images/I/41YjSPaAYwL._SL500_.jpg" alt="Product Image"></a><p>Meat Slicer, Techwood Electric Deil Food Slicer with Removable 9” Stainless Steel Blade, Deli Cheese Fruit Vegetable Bread Cutter with Adjustable Knob for Thickness, Food Carriage & Non-Slip Feet</p><p> -22% 0FF </p><p>$139.98</p><a href="https://www.amazon.com/dp/B08FWZ9J18?tag=eloabder-20&linkCode=osi&th=1&psc=1">View Product</a></div>
<div class="product"><a href="https://www.amazon.com/dp/B00XPRRHYW?tag=eloabder-20&linkCode=osi&th=1&psc=1"><img src="https://m.media-amazon.com/images/I/31dUvP1wfeL._SL500_.jpg" alt="Product Image"></a><p>KitchenAid Fruit and Vegetable Spiralizer Attachment Stand Mixer, Polished Aluminum</p><p> -46% 0FF </p><p>$69.99</p><a href="https://www.amazon.com/dp/B00XPRRHYW?tag=eloabder-20&linkCode=osi&th=1&psc=1">View Product</a></div>
<div class="product"><a href="https://www.amazon.com/dp/B07DD3CPMW?tag=eloabder-20&linkCode=osi&th=1&psc=1"><img src="https://m.media-amazon.com/images/I/415ikDbvbCL._SL500_.jpg" alt="Product Image"></a><p>OVENTE Portable 5 Speed Mixing Electric Hand Mixer with Stainless Steel Whisk Beater Attachments & Snap Storage Case, Compact Lightweight 150 Watt Powerful Blender for Baking & Cooking, Red HM151R</p><p> -8% 0FF </p><p>$15.63</p><a href="https://www.amazon.com/dp/B07DD3CPMW?tag=eloabder-20&linkCode=osi&th=1&psc=1">View Product</a></div><div class="product"><a href="https://www.amazon.com/dp/B009N68ULS?tag=eloabder-20&linkCode=osi&th=1&psc=1"><img src="https://m.media-amazon.com/images/I/31pxKM3rl7L._SL500_.jpg" alt="Product Image"></a><p>KitchenAid 5 Speed Ultra Power Hand Mixer, Onyx Black</p><p> -25% 0FF </p><p>$44.95</p><a href="https://www.amazon.com/dp/B009N68ULS?tag=eloabder-20&linkCode=osi&th=1&psc=1">View Product</a></div><div class="product"><a href="https://www.amazon.com/dp/B09JV8DBX5?tag=eloabder-20&linkCode=osi&th=1&psc=1"><img src="https://m.media-amazon.com/images/I/31rRc0J8DTL._SL500_.jpg" alt="Product Image"></a><p>KitchenAid 6 Speed Hand Mixer with Flex Edge Beaters - KHM6118</p><p> -25% 0FF </p><p>$59.99</p><a href="https://www.amazon.com/dp/B09JV8DBX5?tag=eloabder-20&linkCode=osi&th=1&psc=1">View Product</a></div><div class="product"><a href="https://www.amazon.com/dp/B0BS75GLH2?tag=eloabder-20&linkCode=osi&th=1&psc=1"><img src="https://m.media-amazon.com/images/I/31Dss3HeqwL._SL500_.jpg" alt="Product Image"></a><p>Electric Egg Beater, Cordless Hand Mixer 3 Speeds for Home Baking (Black)</p><p> -11% 0FF </p><p>$15.97</p><a href="https://www.amazon.com/dp/B0BS75GLH2?tag=eloabder-20&linkCode=osi&th=1&psc=1">View Product</a></div><div class="product"><a href="https://www.amazon.com/dp/B075X1KPLZ?tag=eloabder-20&linkCode=osi&th=1&psc=1"><img src="https://m.media-amazon.com/images/I/515aqZsYz-L._SL500_.jpg" alt="Product Image"></a><p>Mueller Immersion Blender Handheld - 8 Speed Stainless Steel Electric Hand Blender, 3 in 1 Emulsion Blender Handheld with Turbo Mode, Stick Blender Emulsifier for Kitchen for Soup, Smoothie, Puree</p><p> -13% 0FF </p><p>$34.99</p><a href="https://www.amazon.com/dp/B075X1KPLZ?tag=eloabder-20&linkCode=osi&th=1&psc=1">View Product</a></div>
<div class="product"><a href="https://www.amazon.com/dp/B07GJXFCGR?tag=eloabder-20&linkCode=osi&th=1&psc=1"><img src="https://m.media-amazon.com/images/I/41bfOIwQ93L._SL500_.jpg" alt="Product Image"></a><p>Whisk Wiper® PRO compatible with KitchenAid Bowl-Lift Stand Mixers - Mix Without The Mess - The Ultimate Stand Mixer Accessory - Only Compatible With 6-Wire Whisks (Glass Blue)</p><p> -5% 0FF </p><p>$18.95</p><a href="https://www.amazon.com/dp/B07GJXFCGR?tag=eloabder-20&linkCode=osi&th=1&psc=1">View Product</a></div><div class="product"><a href="https://www.amazon.com/dp/B07796MWGN?tag=eloabder-20&linkCode=osi&th=1&psc=1"><img src="https://m.media-amazon.com/images/I/41GMDDQ6GWL._SL500_.jpg" alt="Product Image"></a><p>Whisk Wiper® PRO for Stand Mixers - Mix Without The Mess - The Ultimate Stand Mixer Accessory - Compatible With KitchenAid Tilt-Head Stand Mixers - 4.5qt, 5qt (Color: Clear)</p><p> -5% 0FF </p><p>$18.95</p><a href="https://www.amazon.com/dp/B07796MWGN?tag=eloabder-20&linkCode=osi&th=1&psc=1">View Product</a></div><div class="product"><a href="https://www.amazon.com/dp/B091F4PDNH?tag=eloabder-20&linkCode=osi&th=1&psc=1"><img src="https://m.media-amazon.com/images/I/31sUVweurbL._SL500_.jpg" alt="Product Image"></a><p>3- in-1 Immersion Hand blender, Powerful MOTOR & Stainless Steel Stick Blender, 4 Sharpe Blades with Whisk, Milk Frother Attachments</p><p> -16% 0FF </p><p>$22.80</p><a href="https://www.amazon.com/dp/B091F4PDNH?tag=eloabder-20&linkCode=osi&th=1&psc=1">View Product</a></div><div class="product"><a href="https://www.amazon.com/dp/B0CH4YZMTN?tag=eloabder-20&linkCode=osi&th=1&psc=1"><img src="https://m.media-amazon.com/images/I/41Q0AfduopL._SL500_.jpg" alt="Product Image"></a><p>Double Whisk Milk Frother, Handheld Electric Blender stick, Drink Mixer with Food Grade Stainless Steel Stirrer, Battery Operated Foam Maker for Coffee, Cappuccino, Matcha,Hot Chocolate Latte, in Pink</p><p> -20% 0FF </p><p>$7.99</p><a href="https://www.amazon.com/dp/B0CH4YZMTN?tag=eloabder-20&linkCode=osi&th=1&psc=1">View Product</a></div>
<div class="product"><a href="https://www.amazon.com/dp/B072TNMLNF?tag=eloabder-20&linkCode=osi&th=1&psc=1"><img src="https://m.media-amazon.com/images/I/41OnUdyH+sL._SL500_.jpg" alt="Product Image"></a><p>KitchenAid Vegetable Sheet Cutter, 1, Metallic</p><p> -38% 0FF </p><p>$79.99</p><a href="https://www.amazon.com/dp/B072TNMLNF?tag=eloabder-20&linkCode=osi&th=1&psc=1">View Product</a></div><div class="product"><a href="https://www.amazon.com/dp/B08GS17PFW?tag=eloabder-20&linkCode=osi&th=1&psc=1"><img src="https://m.media-amazon.com/images/I/41wT8q2I1aL._SL500_.jpg" alt="Product Image"></a><p>Spiralizer Attachment (5 Blades) Compatible with KitchenAid Stand Mixer, Comes with Peel, Core and Slice (Not KitchenAid Brand Spiralizer)</p><p> -22% 0FF </p><p>$69.98</p><a href="https://www.amazon.com/dp/B08GS17PFW?tag=eloabder-20&linkCode=osi&th=1&psc=1">View Product</a></div><div class="product"><a href="https://www.amazon.com/dp/B07H4K499J?tag=eloabder-20&linkCode=osi&th=1&psc=1"><img src="https://m.media-amazon.com/images/I/41y9+qxAXXL._SL500_.jpg" alt="Product Image"></a><p>Electric Food Processor,Food Chopper with Garlic Peeler and Titanium Coating Blades, 5 Cup Glass Bowl for Vegetables Fruit Salad Onion Garlic Meat Ice Chopper, Silver</p><p> -7% 0FF </p><p>$41.99</p><a href="https://www.amazon.com/dp/B07H4K499J?tag=eloabder-20&linkCode=osi&th=1&psc=1">View Product</a></div><div class="product"><a href="https://www.amazon.com/dp/B0D54CYJWN?tag=eloabder-20&linkCode=osi&th=1&psc=1"><img src="https://m.media-amazon.com/images/I/41JhLwIwMEL._SL500_.jpg" alt="Product Image"></a><p>Sunvivi Electric Food Chopper, 4 in 1 Small Food Processor for Grinding Meat, Peeling Garlic & Juicing, 2 Speed Blender and Food Grinder Combo with 1.5L Glass Bowl & 2 Cups (0.4L+0.2L), Black</p><p> -17% 0FF </p><p>$49.99</p><a href="https://www.amazon.com/dp/B0D54CYJWN?tag=eloabder-20&linkCode=osi&th=1&psc=1">View Product</a></div>
<div class="product"><a href="https://www.amazon.com/dp/B0CJLKS9CR?tag=eloabder-20&linkCode=osi&th=1&psc=1"><img src="https://m.media-amazon.com/images/I/41l9Ty14tRL._SL500_.jpg" alt="Product Image"></a><p>Mason Jar Vacuum Sealer - Electric Mason Jar Sealer Vacuum Sealing Kit, Vacuum Sealer for Mason Canning Jars with Can Opener, Regular and Wide Mouth Mason Jar Lids</p><p> -63% 0FF </p><p>$21.99</p><a href="https://www.amazon.com/dp/B0CJLKS9CR?tag=eloabder-20&linkCode=osi&th=1&psc=1">View Product</a></div>
<div class="product"><a href="https://www.amazon.com/dp/B01261VEOG?tag=eloabder-20&linkCode=osi&th=1&psc=1"><img src="https://m.media-amazon.com/images/I/418kVwEu+dL._SL500_.jpg" alt="Product Image"></a><p>Secura Electric Wine Opener, Automatic Electric Wine Bottle Corkscrew Opener with Foil Cutter, Rechargeable (Stainless Steel)</p><p> -35% 0FF </p><p>$21.77</p><a href="https://www.amazon.com/dp/B01261VEOG?tag=eloabder-20&linkCode=osi&th=1&psc=1">View Product</a></div><div class="product"><a href="https://www.amazon.com/dp/B07MH2W7QS?tag=eloabder-20&linkCode=osi&th=1&psc=1"><img src="https://m.media-amazon.com/images/I/41SB3Mq+ZtL._SL500_.jpg" alt="Product Image"></a><p>Air Pressure Pump Bottle Opener With Foil Cutter,Aerator Pourer,Vacuum Stopper(4PCS),Simple Cork Remover,Efficient Corkscrew Bottle Opener,Great For Wine Lovers,Perfect Wine Gift.</p><p> -33% 0FF </p><p>$9.99</p><a href="https://www.amazon.com/dp/B07MH2W7QS?tag=eloabder-20&linkCode=osi&th=1&psc=1">View Product</a></div><div class="product"><a href="https://www.amazon.com/dp/B08D8XHNXQ?tag=eloabder-20&linkCode=osi&th=1&psc=1"><img src="https://m.media-amazon.com/images/I/412uOa7TXAL._SL500_.jpg" alt="Product Image"></a><p>COKUNST Electric Wine Opener, Battery Operated Wine Bottle Openers with Foil Cutter, One-click Button Corkscrew Remover for Home Kitchen Party Wedding</p><p> -32% 0FF </p><p>$12.99</p><a href="https://www.amazon.com/dp/B08D8XHNXQ?tag=eloabder-20&linkCode=osi&th=1&psc=1">View Product</a></div><div class="product"><a href="https://www.amazon.com/dp/B00NOPV4JO?tag=eloabder-20&linkCode=osi&th=1&psc=1"><img src="https://m.media-amazon.com/images/I/31Z5OAL71SL._SL500_.jpg" alt="Product Image"></a><p>Rabbit Automatic Electric Corkscrew Wine Bottle Opener, One Size, Shiny Black</p><p> -24% 0FF </p><p>$34.99</p><a href="https://www.amazon.com/dp/B00NOPV4JO?tag=eloabder-20&linkCode=osi&th=1&psc=1">View Product</a></div>
<div class="product"><a href="https://www.amazon.com/dp/B0C84YQTNB?tag=eloabder-20&linkCode=osi&th=1&psc=1"><img src="https://m.media-amazon.com/images/I/51eZxT5kAZL._SL500_.jpg" alt="Product Image"></a><p>OurWarm Christmas Refrigerator Handle Covers Set of 4, Christmas Kitchen Decor Nutcracker Fridge Door Handle Cover Appliance Handle Covers for Christmas Decorations</p><p> -23% 0FF </p><p>$9.99 ($2.50 / Count)</p><a href="https://www.amazon.com/dp/B0C84YQTNB?tag=eloabder-20&linkCode=osi&th=1&psc=1">View Product</a></div><div class="product"><a href="https://www.amazon.com/dp/B0DJPYJTLW?tag=eloabder-20&linkCode=osi&th=1&psc=1"><img src="https://m.media-amazon.com/images/I/41nftVACcIL._SL500_.jpg" alt="Product Image"></a><p>Yankee Candle Scentplug Diffuser, Nutcracker with Light Sensor</p><p> -13% 0FF </p><p>$19.89</p><a href="https://www.amazon.com/dp/B0DJPYJTLW?tag=eloabder-20&linkCode=osi&th=1&psc=1">View Product</a></div>
<div class="product"><a href="https://www.amazon.com/dp/B0BNQXXT2F?tag=eloabder-20&linkCode=osi&th=1&psc=1"><img src="https://m.media-amazon.com/images/I/31X0LkDwyKL._SL500_.jpg" alt="Product Image"></a><p>Hamilton Beach Electric Knife Set with Reciprocating Serrated Blades, Storage Case, Fork - For Carving Meats, Bread, Foam, More</p><p> -14% 0FF </p><p>$21.49</p><a href="https://www.amazon.com/dp/B0BNQXXT2F?tag=eloabder-20&linkCode=osi&th=1&psc=1">View Product</a></div><div class="product"><a href="https://www.amazon.com/dp/B00006IUX1?tag=eloabder-20&linkCode=osi&th=1&psc=1"><img src="https://m.media-amazon.com/images/I/21YsbXZzuqL._SL500_.jpg" alt="Product Image"></a><p>Proctor Silex Easy Slice Electric Knife for Carving Meats, Poultry, Bread, Crafting Foam and More, Lightweight with Contoured Grip, White</p><p> -5% 0FF </p><p>$18.99</p><a href="https://www.amazon.com/dp/B00006IUX1?tag=eloabder-20&linkCode=osi&th=1&psc=1">View Product</a></div>

<div class="product"><a href="https://www.amazon.com/dp/B079MJ68Y9?tag=eloabder-20&linkCode=osi&th=1&psc=1"><img src="https://m.media-amazon.com/images/I/211nSaqDuuL._SL500_.jpg" alt="Product Image"></a><p>OVENTE Electric Immersion Hand Blender 300 Watt 2 Mixing Speed with Stainless Steel Blades, Powerful Portable Easy Control Grip Stick Mixer Perfect for Smoothies, Puree Baby Food & Soup, Red HS560R</p><p> -23% 0FF </p><p>$16.96</p><a href="https://www.amazon.com/dp/B079MJ68Y9?tag=eloabder-20&linkCode=osi&th=1&psc=1">View Product</a></div><div class="product"><a href="https://www.amazon.com/dp/B08HSNGR8P?tag=eloabder-20&linkCode=osi&th=1&psc=1"><img src="https://m.media-amazon.com/images/I/510nvQxxbfL._SL500_.jpg" alt="Product Image"></a><p>Mueller Multistick 800W 4-in-1 Immersion Blender Handheld, 12 Speed Hand Mixer - Turbo Boost, Heaviest Duty Copper Motor, Titanium Blades Hand Blender, Milk Frother Wand, Whisk, Beaker, Chopper</p><p> -20% 0FF </p><p>$39.96</p><a href="https://www.amazon.com/dp/B08HSNGR8P?tag=eloabder-20&linkCode=osi&th=1&psc=1">View Product</a></div><div class="product"><a href="https://www.amazon.com/dp/B08F2SS6T2?tag=eloabder-20&linkCode=osi&th=1&psc=1"><img src="https://m.media-amazon.com/images/I/21TyV9p71CL._SL500_.jpg" alt="Product Image"></a><p>KitchenAid Variable Speed Corded Hand Blender KHBV53, Empire Red</p><p> -25% 0FF </p><p>$44.99</p><a href="https://www.amazon.com/dp/B08F2SS6T2?tag=eloabder-20&linkCode=osi&th=1&psc=1">View Product</a></div>
<div class="product"><a href="https://www.amazon.com/dp/B0DB29NMGK?tag=eloabder-20&linkCode=osi&th=1&psc=1"><img src="https://m.media-amazon.com/images/I/41zIfRgW1QL._SL500_.jpg" alt="Product Image"></a><p>Garlic Press, UHIYEE Multipurpose Garlic Grinder BPA-Free, Garlic Crusher Tool Dishwasher Safe, Easy-Clean Garlic Press Mincer, Ideal Kitchen Gifts</p><p> -14% 0FF </p><p>$18.95</p><a href="https://www.amazon.com/dp/B0DB29NMGK?tag=eloabder-20&linkCode=osi&th=1&psc=1">View Product</a></div><div class="product"><a href="https://www.amazon.com/dp/B0D969K4X6?tag=eloabder-20&linkCode=osi&th=1&psc=1"><img src="https://m.media-amazon.com/images/I/41oe5uMPzbL._SL500_.jpg" alt="Product Image"></a><p>KOIOS Food Processor, 500W Electric Food Chopper with 2 Bowls (8 Cup+8 Cup) & 2 Bi-Level Blades&, Small Electric Grinder Meat Processor for Nuts, Meat, Onion, Garlic, Baby Food, Blue</p><p> -25% 0FF </p><p>$29.99</p><a href="https://www.amazon.com/dp/B0D969K4X6?tag=eloabder-20&linkCode=osi&th=1&psc=1">View Product</a></div>
<div class="product"><a href="https://www.amazon.com/dp/B01MUTSU13?tag=eloabder-20&linkCode=osi&th=1&psc=1"><img src="https://m.media-amazon.com/images/I/41LObBw8jvL._SL500_.jpg" alt="Product Image"></a><p>KitchenAid Fresh Prep Slicer/Shredder, 1, White</p><p> -25% 0FF </p><p>$44.99</p><a href="https://www.amazon.com/dp/B01MUTSU13?tag=eloabder-20&linkCode=osi&th=1&psc=1">View Product</a></div><div class="product"><a href="https://www.amazon.com/dp/B0CRDX11GS?tag=eloabder-20&linkCode=osi&th=1&psc=1"><img src="https://m.media-amazon.com/images/I/41FzBxdrTHL._SL500_.jpg" alt="Product Image"></a><p>Heiolkako Stainless Steel Slicer Shredder Attachment for KitchenAid Stand Mixer,Cheese Grater,Salad Maker,Grinding Powder,Kitchenaid Cheese Grater Attachment with 4 Blades</p><p> -54% 0FF </p><p>$32.19</p><a href="https://www.amazon.com/dp/B0CRDX11GS?tag=eloabder-20&linkCode=osi&th=1&psc=1">View Product</a></div><div class="product"><a href="https://www.amazon.com/dp/B07H96RQDK?tag=eloabder-20&linkCode=osi&th=1&psc=1"><img src="https://m.media-amazon.com/images/I/41TaPboi9IL._SL500_.jpg" alt="Product Image"></a><p>Slicer Shredder Attachment for KitchenAid Stand Mixers, Vegetable for Kitchenaid, Cheese Grater by Gvode</p><p> -23% 0FF </p><p>$35.99</p><a href="https://www.amazon.com/dp/B07H96RQDK?tag=eloabder-20&linkCode=osi&th=1&psc=1">View Product</a></div><div class="product"><a href="https://www.amazon.com/dp/B09ZTVCN76?tag=eloabder-20&linkCode=osi&th=1&psc=1"><img src="https://m.media-amazon.com/images/I/51295QO3owL._SL500_.jpg" alt="Product Image"></a><p>FOHERE Electric Cheese Grater Salad Maker, Electric Slicer Shredder for Home Kitchen Use, One-Touch Easy Control, Electric Grater for Vegetables, Cheeses and Nuts, BPA-Free, Red</p><p> -8% 0FF </p><p>$54.99</p><a href="https://www.amazon.com/dp/B09ZTVCN76?tag=eloabder-20&linkCode=osi&th=1&psc=1">View Product</a></div><div class="product"><a href="https://www.amazon.com/dp/B00006IV0R?tag=eloabder-20&linkCode=osi&th=1&psc=1"><img src="https://m.media-amazon.com/images/I/41hdPUCSeiL._SL500_.jpg" alt="Product Image"></a><p>Presto Salad Shooter Electric Slicer/Shredder,White</p><p> -12% 0FF </p><p>$43.99</p><a href="https://www.amazon.com/dp/B00006IV0R?tag=eloabder-20&linkCode=osi&th=1&psc=1">View Product</a></div><div class="product"><a href="https://www.amazon.com/dp/B0000Z6JJG?tag=eloabder-20&linkCode=osi&th=1&psc=1"><img src="https://m.media-amazon.com/images/I/41qu0qCEbpL._SL500_.jpg" alt="Product Image"></a><p>Presto 02970 Professional SaladShooter Electric Slicer/Shredder, Black,1 count</p><p> -7% 0FF </p><p>$69.94</p><a href="https://www.amazon.com/dp/B0000Z6JJG?tag=eloabder-20&linkCode=osi&th=1&psc=1">View Product</a></div>
<div class="product"><a href="https://www.amazon.com/dp/B0CRH69TNQ?tag=eloabder-20&linkCode=osi&th=1&psc=1"><img src="https://m.media-amazon.com/images/I/41TdTRUZE+L._SL500_.jpg" alt="Product Image"></a><p>KSIFJRTO Electric Salad Spinner Large 4.75L.Vegetable Washer Dryer Dishwasher Safe.Lettuce Cleaner and Dryer.BPA Free and Easy to Use</p><p> -5% 0FF </p><p>$37.99</p><a href="https://www.amazon.com/dp/B0CRH69TNQ?tag=eloabder-20&linkCode=osi&th=1&psc=1">View Product</a></div><div class="product"><a href="https://www.amazon.com/dp/B0C8166T64?tag=eloabder-20&linkCode=osi&th=1&psc=1"><img src="https://m.media-amazon.com/images/I/51vSDD8O4XL._SL500_.jpg" alt="Product Image"></a><p>Electric Salad Spinner 6.3-Quart– Large Capacity Lettuce Spinner with Squeeze Bottle,Built-In Draining System,and Bowl & Colander – Serves 6-12 Persons Perfect for Family Meals, Parties and Gatherings</p><p> -20% 0FF </p><p>$39.99</p><a href="https://www.amazon.com/dp/B0C8166T64?tag=eloabder-20&linkCode=osi&th=1&psc=1">View Product</a></div><div class="product"><a href="https://www.amazon.com/dp/B0CBRXK8TV?tag=eloabder-20&linkCode=osi&th=1&psc=1"><img src="https://m.media-amazon.com/images/I/51F8UrWeiVL._SL500_.jpg" alt="Product Image"></a><p>Electric Salad Spinner,Automatic Salad Rotator,USB Chargeble Lettuce Spinner- Easy Water Drain System,Lettuce Cleaner and Dryer for Home Kitchen Washing & Drying Leafy Vegetables (White)</p><p> -11% 0FF </p><p>$32.99</p><a href="https://www.amazon.com/dp/B0CBRXK8TV?tag=eloabder-20&linkCode=osi&th=1&psc=1">View Product</a></div>
<div class="product"><a href="https://www.amazon.com/dp/B06XQMK2GJ?tag=eloabder-20&linkCode=osi&th=1&psc=1"><img src="https://m.media-amazon.com/images/I/31e1L9CJeZL._SL500_.jpg" alt="Product Image"></a><p>Hobart 00-270348 Tenderizer Cover, 13" Height, 13" Width, 9" Length</p><p> -43% 0FF </p><p>$153.87</p><a href="https://www.amazon.com/dp/B06XQMK2GJ?tag=eloabder-20&linkCode=osi&th=1&psc=1">View Product</a></div>
<div class="product"><a href="https://www.amazon.com/dp/B001DZ6TH4?tag=eloabder-20&linkCode=osi&th=1&psc=1"><img src="https://m.media-amazon.com/images/I/31WNioaDy-L._SL500_.jpg" alt="Product Image"></a><p>Tribest CitriStar Citrus Stainless Steel Strainer and Spout, Electric Juicer, White</p><p> -22% 0FF </p><p>$46.96</p><a href="https://www.amazon.com/dp/B001DZ6TH4?tag=eloabder-20&linkCode=osi&th=1&psc=1">View Product</a></div>
<div class="product"><a href="https://www.amazon.com/dp/B07SJQZVZS?tag=eloabder-20&linkCode=osi&th=1&psc=1"><img src="https://m.media-amazon.com/images/I/41F036om3pL._SL500_.jpg" alt="Product Image"></a><p>WEPSEN Hand Mixer Electric Mixing Bowls Set, 5 Speeds Handheld Mixer with 4 Nesting Stainless Steel Mixing Bowl, Measuring Cups Spoons 200W Kitchen Blender Whisk Beater Baking Supplies For Beginner</p><p> -5% 0FF </p><p>$40.99</p><a href="https://www.amazon.com/dp/B07SJQZVZS?tag=eloabder-20&linkCode=osi&th=1&psc=1">View Product</a></div><div class="product"><a href="https://www.amazon.com/dp/B08PYNC8T8?tag=eloabder-20&linkCode=osi&th=1&psc=1"><img src="https://m.media-amazon.com/images/I/31vrHycpiJL._SL500_.jpg" alt="Product Image"></a><p>Milk Frothing Pitcher, 12 Oz Milk Frother Steamer Cup Stainless Steel Espresso Cup</p><p> -28% 0FF </p><p>$8.69</p><a href="https://www.amazon.com/dp/B08PYNC8T8?tag=eloabder-20&linkCode=osi&th=1&psc=1">View Product</a></div><div class="product"><a href="https://www.amazon.com/dp/B08J3XXP67?tag=eloabder-20&linkCode=osi&th=1&psc=1"><img src="https://m.media-amazon.com/images/I/41OnPGc9k9L._SL500_.jpg" alt="Product Image"></a><p>EIKS 2 Pack 3oz(100ml) Glass Measuring Cups Milk Frothing Pitcher for Coffee Espresso Cappuccino Latte Juice Maker in Kitchen Restaurant</p><p> -16% 0FF </p><p>$9.99 ($5.00 / Count)</p><a href="https://www.amazon.com/dp/B08J3XXP67?tag=eloabder-20&linkCode=osi&th=1&psc=1">View Product</a></div>
<div class="product"><a href="https://www.amazon.com/dp/B0D41QZ9T2?tag=eloabder-20&linkCode=osi&th=1&psc=1"><img src="https://m.media-amazon.com/images/I/41V+hiXhcgL._SL500_.jpg" alt="Product Image"></a><p>3 in 1 Cup Lid Cleaning Brush, 2024 Multifunctional Crevice Portable Cup Lid Cleaning Brush for Bottle Gap Tight Spaces Cup (B-Green)</p><p> -60% 0FF </p><p>$3.99</p><a href="https://www.amazon.com/dp/B0D41QZ9T2?tag=eloabder-20&linkCode=osi&th=1&psc=1">View Product</a></div><div class="product"><a href="https://www.amazon.com/dp/B08ZJXMHR5?tag=eloabder-20&linkCode=osi&th=1&psc=1"><img src="https://m.media-amazon.com/images/I/31k9l0vz6VL._SL500_.jpg" alt="Product Image"></a><p>Brew Addicts Coffee Scoop Funnel for Reusable K Cups, Coffee Spoon Keurig Accessories for Keurig Brewers & Other Refillable Capsules, Dark Black</p><p> -9% 0FF </p><p>$8.99</p><a href="https://www.amazon.com/dp/B08ZJXMHR5?tag=eloabder-20&linkCode=osi&th=1&psc=1">View Product</a></div><div class="product"><a href="https://www.amazon.com/dp/B07C4TXDSL?tag=eloabder-20&linkCode=osi&th=1&psc=1"><img src="https://m.media-amazon.com/images/I/41BNPoEQz+L._SL500_.jpg" alt="Product Image"></a><p>Milk Frothing Pitcher Cup, 12oz/350ML Milk Frother Cup Stainless Steel Steaming Pitcher Milk Jug Coffee Latte Art Cappuccino Espresso Machine Accessories Barista Steam Pitchers Attached Dessert Spoons</p><p> -23% 0FF </p><p>$9.99</p><a href="https://www.amazon.com/dp/B07C4TXDSL?tag=eloabder-20&linkCode=osi&th=1&psc=1">View Product</a></div><div class="product"><a href="https://www.amazon.com/dp/B0CNVMZ2LM?tag=eloabder-20&linkCode=osi&th=1&psc=1"><img src="https://m.media-amazon.com/images/I/41j0UEM6XPL._SL500_.jpg" alt="Product Image"></a><p>Reusable Coffee Capsule Filters 3Pcs, Colorful Coffee Filters for Nescafe Dolce Gusto Brewers Machine, Reusable Refillable Coffee Pods Capsule Filter Cups Kit with Cleaning Brush and Measuring Spoon</p><p> -13% 0FF </p><p>$6.98 ($6.60 / Ounce)</p><a href="https://www.amazon.com/dp/B0CNVMZ2LM?tag=eloabder-20&linkCode=osi&th=1&psc=1">View Product</a></div>
<div class="product"><a href="https://www.amazon.com/dp/B08FB31NH5?tag=eloabder-20&linkCode=osi&th=1&psc=1"><img src="https://m.media-amazon.com/images/I/41eJZ9MTfFL._SL500_.jpg" alt="Product Image"></a><p>WEPSEN 5-Speed Electric Hand Mixer, 4 Large Mixing Bowls Set, Handheld Mixers with Whisks Beater, Stainless Steel Metal Nesting Bowl Measuring Cups Spoons Kitchen Cake Blender for Baking Supplies</p><p> -30% 0FF </p><p>$41.98</p><a href="https://www.amazon.com/dp/B08FB31NH5?tag=eloabder-20&linkCode=osi&th=1&psc=1">View Product</a></div><div class="product"><a href="https://www.amazon.com/dp/B0DF2T1HMZ?tag=eloabder-20&linkCode=osi&th=1&psc=1"><img src="https://m.media-amazon.com/images/I/41xSelvq-CL._SL500_.jpg" alt="Product Image"></a><p>5 QT Food-Grade Stainless Steel Mixer Bowl Compatible With KITCHENAID TILT-HEAD STAND MIXERS 4.5-5 Quart, with Anti-slip handle & Prominent Clasp, Stainless Steel Polished</p><p> -25% 0FF </p><p>$29.99</p><a href="https://www.amazon.com/dp/B0DF2T1HMZ?tag=eloabder-20&linkCode=osi&th=1&psc=1">View Product</a></div><div class="product"><a href="https://www.amazon.com/dp/B0C5XYPXCS?tag=eloabder-20&linkCode=osi&th=1&psc=1"><img src="https://m.media-amazon.com/images/I/31apfzgKDUL._SL500_.jpg" alt="Product Image"></a><p>KitchenAid 5 Quart Ceramic Bowl for all 4.5-5 Quart Tilt-Head Stand Mixers KSM2CB5MR, Meringue</p><p> -25% 0FF </p><p>$74.99</p><a href="https://www.amazon.com/dp/B0C5XYPXCS?tag=eloabder-20&linkCode=osi&th=1&psc=1">View Product</a></div>
<div class="product"><a href="https://www.amazon.com/dp/B097QVPFVQ?tag=eloabder-20&linkCode=osi&th=1&psc=1"><img src="https://m.media-amazon.com/images/I/31ROOH+yjAL._SL500_.jpg" alt="Product Image"></a><p>Thermoplastic Rubber Microwave Splatter Cover,Microwave Cover for Food Fruit Drainer,BPA-Free Dishwasher Safe 10.5 inch (GREY)</p><p> -20% 0FF </p><p>$7.99 ($226.35 / Ounce)</p><a href="https://www.amazon.com/dp/B097QVPFVQ?tag=eloabder-20&linkCode=osi&th=1&psc=1">View Product</a></div><div class="product"><a href="https://www.amazon.com/dp/B08N4Q6SM1?tag=eloabder-20&linkCode=osi&th=1&psc=1"><img src="https://m.media-amazon.com/images/I/41lhA8-GScL._SL500_.jpg" alt="Product Image"></a><p>4Pcs Coffee Filter,Flannel Cloth Coffee Filter Strainers with Steel Handle,Reusable Flannel Coffee Dripper,Coffee Sock Filter Bag Coffee Cloth Strainers for Home Office Kitchen Use</p><p> -11% 0FF </p><p>$10.69 ($2.67 / Count)</p><a href="https://www.amazon.com/dp/B08N4Q6SM1?tag=eloabder-20&linkCode=osi&th=1&psc=1">View Product</a></div>
<div class="product"><a href="https://www.amazon.com/dp/B00EC8PQ82?tag=eloabder-20&linkCode=osi&th=1&psc=1"><img src="https://m.media-amazon.com/images/I/21NR7t3CeGL._SL500_.jpg" alt="Product Image"></a><p>Randell RP CPH1648 Poly Cutting Board, 1/2" x 16" x 48"</p><p> -20% 0FF </p><p>$325.43</p><a href="https://www.amazon.com/dp/B00EC8PQ82?tag=eloabder-20&linkCode=osi&th=1&psc=1">View Product</a></div><div class="product"><a href="https://www.amazon.com/dp/B0BPSN8F21?tag=eloabder-20&linkCode=osi&th=1&psc=1"><img src="https://m.media-amazon.com/images/I/41YoOZe2UDL._SL500_.jpg" alt="Product Image"></a><p>GASHELL Noodle Board Stove Cover with Handles for Electric, Gas Stove Top (Acacia Wood)</p><p> -13% 0FF </p><p>$69.99</p><a href="https://www.amazon.com/dp/B0BPSN8F21?tag=eloabder-20&linkCode=osi&th=1&psc=1">View Product</a></div><div class="product"><a href="https://www.amazon.com/dp/B0D78SNV83?tag=eloabder-20&linkCode=osi&th=1&psc=1"><img src="https://m.media-amazon.com/images/I/41lHBEbfZOL._SL500_.jpg" alt="Product Image"></a><p>30 x 22 IN Large Cutting Board and Wooden Stove Top Cover, Chopping Board Noodle Boards for Electric Stove Top,Protector Board Cutting Board for Kitchen Counter & Sink cover-Black</p><p> -20% 0FF </p><p>$55.99</p><a href="https://www.amazon.com/dp/B0D78SNV83?tag=eloabder-20&linkCode=osi&th=1&psc=1">View Product</a></div><div class="product"><a href="https://www.amazon.com/dp/B0D4DJ8H4Q?tag=eloabder-20&linkCode=osi&th=1&psc=1"><img src="https://m.media-amazon.com/images/I/41h7GdA0xxL._SL500_.jpg" alt="Product Image"></a><p>Beef Jerky Slicer Kit,Stainless Steel,Adjustable Thickness,Uniform Slices,Include Cutting Board & 14-Inch Slicing Knife,Beef Jerky Making Kit for Chefs & Home Kitchens</p><p> -32% 0FF </p><p>$29.95</p><a href="https://www.amazon.com/dp/B0D4DJ8H4Q?tag=eloabder-20&linkCode=osi&th=1&psc=1">View Product</a></div><div class="product"><a href="https://www.amazon.com/dp/B0DL36NMXX?tag=eloabder-20&linkCode=osi&th=1&psc=1"><img src="https://m.media-amazon.com/images/I/51weGpaSjHL._SL500_.jpg" alt="Product Image"></a><p>Bamboo Bread Slicer for Homemade Bread, Adjustable Width Bread Slicing Guides with Sturdy Wooden Cutting Board, Compact and Foldable - Makes Cutting Bagels or Even Bread Slices Easy</p><p> -29% 0FF </p><p>$16.99</p><a href="https://www.amazon.com/dp/B0DL36NMXX?tag=eloabder-20&linkCode=osi&th=1&psc=1">View Product</a></div>
<div class="product"><a href="https://www.amazon.com/dp/B0CY27GX31?tag=eloabder-20&linkCode=osi&th=1&psc=1"><img src="https://m.media-amazon.com/images/I/51WKkplJ9BL._SL500_.jpg" alt="Product Image"></a><p>Willinglong Tortilla Press Set 8 Inch Tortilla Press Dough Scraper Rolling Pin Tortilla Warmer Pouch 300 Pcs Parchment Paper Quesadilla Flour Tortilla Maker Press for Homemade Roti Taco Press</p><p> -29% 0FF </p><p>$16.99</p><a href="https://www.amazon.com/dp/B0CY27GX31?tag=eloabder-20&linkCode=osi&th=1&psc=1">View Product</a></div><div class="product"><a href="https://www.amazon.com/dp/B0CD875X8N?tag=eloabder-20&linkCode=osi&th=1&psc=1"><img src="https://m.media-amazon.com/images/I/31WugZVklGL._SL500_.jpg" alt="Product Image"></a><p>Wooden Tortilla Press 10 Inches Wood Tortilla Press Maker, with Rolling Pin & 50 Pcs Parchment Paper, for Homemade Mexican Tortillera, Roti, Chapati, Taco, Pataconera, Burritos and Dough Press</p><p> -11% 0FF </p><p>$25.99</p><a href="https://www.amazon.com/dp/B0CD875X8N?tag=eloabder-20&linkCode=osi&th=1&psc=1">View Product</a></div><div class="product"><a href="https://www.amazon.com/dp/B0CYLFCP7W?tag=eloabder-20&linkCode=osi&th=1&psc=1"><img src="https://m.media-amazon.com/images/I/515gTtiF0CL._SL500_.jpg" alt="Product Image"></a><p>Willinglong 6 Pcs Tortilla Press Set 8inch Aluminum Alloy Tortilla Press Comal Pan Dough Scraper Rolling Pin Warmer Pouch 300 Pcs Parchment Paper Bundle of Tortilla Skillet for Making Roti Taco</p><p> -6% 0FF </p><p>$32.99</p><a href="https://www.amazon.com/dp/B0CYLFCP7W?tag=eloabder-20&linkCode=osi&th=1&psc=1">View Product</a></div><div class="product"><a href="https://www.amazon.com/dp/B0D8Q28QP2?tag=eloabder-20&linkCode=osi&th=1&psc=1"><img src="https://m.media-amazon.com/images/I/31hkwaRqBxL._SL500_.jpg" alt="Product Image"></a><p>Wooden Tortilla Press 10 Inches with Rolling Pin & 50 Pcs Parchment Paper Mexican Tortillera Presser Homemade Tortillas Roti Pataconera Dough Press</p><p> -7% 0FF </p><p>$27.99</p><a href="https://www.amazon.com/dp/B0D8Q28QP2?tag=eloabder-20&linkCode=osi&th=1&psc=1">View Product</a></div>
<div class="product"><a href="https://www.amazon.com/dp/B00K05AZ3W?tag=eloabder-20&linkCode=osi&th=1&psc=1"><img src="https://m.media-amazon.com/images/I/41PyWMwn9ZL._SL500_.jpg" alt="Product Image"></a><p>Betty Crocker Countertop Pizza Maker, 1440-Watt Pizza Maker Machine for Home, BC-2958CR</p><p> -20% 0FF </p><p>$42.99</p><a href="https://www.amazon.com/dp/B00K05AZ3W?tag=eloabder-20&linkCode=osi&th=1&psc=1">View Product</a></div><div class="product"><a href="https://www.amazon.com/dp/B0DB5HJDS8?tag=eloabder-20&linkCode=osi&th=1&psc=1"><img src="https://m.media-amazon.com/images/I/41e4O73x4IL._SL500_.jpg" alt="Product Image"></a><p>Mesliese Vacuum Sealer Machine 90Kpa 6-in-1 Compact Food Vacuum Sealing Preservation System with Cutter | 2 Bag Rolls | 5 Pre-cut Bags | Dry&Moist Modes | ETL Listed (Dark Gray)</p><p> -44% 0FF </p><p>$89.99</p><a href="https://www.amazon.com/dp/B0DB5HJDS8?tag=eloabder-20&linkCode=osi&th=1&psc=1">View Product</a></div>
<div class="product"><a href="https://www.amazon.com/dp/B001HT67AA?tag=eloabder-20&linkCode=osi&th=1&psc=1"><img src="https://m.media-amazon.com/images/I/21sfYCxrXVL._SL500_.jpg" alt="Product Image"></a><p>Samsung Tray Ice Part # Da63-02284B</p><p> -30% 0FF </p><p>$17.89</p><a href="https://www.amazon.com/dp/B001HT67AA?tag=eloabder-20&linkCode=osi&th=1&psc=1">View Product</a></div>
<div class="product"><a href="https://www.amazon.com/dp/B001U0274Q?tag=eloabder-20&linkCode=osi&th=1&psc=1"><img src="https://m.media-amazon.com/images/I/41LkyrO5JuL._SL500_.jpg" alt="Product Image"></a><p>FoodSaver Custom Fit Airtight Food Storage and Sous Vide Vacuum Sealer Bags, 8 x 20' (Pack of 3), Perfect for Meal Prep and Sous Vide Cooking</p><p> -21% 0FF </p><p>$29.99 ($10.00 / Count)</p><a href="https://www.amazon.com/dp/B001U0274Q?tag=eloabder-20&linkCode=osi&th=1&psc=1">View Product</a></div><div class="product"><a href="https://www.amazon.com/dp/B0D56W5ML2?tag=eloabder-20&linkCode=osi&th=1&psc=1"><img src="https://m.media-amazon.com/images/I/51XP-5KMw4L._SL500_.jpg" alt="Product Image"></a><p>Dreamealthy Auto Vacuum Seal Containers for Food Storage - 1L+1.5L Vacuum Coffee Canister Sets with Pump. Shatterproof & SmellProof Tritan Airtight Storage Container Kit, Reduce Plactic Vacuum Bag Use</p><p> -5% 0FF </p><p>$56.99</p><a href="https://www.amazon.com/dp/B0D56W5ML2?tag=eloabder-20&linkCode=osi&th=1&psc=1">View Product</a></div><div class="product"><a href="https://www.amazon.com/dp/B099H7J8PN?tag=eloabder-20&linkCode=osi&th=1&psc=1"><img src="https://m.media-amazon.com/images/I/31-0GJisbvL._SL500_.jpg" alt="Product Image"></a><p>ZWILLING Fresh & Save Medium Vacuum Sealer Container, Airtight Food Storage Container, Meal Prep Container, BPA-Free, Grey</p><p> -37% 0FF </p><p>$18.99</p><a href="https://www.amazon.com/dp/B099H7J8PN?tag=eloabder-20&linkCode=osi&th=1&psc=1">View Product</a></div>
<div class="product"><a href="https://www.amazon.com/dp/B07RKRK7FD?tag=eloabder-20&linkCode=osi&th=1&psc=1"><img src="https://m.media-amazon.com/images/I/31g2QgxtCuL._SL500_.jpg" alt="Product Image"></a><p>Wevac Vacuum Sealer Bags 8x50 Rolls 2 pack for Food Saver, Seal a Meal, Weston. Commercial Grade, BPA Free, Heavy Duty, Great for vac storage, Meal Prep or Sous Vide</p><p> -40% 0FF </p><p>$17.99 ($9.00 / Count)</p><a href="https://www.amazon.com/dp/B07RKRK7FD?tag=eloabder-20&linkCode=osi&th=1&psc=1">View Product</a></div><div class="product"><a href="https://www.amazon.com/dp/B00UTFZB82?tag=eloabder-20&linkCode=osi&th=1&psc=1"><img src="https://m.media-amazon.com/images/I/41WdlL5T0dL._SL500_.jpg" alt="Product Image"></a><p>Miele AirClean 3D Efficiency Dust Bag, Type FJM, 4 Bags & 2 Filters, White</p><p> -35% 0FF </p><p>$14.99</p><a href="https://www.amazon.com/dp/B00UTFZB82?tag=eloabder-20&linkCode=osi&th=1&psc=1">View Product</a></div><div class="product"><a href="https://www.amazon.com/dp/B07TV5RNQL?tag=eloabder-20&linkCode=osi&th=1&psc=1"><img src="https://m.media-amazon.com/images/I/31HJO9GuJZL._SL500_.jpg" alt="Product Image"></a><p>Wevac Vacuum Sealer Bags 100 Quart 8x12 Inch for Food Saver, Seal a Meal, Weston. Commercial Grade, BPA Free, Heavy Duty, Great for vac storage, Meal Prep or Sous Vide</p><p> -6% 0FF </p><p>$16.99</p><a href="https://www.amazon.com/dp/B07TV5RNQL?tag=eloabder-20&linkCode=osi&th=1&psc=1">View Product</a></div><div class="product"><a href="https://www.amazon.com/dp/B01D5TM5QE?tag=eloabder-20&linkCode=osi&th=1&psc=1"><img src="https://m.media-amazon.com/images/I/51qQLZaPFuL._SL500_.jpg" alt="Product Image"></a><p>FoodSaver Custom Fit Vacuum Sealer Bags, Airtight Food Storage and Sous Vide Rolls, BPA-Free, 11 x 16' , 3 Count ( Pack of 1)</p><p> -16% 0FF </p><p>$27.66 ($9.22 / Count)</p><a href="https://www.amazon.com/dp/B01D5TM5QE?tag=eloabder-20&linkCode=osi&th=1&psc=1">View Product</a></div>
<div class="product"><a href="https://www.amazon.com/dp/B0CWLC9YK6?tag=eloabder-20&linkCode=osi&th=1&psc=1"><img src="https://m.media-amazon.com/images/I/415B7NyYufL._SL500_.jpg" alt="Product Image"></a><p>Honinst Stand Mixer, 6.5QT 10-Speed Tilt-Head Electric Stand Mixer, 3-In-1 Kitchen Mixer with Bowl, Dough Hook, Whisk and Beater, Food Mixer for Baking, Cake and Most Home Cooks, Black</p><p> -37% 0FF </p><p>$169.99</p><a href="https://www.amazon.com/dp/B0CWLC9YK6?tag=eloabder-20&linkCode=osi&th=1&psc=1">View Product</a></div><div class="product"><a href="https://www.amazon.com/dp/B097SDFSKM?tag=eloabder-20&linkCode=osi&th=1&psc=1"><img src="https://m.media-amazon.com/images/I/51thZZlxEfL._SL500_.jpg" alt="Product Image"></a><p>Stand Mixer, POWWA 7.5 QT Electric Mixer, 6+P Speed 660W Household Tilt-Head Kitchen Food Mixers with Whisk, Dough Hook, Mixing Beater & Splash Guard for Baking, Cake, Cookie, Kneading (Red)</p><p> -25% 0FF </p><p>$99.98</p><a href="https://www.amazon.com/dp/B097SDFSKM?tag=eloabder-20&linkCode=osi&th=1&psc=1">View Product</a></div><div class="product"><a href="https://www.amazon.com/dp/B081SWK6HV?tag=eloabder-20&linkCode=osi&th=1&psc=1"><img src="https://m.media-amazon.com/images/I/51MRbt3XFxL._SL500_.jpg" alt="Product Image"></a><p>VIVOHOME 7.5 Quart Stand Mixer, 660W 6-Speed Tilt-Head Kitchen Electric Food Mixer with Beater, Dough Hook, Wire Whip, and Egg Separator, Red</p><p> -20% 0FF </p><p>$127.99</p><a href="https://www.amazon.com/dp/B081SWK6HV?tag=eloabder-20&linkCode=osi&th=1&psc=1">View Product</a></div>
<div class="product"><a href="https://www.amazon.com/dp/B0CJJN7N7P?tag=eloabder-20&linkCode=osi&th=1&psc=1"><img src="https://m.media-amazon.com/images/I/41YZbs5GBdL._SL500_.jpg" alt="Product Image"></a><p>MUMSUNG Sandwich Cutter and Sealer for Kids, Bread Decruster Sandwich Cutter Pancake Maker, Round Square DIY Cookie Cutters, Great for Lunchbox and Bento Box</p><p> -69% 0FF </p><p>$4.99</p><a href="https://www.amazon.com/dp/B0CJJN7N7P?tag=eloabder-20&linkCode=osi&th=1&psc=1">View Product</a></div><div class="product"><a href="https://www.amazon.com/dp/B0C8C5N1NG?tag=eloabder-20&linkCode=osi&th=1&psc=1"><img src="https://m.media-amazon.com/images/I/41IJqaPrUbL._SL500_.jpg" alt="Product Image"></a><p>Gradient Mode Sandwich Cutter and Sealer, Sandwich Cutter for Kids, Bread Sandwich Decruster, Uncrustables Sandwich Maker, DIY Cookie Cutters, Great for Lunchbox and Bento Box - Boys Girls Kids, Green</p><p> -20% 0FF </p><p>$7.99</p><a href="https://www.amazon.com/dp/B0C8C5N1NG?tag=eloabder-20&linkCode=osi&th=1&psc=1">View Product</a></div>
<div class="product"><a href="https://www.amazon.com/dp/B07JGRYG31?tag=eloabder-20&linkCode=osi&th=1&psc=1"><img src="https://m.media-amazon.com/images/I/31nd-jhgzdL._SL500_.jpg" alt="Product Image"></a><p>Coffee Grinder Cleaning Brush + Coffee Brush Wood Handle & Natural Bristles Pastry Brush</p><p> -13% 0FF </p><p>$6.99</p><a href="https://www.amazon.com/dp/B07JGRYG31?tag=eloabder-20&linkCode=osi&th=1&psc=1">View Product</a></div><div class="product"><a href="https://www.amazon.com/dp/B0D57S8PJP?tag=eloabder-20&linkCode=osi&th=1&psc=1"><img src="https://m.media-amazon.com/images/I/41yqc2Azx6L._SL500_.jpg" alt="Product Image"></a><p>EM Silicone Air Fryer Liners - Pack of 5 Reusable Air Fryer Silicone Liners Including Non- Stick Silicone Mitts, Silicone Basting Pastry Brush, Silicone Kitchen Tongs & 2 Pot Liner–3 to 5 qt</p><p> -8% 0FF </p><p>$12.00</p><a href="https://www.amazon.com/dp/B0D57S8PJP?tag=eloabder-20&linkCode=osi&th=1&psc=1">View Product</a></div><div class="product"><a href="https://www.amazon.com/dp/B0CLGXRV4V?tag=eloabder-20&linkCode=osi&th=1&psc=1"><img src="https://m.media-amazon.com/images/I/31kOdHpkIPL._SL500_.jpg" alt="Product Image"></a><p>Mixer Sliding Mat Compatible with Kitchenaid 4.5 & 5 Quart Stand Mixer, Slider Mat Compatible with 4.5 & 5Qt Kitchenaid Mixer Accessories</p><p> -21% 0FF </p><p>$9.89</p><a href="https://www.amazon.com/dp/B0CLGXRV4V?tag=eloabder-20&linkCode=osi&th=1&psc=1">View Product</a></div><div class="product"><a href="https://www.amazon.com/dp/B0CSYVZ23R?tag=eloabder-20&linkCode=osi&th=1&psc=1"><img src="https://m.media-amazon.com/images/I/41x8RjEPDyL._SL500_.jpg" alt="Product Image"></a><p>LEPCY Uncrustables Sandwich Maker Sealer Cutter, Crustless Sandwich Cutter, PB&J Uncrustable Maker - Color Grey, Square Shape</p><p> -20% 0FF </p><p>$7.99</p><a href="https://www.amazon.com/dp/B0CSYVZ23R?tag=eloabder-20&linkCode=osi&th=1&psc=1">View Product</a></div><div class="product"><a href="https://www.amazon.com/dp/B000I1UTDY?tag=eloabder-20&linkCode=osi&th=1&psc=1"><img src="https://m.media-amazon.com/images/I/213IEK132QL._SL500_.jpg" alt="Product Image"></a><p>Fino Coffee Grinder Brush, Single</p><p> -6% 0FF </p><p>$8.42</p><a href="https://www.amazon.com/dp/B000I1UTDY?tag=eloabder-20&linkCode=osi&th=1&psc=1">View Product</a></div>
<div class="product"><a href="https://www.amazon.com/dp/B089T9CH3Q?tag=eloabder-20&linkCode=osi&th=1&psc=1"><img src="https://m.media-amazon.com/images/I/21HK29dxKaL._SL500_.jpg" alt="Product Image"></a><p>Instant Pot Official Silicone Oven Mitt with Extra Grip, Heat Resistant up to 500°F, Extra Protection, Ribbed Texture for Maximum Dexterity, Compatible with 3 Qt., 6 Qt., 8 Qt. Cookers, Red</p><p> -50% 0FF </p><p>$8.99</p><a href="https://www.amazon.com/dp/B089T9CH3Q?tag=eloabder-20&linkCode=osi&th=1&psc=1">View Product</a></div><div class="product"><a href="https://www.amazon.com/dp/B0C5N35639?tag=eloabder-20&linkCode=osi&th=1&psc=1"><img src="https://m.media-amazon.com/images/I/41wEzgGF0xL._SL500_.jpg" alt="Product Image"></a><p>EM Silicone Air Fryer Liners Set of 5 – Air Fryer Liners Reusable Include Waffle Mold, Egg Bite Mold, Oven Mitts – Food-Grade Temperature Resistant Air Fryer Accessories for 3-5 Quart Air Fryers</p><p> -12% 0FF </p><p>$21.99</p><a href="https://www.amazon.com/dp/B0C5N35639?tag=eloabder-20&linkCode=osi&th=1&psc=1">View Product</a></div>
<div class="product"><a href="https://www.amazon.com/dp/B0B395B11P?tag=eloabder-20&linkCode=osi&th=1&psc=1"><img src="https://m.media-amazon.com/images/I/31tkUVs-mbL._SL500_.jpg" alt="Product Image"></a><p>SIUDANGKA Heat Resistant Mat for Air Fryer with Sliding Function, 2 Pcs 15 * 18 in Heat Resistant Pad Sliding Caddy Countertop Protector Mat Air Fryer Mat for Most XL Air Fryer Oven Microwave Oven</p><p> -7% 0FF </p><p>$17.75</p><a href="https://www.amazon.com/dp/B0B395B11P?tag=eloabder-20&linkCode=osi&th=1&psc=1">View Product</a></div>
<div class="product"><a href="https://www.amazon.com/dp/B09QCRNNK7?tag=eloabder-20&linkCode=osi&th=1&psc=1"><img src="https://m.media-amazon.com/images/I/31I-XJQCuUL._SL500_.jpg" alt="Product Image"></a><p>COKUNST Electric Wine Openers, Reusable Wine Bottle Corkscrew Opener with Foil Cutter, Battery Operated Stainless Steel Wine Remover for Home Kitchen Party Bar Restaurant</p><p> -25% 0FF </p><p>$14.99</p><a href="https://www.amazon.com/dp/B09QCRNNK7?tag=eloabder-20&linkCode=osi&th=1&psc=1">View Product</a></div><div class="product"><a href="https://www.amazon.com/dp/B00NOPV4JY?tag=eloabder-20&linkCode=osi&th=1&psc=1"><img src="https://m.media-amazon.com/images/I/31sTM1MRFWL._SL500_.jpg" alt="Product Image"></a><p>Rabbit Automatic Electric Corkscrew Wine Bottle Opener, One Size, Silver</p><p> -23% 0FF </p><p>$39.99</p><a href="https://www.amazon.com/dp/B00NOPV4JY?tag=eloabder-20&linkCode=osi&th=1&psc=1">View Product</a></div>


<div class="product"><a href="https://www.amazon.com/dp/B01FXMW4AS?tag=eloabder-20&linkCode=osi&th=1&psc=1"><img src="https://m.media-amazon.com/images/I/41Wq-KNZFDL._SL500_.jpg" alt="Product Image"></a><p>Whynter Ice Cream Maker Machine Automatic 2.1 Qt. upright with Built-in Compressor, LCD Digital Display & Timer, No Pre-Freezing, ICM-201SB, Stainless Steel</p><p> -29% 0FF </p><p>$299.00</p><a href="https://www.amazon.com/dp/B01FXMW4AS?tag=eloabder-20&linkCode=osi&th=1&psc=1">View Product</a></div><div class="product"><a href="https://www.amazon.com/dp/B002NQN0MY?tag=eloabder-20&linkCode=osi&th=1&psc=1"><img src="https://m.media-amazon.com/images/I/41K223aT3zL._SL500_.jpg" alt="Product Image"></a><p>Nemco Ice Cream Dipper Station Spadewell (Excluding Divider) - 10"</p><p> -26% 0FF </p><p>$183.70</p><a href="https://www.amazon.com/dp/B002NQN0MY?tag=eloabder-20&linkCode=osi&th=1&psc=1">View Product</a></div><div class="product"><a href="https://www.amazon.com/dp/B0CZP59DNQ?tag=eloabder-20&linkCode=osi&th=1&psc=1"><img src="https://m.media-amazon.com/images/I/41T9b8zapyL._SL500_.jpg" alt="Product Image"></a><p>1.2-Quart Touch Screen Automatic Ice Cream Maker with Compressor, No Pre-freezing, 4 Modes Frozen Yogurt Machine with LCD Display & Timer, Electric Sorbet Maker Gelato Maker, Keep Cool Function</p><p> -17% 0FF </p><p>$115.99</p><a href="https://www.amazon.com/dp/B0CZP59DNQ?tag=eloabder-20&linkCode=osi&th=1&psc=1">View Product</a></div><div class="product"><a href="https://www.amazon.com/dp/B00N63J432?tag=eloabder-20&linkCode=osi&th=1&psc=1"><img src="https://m.media-amazon.com/images/I/41wEAeSx4UL._SL500_.jpg" alt="Product Image"></a><p>Whynter Ice Cream Maker Machine Automatic 2.1 Qt with Built-in Compressor, LCD Digital Display & Timer, No Pre-Freezing, ICM-200LS, Stainless Steel</p><p> -14% 0FF </p><p>$256.79</p><a href="https://www.amazon.com/dp/B00N63J432?tag=eloabder-20&linkCode=osi&th=1&psc=1">View Product</a></div>

<div class="product"><a href="https://www.amazon.com/dp/B0DC68RRGT?tag=eloabder-20&linkCode=osi&th=1&psc=1"><img src="https://m.media-amazon.com/images/I/51VZAdAIKxL._SL500_.jpg" alt="Product Image"></a><p>Upgrade Pizza Oven,12 Inch Electric Pizza Oven Indoor Portable,Stone Pizza Oven,1200W Portable Countertop Pizza Ovens with Viewing Window</p><p> -10% 0FF </p><p>$179.99</p><a href="https://www.amazon.com/dp/B0DC68RRGT?tag=eloabder-20&linkCode=osi&th=1&psc=1">View Product</a></div><div class="product"><a href="https://www.amazon.com/dp/B0CZ4GLJ5Z?tag=eloabder-20&linkCode=osi&th=1&psc=1"><img src="https://m.media-amazon.com/images/I/51t+B-N3asL._SL500_.jpg" alt="Product Image"></a><p>PIEZANO Crispy Crust Pizza Oven by Granitestone – Electric Pizza Oven Indoor Portable, 12 Inch Indoor Pizza Oven Countertop, Pizza Maker Heats up to 800˚F for Stone Baked Pizza at Home - Red</p><p> -35% 0FF </p><p>$129.99</p><a href="https://www.amazon.com/dp/B0CZ4GLJ5Z?tag=eloabder-20&linkCode=osi&th=1&psc=1">View Product</a></div><div class="product"><a href="https://www.amazon.com/dp/B0CQ5M9FFT?tag=eloabder-20&linkCode=osi&th=1&psc=1"><img src="https://m.media-amazon.com/images/I/311GBQPr5lL._SL500_.jpg" alt="Product Image"></a><p>Cuisinart Indoor Pizza Oven – Bake 12” Pizzas in Minutes – Portable Countertop Pizza Oven – Matte Black Stainless Steel - CPZ-120MB</p><p> -50% 0FF </p><p>$199.95</p><a href="https://www.amazon.com/dp/B0CQ5M9FFT?tag=eloabder-20&linkCode=osi&th=1&psc=1">View Product</a></div><div class="product"><a href="https://www.amazon.com/dp/B0CGMGK7GK?tag=eloabder-20&linkCode=osi&th=1&psc=1"><img src="https://m.media-amazon.com/images/I/41-rJaq3d2L._SL500_.jpg" alt="Product Image"></a><p>CHEFMAN Indoor Pizza Oven - Makes 12 Inch Pizzas in Minutes, Heats up to 800°F - Countertop Electric Pizza Maker with 5 Touchscreen Presets, Pizza Stone and Peel Included - Stainless Black</p><p> -45% 0FF </p><p>$219.98</p><a href="https://www.amazon.com/dp/B0CGMGK7GK?tag=eloabder-20&linkCode=osi&th=1&psc=1">View Product</a></div><div class="product"><a href="https://www.amazon.com/dp/B0CS79GLB4?tag=eloabder-20&linkCode=osi&th=1&psc=1"><img src="https://m.media-amazon.com/images/I/41VR6CcjGiL._SL500_.jpg" alt="Product Image"></a><p>KitchenAid Digital Countertop Oven with Air Fry & Pizza Stone, KCO128CU, Contour Silver</p><p> -21% 0FF </p><p>$219.99</p><a href="https://www.amazon.com/dp/B0CS79GLB4?tag=eloabder-20&linkCode=osi&th=1&psc=1">View Product</a></div><div class="product"><a href="https://www.amazon.com/dp/B0DJW43ZLQ?tag=eloabder-20&linkCode=osi&th=1&psc=1"><img src="https://m.media-amazon.com/images/I/41Sh2kNi-oL._SL500_.jpg" alt="Product Image"></a><p>Pizza Oven, 12-Inch Pizza Oven Indoor, 1200W Portable Pizza Maker, Electric Pizza Oven with Timer, Temperature Controller, Suitable for Home, Outdoor, Pizza Shop</p><p> -37% 0FF </p><p>$119.99</p><a href="https://www.amazon.com/dp/B0DJW43ZLQ?tag=eloabder-20&linkCode=osi&th=1&psc=1">View Product</a></div><div class="product"><a href="https://www.amazon.com/dp/B0D3RX91T1?tag=eloabder-20&linkCode=osi&th=1&psc=1"><img src="https://m.media-amazon.com/images/I/41e96oobueL._SL500_.jpg" alt="Product Image"></a><p>Chefman Everything Maker & Pizza Oven – 1440W Countertop Electric Pizza Maker with 12” Nonstick Cooking Plates, Make Pizza, Quesadillas, Omelettes and More, with Indicator Lights and Vertical Storage</p><p> -30% 0FF </p><p>$41.99</p><a href="https://www.amazon.com/dp/B0D3RX91T1?tag=eloabder-20&linkCode=osi&th=1&psc=1">View Product</a></div>
<div class="product"><a href="https://www.amazon.com/dp/B0BCFHN228?tag=eloabder-20&linkCode=osi&th=1&psc=1"><img src="https://m.media-amazon.com/images/I/51EI-QKzMqL._SL500_.jpg" alt="Product Image"></a><p>Pressing Cloth for Ironing Scorch Mesh, Heat Resistant Ironing Cloth Protective Insulation Pad, Saving Ironing Protector Mesh Cloth (White - 2 Pack)</p><p> -16% 0FF </p><p>$7.59</p><a href="https://www.amazon.com/dp/B0BCFHN228?tag=eloabder-20&linkCode=osi&th=1&psc=1">View Product</a></div>
<div class="product"><a href="https://www.amazon.com/dp/B099J26M9V?tag=eloabder-20&linkCode=osi&th=1&psc=1"><img src="https://m.media-amazon.com/images/I/51VUj081IkL._SL500_.jpg" alt="Product Image"></a><p>The Original Korcci 3 Quart Microwave Glass Popcorn Popper, Borosilicate Glass, Dishwasher Safe, 3-in-1 Silicone Lid, BPA Free, Family Size (Blue)</p><p> -15% 0FF </p><p>$16.09</p><a href="https://www.amazon.com/dp/B099J26M9V?tag=eloabder-20&linkCode=osi&th=1&psc=1">View Product</a></div><div class="product"><a href="https://www.amazon.com/dp/B01LZZGH3R?tag=eloabder-20&linkCode=osi&th=1&psc=1"><img src="https://m.media-amazon.com/images/I/51zn6nlVyZL._SL500_.jpg" alt="Product Image"></a><p>BELLA Electric Skillet and Frying Pan with Glass Lid, Nonstick Coating, Cool Touch Handles, Removable Heating Probe, Dishwasher Safe, 12 x 12 inch, Copper</p><p> -23% 0FF </p><p>$26.99</p><a href="https://www.amazon.com/dp/B01LZZGH3R?tag=eloabder-20&linkCode=osi&th=1&psc=1">View Product</a></div>
<div class="product"><a href="https://www.amazon.com/dp/B0DCRZ8NKH?tag=eloabder-20&linkCode=osi&th=1&psc=1"><img src="https://m.media-amazon.com/images/I/41AZ4+X3MsL._SL500_.jpg" alt="Product Image"></a><p>Coffee Filter Holder, Coffee Filter Storage, Filter Paper Holder for Counter Table Napkin Holder Coffee Filter Paper Rack Coffee Bar Gifts Coffee Paper Container for Office Home Kitchen Restaurant</p><p> -13% 0FF </p><p>$6.99</p><a href="https://www.amazon.com/dp/B0DCRZ8NKH?tag=eloabder-20&linkCode=osi&th=1&psc=1">View Product</a></div>
<div class="product"><a href="https://www.amazon.com/dp/B0D3WPZSRF?tag=eloabder-20&linkCode=osi&th=1&psc=1"><img src="https://m.media-amazon.com/images/I/41QGqRpS8hL._SL500_.jpg" alt="Product Image"></a><p>Gypie Coffee Bar Organizer Countertop, 2 Tier Coffee Syrup Organizer Stand Nespresso Coffee Bar Syrup Rack for Coffee Station, Spice Rack for Kitchen, Black</p><p> -57% 0FF </p><p>$9.99</p><a href="https://www.amazon.com/dp/B0D3WPZSRF?tag=eloabder-20&linkCode=osi&th=1&psc=1">View Product</a></div><div class="product"><a href="https://www.amazon.com/dp/B0BKH17CG9?tag=eloabder-20&linkCode=osi&th=1&psc=1"><img src="https://m.media-amazon.com/images/I/41a4dM5cDTL._SL500_.jpg" alt="Product Image"></a><p>Electric Salt and Pepper Grinder Set - Automatic Salt and Pepper Grinder Set Rechargeable - Light Up Electronic Salt and Pepper Shakers with LED Light, Electric Pepper Grinder & Salt Grinder, Set of 2</p><p> -14% 0FF </p><p>$29.99</p><a href="https://www.amazon.com/dp/B0BKH17CG9?tag=eloabder-20&linkCode=osi&th=1&psc=1">View Product</a></div><div class="product"><a href="https://www.amazon.com/dp/B0DD9KVMFN?tag=eloabder-20&linkCode=osi&th=1&psc=1"><img src="https://m.media-amazon.com/images/I/51C8Rw1wopL._SL500_.jpg" alt="Product Image"></a><p>Urban Aura Spice & Herb Grinder, (Black) -Suitable Kitchen (2.5In)</p><p> -5% 0FF </p><p>$9.49</p><a href="https://www.amazon.com/dp/B0DD9KVMFN?tag=eloabder-20&linkCode=osi&th=1&psc=1">View Product</a></div><div class="product"><a href="https://www.amazon.com/dp/B08M4FD4WR?tag=eloabder-20&linkCode=osi&th=1&psc=1"><img src="https://m.media-amazon.com/images/I/51Jzqb5OvzL._SL500_.jpg" alt="Product Image"></a><p>Magic Mill Food Dehydrator Machine | 5 Stackable Stainless Steel Trays Jerky Dryer with Digital Adjustable Timer & Temperature Control - Electric Food Preserver for Fruits, Veggies, Meats & Dog Treats</p><p> -12% 0FF </p><p>$52.99</p><a href="https://www.amazon.com/dp/B08M4FD4WR?tag=eloabder-20&linkCode=osi&th=1&psc=1">View Product</a></div>
<div class="product"><a href="https://www.amazon.com/dp/B001AAHW6E?tag=eloabder-20&linkCode=osi&th=1&psc=1"><img src="https://m.media-amazon.com/images/I/31q3kq-dcJL._SL500_.jpg" alt="Product Image"></a><p>Whirlpool 2179404KRA Beverage Rack for Refrigerators, White – Replaces 2179404KR</p><p> -23% 0FF </p><p>$19.00</p><a href="https://www.amazon.com/dp/B001AAHW6E?tag=eloabder-20&linkCode=osi&th=1&psc=1">View Product</a></div><div class="product"><a href="https://www.amazon.com/dp/B08BJ9RPSS?tag=eloabder-20&linkCode=osi&th=1&psc=1"><img src="https://m.media-amazon.com/images/I/41mLJ0zepPL._SL500_.jpg" alt="Product Image"></a><p>BLACK+DECKER 24 Bottle Wine Fridge with LED Display, Compressor Cooling Wine Cooler Refrigerator with Interior Light, Temperature Controlled Wine Bottle Chiller with Fridge Wine Rack</p><p> -8% 0FF </p><p>$227.82</p><a href="https://www.amazon.com/dp/B08BJ9RPSS?tag=eloabder-20&linkCode=osi&th=1&psc=1">View Product</a></div>
<div class="product"><a href="https://www.amazon.com/dp/B09S5YHJZV?tag=eloabder-20&linkCode=osi&th=1&psc=1"><img src="https://m.media-amazon.com/images/I/41qbqyQ7jDL._SL500_.jpg" alt="Product Image"></a><p>Philips Sparkling Water Maker Soda Maker Machine for Home Carbonating with BPA free PET 1L Carbonating Bottle, Compatible with Any Screw-in 60L CO2 Exchange Carbonator(NOT Included), Grey Plastic</p><p> -17% 0FF </p><p>$49.99</p><a href="https://www.amazon.com/dp/B09S5YHJZV?tag=eloabder-20&linkCode=osi&th=1&psc=1">View Product</a></div>
<div class="product"><a href="https://www.amazon.com/dp/B000U8L1KU?tag=eloabder-20&linkCode=osi&th=1&psc=1"><img src="https://m.media-amazon.com/images/I/31Tcg4WHrrL._SL500_.jpg" alt="Product Image"></a><p>Thermos 34-Ounce Vacuum Insulated Stainless Steel Carafe</p><p> -13% 0FF </p><p>$42.99</p><a href="https://www.amazon.com/dp/B000U8L1KU?tag=eloabder-20&linkCode=osi&th=1&psc=1">View Product</a></div><div class="product"><a href="https://www.amazon.com/dp/B01MRGIZE9?tag=eloabder-20&linkCode=osi&th=1&psc=1"><img src="https://m.media-amazon.com/images/I/41-8Fhz+uGL._SL500_.jpg" alt="Product Image"></a><p>Airpot Coffee Dispenser with Pump - 102 oz Insulated Stainless Steel Coffee Carafe - Thermal Beverage Dispenser - Thermos Urn for Hot/Cold Water, Party Chocolate Drinks</p><p> -32% 0FF </p><p>$40.99</p><a href="https://www.amazon.com/dp/B01MRGIZE9?tag=eloabder-20&linkCode=osi&th=1&psc=1">View Product</a></div><div class="product"><a href="https://www.amazon.com/dp/B01F8P78IS?tag=eloabder-20&linkCode=osi&th=1&psc=1"><img src="https://m.media-amazon.com/images/I/51mk2cW-ajL._SL500_.jpg" alt="Product Image"></a><p>Thermal Coffee Carafe 68oz / 2L - 12 Hours Hot Beverage Dispenser, Insulated Stainless Steel Carafe for Hot Liquids, Coffee Carafes For Keeping Hot Coffee Dispenser for Parties -Large Tea Carafe Flask</p><p> -23% 0FF </p><p>$29.95</p><a href="https://www.amazon.com/dp/B01F8P78IS?tag=eloabder-20&linkCode=osi&th=1&psc=1">View Product</a></div>
<div class="product"><a href="https://www.amazon.com/dp/B0CJJQ7QQR?tag=eloabder-20&linkCode=osi&th=1&psc=1"><img src="https://m.media-amazon.com/images/I/41T7fb2zFLL._SL500_.jpg" alt="Product Image"></a><p>MUMSUNG Sandwich Cutter and Sealer for Kids, DIY Decruster Square Round Heart Pocket Sandwiches, Great for Breakfast Sandwich Maker, Lunchbox and Bento Box</p><p> -67% 0FF </p><p>$7.99</p><a href="https://www.amazon.com/dp/B0CJJQ7QQR?tag=eloabder-20&linkCode=osi&th=1&psc=1">View Product</a></div><div class="product"><a href="https://www.amazon.com/dp/B07KNKS1GC?tag=eloabder-20&linkCode=osi&th=1&psc=1"><img src="https://m.media-amazon.com/images/I/41A7lL8x93L._SL500_.jpg" alt="Product Image"></a><p>DCIGNA 1.2L Mini Rice Cooker, Electric Lunch Box, Travel, Small, Removable Non-stick Pot, Keep Warm Function, Suitable For 1-2 People - For Cooking Soup, Rice, Stews, Grains & Oatmeal</p><p> -35% 0FF </p><p>$25.99</p><a href="https://www.amazon.com/dp/B07KNKS1GC?tag=eloabder-20&linkCode=osi&th=1&psc=1">View Product</a></div><div class="product"><a href="https://www.amazon.com/dp/B083W2RWNL?tag=eloabder-20&linkCode=osi&th=1&psc=1"><img src="https://m.media-amazon.com/images/I/41+rZ7Ja9xL._SL500_.jpg" alt="Product Image"></a><p>HotLogic Max XP Large Portable Electric Lunch Box Food Heater - Expandable Food Warmer Tote and Heated Lunchbox for Adults Work/Car/Home - Cook, Reheat, and Keep Your Food Warm - BLACK - 120V</p><p> -13% 0FF </p><p>$78.27</p><a href="https://www.amazon.com/dp/B083W2RWNL?tag=eloabder-20&linkCode=osi&th=1&psc=1">View Product</a></div><div class="product"><a href="https://www.amazon.com/dp/B0CSW9FXB4?tag=eloabder-20&linkCode=osi&th=1&psc=1"><img src="https://m.media-amazon.com/images/I/41OrYzmJBML._SL500_.jpg" alt="Product Image"></a><p>ZPU Egg Holder Camping, 1Pcs 4 Grid Egg Container for Camping, Plastic Egg Carrier for Camping Picnic Travel Outdoor Refrigerator Kitchen, Shockproof Egg Storage Case, Clear White</p><p> -20% 0FF </p><p>$7.99</p><a href="https://www.amazon.com/dp/B0CSW9FXB4?tag=eloabder-20&linkCode=osi&th=1&psc=1">View Product</a></div>

<div class="product"><a href="https://www.amazon.com/dp/B0BVMYRKRL?tag=eloabder-20&linkCode=osi&th=1&psc=1"><img src="https://m.media-amazon.com/images/I/318s-4hULIL._SL500_.jpg" alt="Product Image"></a><p>Nextmug - Temperature-Controlled, Self-Heating Coffee Mug (Burgundy - 14 oz.)</p><p> -23% 0FF </p><p>$99.95</p><a href="https://www.amazon.com/dp/B0BVMYRKRL?tag=eloabder-20&linkCode=osi&th=1&psc=1">View Product</a></div><div class="product"><a href="https://www.amazon.com/dp/B0DB1DP2KL?tag=eloabder-20&linkCode=osi&th=1&psc=1"><img src="https://m.media-amazon.com/images/I/410VzytA0BL._SL500_.jpg" alt="Product Image"></a><p>Civexa Rechargeable Self Heating Coffee Mug, Fastest Heating & Highest Temperature, 14 Oz App-Controlled Heated Coffee Mug, 1°F Precise Temperature Control Smart Mug Warmer with 150 Min Battery Life</p><p> -33% 0FF </p><p>$79.99</p><a href="https://www.amazon.com/dp/B0DB1DP2KL?tag=eloabder-20&linkCode=osi&th=1&psc=1">View Product</a></div><div class="product"><a href="https://www.amazon.com/dp/B0BYTZ9Q6D?tag=eloabder-20&linkCode=osi&th=1&psc=1"><img src="https://m.media-amazon.com/images/I/41Qw-6ekfQL._SL500_.jpg" alt="Product Image"></a><p>ikago Smart Heated Coffee Mug Warmer & Mug Set - Heated Mug Warmer with Auto Shut Off, 1°F Precise Temperature Control Mug Warmer, Electric Coffee Mug Warmer for Desk, Birthday Gifts for Women and Men</p><p> -14% 0FF </p><p>$59.99</p><a href="https://www.amazon.com/dp/B0BYTZ9Q6D?tag=eloabder-20&linkCode=osi&th=1&psc=1">View Product</a></div><div class="product"><a href="https://www.amazon.com/dp/B0DHTR1H32?tag=eloabder-20&linkCode=osi&th=1&psc=1"><img src="https://m.media-amazon.com/images/I/31sESCtRb7L._SL500_.jpg" alt="Product Image"></a><p>Mug Warmer,Coffee Mug Warmer with 3-Temp Settings,304 Stainless Steel Coffee Warmer with Digital Display, 2-12H Timer Setting Mug Warmer for Desk, Coffee Cup Warmer As Ideal Gift for Coffee Lovers</p><p> -43% 0FF </p><p>$12.59</p><a href="https://www.amazon.com/dp/B0DHTR1H32?tag=eloabder-20&linkCode=osi&th=1&psc=1">View Product</a></div><div class="product"><a href="https://www.amazon.com/dp/B0DHTVV633?tag=eloabder-20&linkCode=osi&th=1&psc=1"><img src="https://m.media-amazon.com/images/I/31WBjhkZIKL._SL500_.jpg" alt="Product Image"></a><p>Mug Warmer,Coffee Mug Warmer with 3 Adjustable Temperature Settings,Coffee Warmer with 2-12H Auto Shutoff Functions,Easy to Clean Mug Warmer for Desk,Coffee Cup Warmer for Ideal Coffee Gifts</p><p> -19% 0FF </p><p>$12.99</p><a href="https://www.amazon.com/dp/B0DHTVV633?tag=eloabder-20&linkCode=osi&th=1&psc=1">View Product</a></div>
<div class="product"><a href="https://www.amazon.com/dp/B0CT5V2ZHR?tag=eloabder-20&linkCode=osi&th=1&psc=1"><img src="https://m.media-amazon.com/images/I/41QSTztkWYL._SL500_.jpg" alt="Product Image"></a><p>Car Electric Kettle: 12V/24V Portable Water Boiler Heated Travel Mug,Multiple Temperature Adjustable Coffee Tea Truck Cup with 304 Stainless Steel Dry Burn Protection & Handy Cup Bag</p><p> -22% 0FF </p><p>$35.99</p><a href="https://www.amazon.com/dp/B0CT5V2ZHR?tag=eloabder-20&linkCode=osi&th=1&psc=1">View Product</a></div><div class="product"><a href="https://www.amazon.com/dp/B09DFM7L6P?tag=eloabder-20&linkCode=osi&th=1&psc=1"><img src="https://m.media-amazon.com/images/I/41EHKsNXzxL._SL500_.jpg" alt="Product Image"></a><p>Muggo 12 oz Self-Heating Coffee Mug with 3 Hour Battery Life, Tea, Coffee, & Hot Beverage Warmer, Heated Travel Mug(L)</p><p> -20% 0FF </p><p>$79.99</p><a href="https://www.amazon.com/dp/B09DFM7L6P?tag=eloabder-20&linkCode=osi&th=1&psc=1">View Product</a></div><div class="product"><a href="https://www.amazon.com/dp/B0DJFBF3SH?tag=eloabder-20&linkCode=osi&th=1&psc=1"><img src="https://m.media-amazon.com/images/I/41IHoQ5MTsL._SL500_.jpg" alt="Product Image"></a><p>Ninja Pod & Grounds Specialty Single-Serve Coffee Maker, K-Cup Pod Compatible, Brews Grounds, Compact Design, Built-In Milk Frother, 56-oz. Reservoir, 6-oz. Cup to 24-oz. Mug Sizes, Stone, PB051ST</p><p> -20% 0FF </p><p>$79.99</p><a href="https://www.amazon.com/dp/B0DJFBF3SH?tag=eloabder-20&linkCode=osi&th=1&psc=1">View Product</a></div><div class="product"><a href="https://www.amazon.com/dp/B0CSDRZSGG?tag=eloabder-20&linkCode=osi&th=1&psc=1"><img src="https://m.media-amazon.com/images/I/31DLZl5VZVL._SL500_.jpg" alt="Product Image"></a><p>Ninja Hot & Iced XL Coffee Maker with Rapid Cold Brew, 4 Brew Styles, 8 Sizes Small Cup to Travel Mug, Single-Serve Coffee Brewer, 12-Cup Carafe, Permanent Filter, Removable Reservoir, Black, CM371</p><p> -33% 0FF </p><p>$99.95</p><a href="https://www.amazon.com/dp/B0CSDRZSGG?tag=eloabder-20&linkCode=osi&th=1&psc=1">View Product</a></div>
<div class="product"><a href="https://www.amazon.com/dp/B0855FZHRW?tag=eloabder-20&linkCode=osi&th=1&psc=1"><img src="https://m.media-amazon.com/images/I/41fTL2yJ5sL._SL500_.jpg" alt="Product Image"></a><p>Ovente 1.7 Liter, BPA-Free Electric Glass Hot Water Kettle with Stainless-Steel Infuser and ProntoFill Technology, Teapot Infuser Perfect for Tea (KG733S+FGK27B)</p><p> -15% 0FF </p><p>$49.57</p><a href="https://www.amazon.com/dp/B0855FZHRW?tag=eloabder-20&linkCode=osi&th=1&psc=1">View Product</a></div>

<div class="product"><a href="https://www.amazon.com/dp/B0C32T9JP5?tag=eloabder-20&linkCode=osi&th=1&psc=1"><img src="https://m.media-amazon.com/images/I/51i64SI1wsL._SL500_.jpg" alt="Product Image"></a><p>HONGBAKE Air Fryer Basket for Oven, 15.6"x11.6" Nonstick Air Fry Crisper Tray with Baking Pan, 2 Pieces Air Frying Accessories, Wide Edge, Gray</p><p> -25% 0FF </p><p>$15.99</p><a href="https://www.amazon.com/dp/B0C32T9JP5?tag=eloabder-20&linkCode=osi&th=1&psc=1">View Product</a></div><div class="product"><a href="https://www.amazon.com/dp/B089YSGMMG?tag=eloabder-20&linkCode=osi&th=1&psc=1"><img src="https://m.media-amazon.com/images/I/51aUBaF3HdL._SL500_.jpg" alt="Product Image"></a><p>Chef Pomodoro Air Fryer Tray for Oven, Copper Crisper Tray, Air Fryer Pans for Toaster Oven, Air Fryer Basket and Tray 2-Piece Set, Air Fryer Baking Pan, Air Fryer basket for Oven (Rectangle)</p><p> -33% 0FF </p><p>$19.99</p><a href="https://www.amazon.com/dp/B089YSGMMG?tag=eloabder-20&linkCode=osi&th=1&psc=1">View Product</a></div><div class="product"><a href="https://www.amazon.com/dp/B0BQ9VBZBH?tag=eloabder-20&linkCode=osi&th=1&psc=1"><img src="https://m.media-amazon.com/images/I/516B1UlyAqL._SL500_.jpg" alt="Product Image"></a><p>Oven Liners for Bottom of Oven with Baking Sheet Liner | Heat Resistant Oven Liners for Bottom of Electric Oven and Teflon Sheets for Baking | Reusable Oven Matt Liner for Bottom of Electric Oven.</p><p> -23% 0FF </p><p>$9.99</p><a href="https://www.amazon.com/dp/B0BQ9VBZBH?tag=eloabder-20&linkCode=osi&th=1&psc=1">View Product</a></div>

<div class="product"><a href="https://www.amazon.com/dp/B08BSP4GL1?tag=eloabder-20&linkCode=osi&th=1&psc=1"><img src="https://m.media-amazon.com/images/I/41gWrVLe75L._SL500_.jpg" alt="Product Image"></a><p>Elite Gourmet EBM8103B Programmable Bread Maker Machine 3 Loaf Sizes, 19 Menu Functions Gluten Free White Wheat Rye French and more, 2 Lbs, Black</p><p> -13% 0FF </p><p>$64.97</p><a href="https://www.amazon.com/dp/B08BSP4GL1?tag=eloabder-20&linkCode=osi&th=1&psc=1">View Product</a></div><div class="product"><a href="https://www.amazon.com/dp/B0CJKNWCG1?tag=eloabder-20&linkCode=osi&th=1&psc=1"><img src="https://m.media-amazon.com/images/I/31wlh9Y94-L._SL500_.jpg" alt="Product Image"></a><p>Silicone Bread Maker, Foldable Nonstick Silicone Bread Pan Easy Release Microwave Dishwasher for Kitchen</p><p> -7% 0FF </p><p>$11.59</p><a href="https://www.amazon.com/dp/B0CJKNWCG1?tag=eloabder-20&linkCode=osi&th=1&psc=1">View Product</a></div>
<div class="product"><a href="https://www.amazon.com/dp/B0BY833XLS?tag=eloabder-20&linkCode=osi&th=1&psc=1"><img src="https://m.media-amazon.com/images/I/41aFMPym+YL._SL500_.jpg" alt="Product Image"></a><p>AWEELON 2 Pcs Silicone Air Fryer Egg Pan Reusable Air Fryer Egg Mold,Non-Stick Air Fryer Baking Pan 3 Cavity Silicone Muffin Pans for Baking Hamburger Bun Pan Air Fryer Accessories</p><p> -10% 0FF </p><p>$8.98</p><a href="https://www.amazon.com/dp/B0BY833XLS?tag=eloabder-20&linkCode=osi&th=1&psc=1">View Product</a></div><div class="product"><a href="https://www.amazon.com/dp/B088TPLBQB?tag=eloabder-20&linkCode=osi&th=1&psc=1"><img src="https://m.media-amazon.com/images/I/31tsE8At5ZL._SL500_.jpg" alt="Product Image"></a><p>SELPONT Pastry Tamper- Wooden Pastry- Double Ended- Dough Tart Tamper- Baking Tool- Shaping Kitchen Tool</p><p> -25% 0FF </p><p>$8.99</p><a href="https://www.amazon.com/dp/B088TPLBQB?tag=eloabder-20&linkCode=osi&th=1&psc=1">View Product</a></div>
<div class="product"><a href="https://www.amazon.com/dp/B01M5JDU2A?tag=eloabder-20&linkCode=osi&th=1&psc=1"><img src="https://m.media-amazon.com/images/I/314-+mGNoUL._SL500_.jpg" alt="Product Image"></a><p>Gotham Steel Round Baking Pan Nonstick Bakeware, Round Cake Pan, – Large 9.5” x 9.5” x 2” Size, Even Heat & Non-Warp Technology, Ultra Nonstick Ceramic Coating, Dishwasher Safe, Brownish</p><p> -18% 0FF </p><p>$16.32</p><a href="https://www.amazon.com/dp/B01M5JDU2A?tag=eloabder-20&linkCode=osi&th=1&psc=1">View Product</a></div><div class="product"><a href="https://www.amazon.com/dp/B0CM67SP45?tag=eloabder-20&linkCode=osi&th=1&psc=1"><img src="https://m.media-amazon.com/images/I/31gSvPX0j5L._SL500_.jpg" alt="Product Image"></a><p>Air Fryer Cake Pan,Pizza Pan and Baking Cake Barrel,Nonstick Coating Backing Fit for HD9925 HD9860 HD9905 01,Dishwasher Safe, Black(22cm)</p><p> -43% 0FF </p><p>$11.88</p><a href="https://www.amazon.com/dp/B0CM67SP45?tag=eloabder-20&linkCode=osi&th=1&psc=1">View Product</a></div>
<div class="product"><a href="https://www.amazon.com/dp/B005XOYUSQ?tag=eloabder-20&linkCode=osi&th=1&psc=1"><img src="https://m.media-amazon.com/images/I/51l6VUhtL1L._SL500_.jpg" alt="Product Image"></a><p>Toas-Tite Sandwich Grill - Handheld Pie Iron, Sandwich Maker, Hand Toaster, Panini and Sandwich Press for Hand Made Hot Sandwiches and Pies - Perfect for Stovetop, Grill and Campfire</p><p> -6% 0FF </p><p>$29.95</p><a href="https://www.amazon.com/dp/B005XOYUSQ?tag=eloabder-20&linkCode=osi&th=1&psc=1">View Product</a></div><div class="product"><a href="https://www.amazon.com/dp/B0C9HX4TLP?tag=eloabder-20&linkCode=osi&th=1&psc=1"><img src="https://m.media-amazon.com/images/I/41j6he2SJ8L._SL500_.jpg" alt="Product Image"></a><p>AILITOR Double Pie Iron Sandwich Maker for Camping, Cast Iron Campfire Pie Cooker, Campfire Cooking Equipment Mountain Pie Maker</p><p> -25% 0FF </p><p>$29.99</p><a href="https://www.amazon.com/dp/B0C9HX4TLP?tag=eloabder-20&linkCode=osi&th=1&psc=1">View Product</a></div><div class="product"><a href="https://www.amazon.com/dp/B0BQ6RF42G?tag=eloabder-20&linkCode=osi&th=1&psc=1"><img src="https://m.media-amazon.com/images/I/415JIGFbKAL._SL500_.jpg" alt="Product Image"></a><p>AILITOR Campfire Sandwich Maker Cast Iron Pack of 4 - Pudgy Pie Maker for Camping, Mountain Pie Cooker</p><p> -5% 0FF </p><p>$94.99</p><a href="https://www.amazon.com/dp/B0BQ6RF42G?tag=eloabder-20&linkCode=osi&th=1&psc=1">View Product</a></div>
<div class="product"><a href="https://www.amazon.com/dp/B00KBUGQNY?tag=eloabder-20&linkCode=osi&th=1&psc=1"><img src="https://m.media-amazon.com/images/I/41XqQqVDzML._SL500_.jpg" alt="Product Image"></a><p>Wilton Candy Melts Candy And Chocolate Melting Pot, 2.5 Cups Capacity, Assorted Colors, Plastic</p><p> -24% 0FF </p><p>$32.99</p><a href="https://www.amazon.com/dp/B00KBUGQNY?tag=eloabder-20&linkCode=osi&th=1&psc=1">View Product</a></div>

<div class="product"><a href="https://www.amazon.com/dp/B07XXMSZ9T?tag=eloabder-20&linkCode=osi&th=1&psc=1"><img src="https://m.media-amazon.com/images/I/31QYFgrmuuL._SL500_.jpg" alt="Product Image"></a><p>MACONEE 12inch Universal Microwave Crisper Pan/Microwave Cookware Crispy Plate Fry Pan, Microwave Cooker for Reheat Frozen Pizza, Chicken Nuggets French Toast with Crisp Effect!</p><p> -5% 0FF </p><p>$34.99</p><a href="https://www.amazon.com/dp/B07XXMSZ9T?tag=eloabder-20&linkCode=osi&th=1&psc=1">View Product</a></div><div class="product"><a href="https://www.amazon.com/dp/B0C95D475H?tag=eloabder-20&linkCode=osi&th=1&psc=1"><img src="https://m.media-amazon.com/images/I/41KfKdcdDbL._SL500_.jpg" alt="Product Image"></a><p>Cuisinart Indoor Pizza Oven – Bake 12” Pizzas in Minutes – Portable Countertop Pizza Oven – Stainless Steel - CPZ-120</p><p> -53% 0FF </p><p>$187.49</p><a href="https://www.amazon.com/dp/B0C95D475H?tag=eloabder-20&linkCode=osi&th=1&psc=1">View Product</a></div><div class="product"><a href="https://www.amazon.com/dp/B0D9HYLN56?tag=eloabder-20&linkCode=osi&th=1&psc=1"><img src="https://m.media-amazon.com/images/I/51KRbs4TdkL._SL500_.jpg" alt="Product Image"></a><p>Presto 03434 Pizzaz Plus Rotating Oven - 12-Inch, Countertop Pizza Oven, Nonstick Tray, Top and Bottom Heating Elements, Easy to Clean, Green/Gold</p><p> -7% 0FF </p><p>$79.00</p><a href="https://www.amazon.com/dp/B0D9HYLN56?tag=eloabder-20&linkCode=osi&th=1&psc=1">View Product</a></div>
<div class="product"><a href="https://www.amazon.com/dp/B077YR9FFG?tag=eloabder-20&linkCode=osi&th=1&psc=1"><img src="https://m.media-amazon.com/images/I/51O2k+YPICL._SL500_.jpg" alt="Product Image"></a><p>Chefman Panini Press Grill and Gourmet Sandwich Maker Non-Stick Coated Plates, Opens 180 Degrees to Fit Any Type or Size of Food, Stainless Steel Surface and Removable Drip Tray, 4 Slice, Black</p><p> -20% 0FF </p><p>$39.96</p><a href="https://www.amazon.com/dp/B077YR9FFG?tag=eloabder-20&linkCode=osi&th=1&psc=1">View Product</a></div><div class="product"><a href="https://www.amazon.com/dp/B0039UU9TU?tag=eloabder-20&linkCode=osi&th=1&psc=1"><img src="https://m.media-amazon.com/images/I/41zMBCGEaoL._SL500_.jpg" alt="Product Image"></a><p>Lodge LPP3 Cast Iron Square Ribbed Panini Press, 8.25-inch</p><p> -7% 0FF </p><p>$29.61</p><a href="https://www.amazon.com/dp/B0039UU9TU?tag=eloabder-20&linkCode=osi&th=1&psc=1">View Product</a></div>
<div class="product"><a href="https://www.amazon.com/dp/B0BMV2R7NH?tag=eloabder-20&linkCode=osi&th=1&psc=1"><img src="https://m.media-amazon.com/images/I/41AU0s48sEL._SL500_.jpg" alt="Product Image"></a><p>Audecook Hot Pot Electric 2L, Cermic Glaze Non-Stick Frying Pan 8 Inch, Portable Travel Cooker for Ramen/Steak/Fried Rice/Oatmeal/Soup, with Dual Power Control (Silicone Spatula Included)</p><p> -24% 0FF </p><p>$37.99</p><a href="https://www.amazon.com/dp/B0BMV2R7NH?tag=eloabder-20&linkCode=osi&th=1&psc=1">View Product</a></div><div class="product"><a href="https://www.amazon.com/dp/B0B7FHK2H7?tag=eloabder-20&linkCode=osi&th=1&psc=1"><img src="https://m.media-amazon.com/images/I/31dqzuWr2sL._SL500_.jpg" alt="Product Image"></a><p>Audecook Hot Pot Electric with Steamer, 1.8L Portable Mini Travel Cooker, Multifunctional Non-Stick Electric Skillet for Stir Fry/Stew/Steam, Perfect for Ramen Noodles/Pasta/Egg/Soup/Oatmeal (White)</p><p> -28% 0FF </p><p>$32.98</p><a href="https://www.amazon.com/dp/B0B7FHK2H7?tag=eloabder-20&linkCode=osi&th=1&psc=1">View Product</a></div>
<div class="product"><a href="https://www.amazon.com/dp/B0002HAEKW?tag=eloabder-20&linkCode=osi&th=1&psc=1"><img src="https://m.media-amazon.com/images/I/31pTwD5u8wL._SL500_.jpg" alt="Product Image"></a><p>Farberware Classic Series Stainless Steel 8-Quart Covered Straining Stockpot with Lid, Stainless Steel Pot with Lid, Silver</p><p> -39% 0FF </p><p>$36.49</p><a href="https://www.amazon.com/dp/B0002HAEKW?tag=eloabder-20&linkCode=osi&th=1&psc=1">View Product</a></div><div class="product"><a href="https://www.amazon.com/dp/B08HR7H63D?tag=eloabder-20&linkCode=osi&th=1&psc=1"><img src="https://m.media-amazon.com/images/I/41kHWurprEL._SL500_.jpg" alt="Product Image"></a><p>Bayou Classic 200-490 30-qt Aluminum Turkey Fryer Kit Features 30-qt Aluminum Stockpot w/ Lid Lift Hook and Rack 1-oz Seasoning Injector 12-in Fry Thermometer 19-in Tall Steel Cooker w/ 4-in Burner</p><p> -6% 0FF </p><p>$157.63 ($157.63 / Count)</p><a href="https://www.amazon.com/dp/B08HR7H63D?tag=eloabder-20&linkCode=osi&th=1&psc=1">View Product</a></div>
<div class="product"><a href="https://www.amazon.com/dp/B0CV4NYDQL?tag=eloabder-20&linkCode=osi&th=1&psc=1"><img src="https://m.media-amazon.com/images/I/41ySRkI3DsL._SL500_.jpg" alt="Product Image"></a><p>Enameled Cast Iron Bread Pan With Lid 9 Piece Complete Bread Baking Set | Dutch Oven for Bread Baking | 10 Inch Bread Oven with Lid | Thick Enamel | Silicone Baking Mat | Banneton | 6 Quart (Red)</p><p> -10% 0FF </p><p>$89.99</p><a href="https://www.amazon.com/dp/B0CV4NYDQL?tag=eloabder-20&linkCode=osi&th=1&psc=1">View Product</a></div><div class="product"><a href="https://www.amazon.com/dp/B0C8WN349L?tag=eloabder-20&linkCode=osi&th=1&psc=1"><img src="https://m.media-amazon.com/images/I/41Fv7R5VoHL._SL500_.jpg" alt="Product Image"></a><p>Ninja Combi All-in-One Multicooker, Oven, & Air Fryer, Complete Meals in 15 Mins, 14-in-1 Functions, Combi Cooker + Air Fry, Bake, Roast, Slow Cook and More, 3 Accessories, Stainless Steel, SFP701</p><p> -22% 0FF </p><p>$179.99</p><a href="https://www.amazon.com/dp/B0C8WN349L?tag=eloabder-20&linkCode=osi&th=1&psc=1">View Product</a></div>





<div class="product"><a href="https://www.amazon.com/dp/B07GV78ZKK?tag=eloabder-20&linkCode=osi&th=1&psc=1"><img src="https://m.media-amazon.com/images/I/31zntCfjdLL._SL500_.jpg" alt="Product Image"></a><p>COMFEE' EM720CPL-PM Countertop Microwave Oven with Sound On/Off, ECO Mode and Easy One-Touch Buttons, 0.7 Cu Ft/700W, Pearl White</p><p> -17% 0FF </p><p>$68.39</p><a href="https://www.amazon.com/dp/B07GV78ZKK?tag=eloabder-20&linkCode=osi&th=1&psc=1">View Product</a></div>
<div class="product"><a href="https://www.amazon.com/dp/B07XMJMCS3?tag=eloabder-20&linkCode=osi&th=1&psc=1"><img src="https://m.media-amazon.com/images/I/419J3Xx48mL._SL500_.jpg" alt="Product Image"></a><p>Elite Gourmet ETO-4510M French Door 47.5Qt, 18-Slice Convection Oven 4-Control Knobs, Bake Broil Toast Rotisserie Keep Warm, Includes 2 x 14" Pizza Racks, Stainless Steel</p><p> -31% 0FF </p><p>$124.99</p><a href="https://www.amazon.com/dp/B07XMJMCS3?tag=eloabder-20&linkCode=osi&th=1&psc=1">View Product</a></div><div class="product"><a href="https://www.amazon.com/dp/B08BXX69K4?tag=eloabder-20&linkCode=osi&th=1&psc=1"><img src="https://m.media-amazon.com/images/I/41D3YEcmwdL._SL500_.jpg" alt="Product Image"></a><p>Ninja DT201 Foodi 10-in-1 XL Pro Air Fry Digital Countertop Convection Toaster Oven with Dehydrate and Reheat, 1800 Watts, Stainless Steel Finish, Silver</p><p> -23% 0FF </p><p>$229.99</p><a href="https://www.amazon.com/dp/B08BXX69K4?tag=eloabder-20&linkCode=osi&th=1&psc=1">View Product</a></div>
<div class="product"><a href="https://www.amazon.com/dp/B0CS3V8M9H?tag=eloabder-20&linkCode=osi&th=1&psc=1"><img src="https://m.media-amazon.com/images/I/412jHCGGR+L._SL500_.jpg" alt="Product Image"></a><p>Ninja Air Fryer Pro XL 6-in-1 with 6.5 QT Capacity, Max Crisp, Air Fry, Air Roast, Bake, Reheat, Dehydrate, Max Crisp Technology with 450F, Nonstick Basket & Crisper Plate, Grey, AF181</p><p> -47% 0FF </p><p>$89.99</p><a href="https://www.amazon.com/dp/B0CS3V8M9H?tag=eloabder-20&linkCode=osi&th=1&psc=1">View Product</a></div>
<div class="product"><a href="https://www.amazon.com/dp/B0B1QSBB8G?tag=eloabder-20&linkCode=osi&th=1&psc=1"><img src="https://m.media-amazon.com/images/I/51cRMyJi-bL._SL500_.jpg" alt="Product Image"></a><p>Ronco ST5000PLAT Digital Showtime Rotisserie, Platinum Edition, Cooks Food Perfectly Every Time, 3 Cooking Modes: Roast, Sear, and No Heat Rotation, Stainless Steel</p><p> -15% 0FF </p><p>$144.99</p><a href="https://www.amazon.com/dp/B0B1QSBB8G?tag=eloabder-20&linkCode=osi&th=1&psc=1">View Product</a></div><div class="product"><a href="https://www.amazon.com/dp/B08JQNN9SY?tag=eloabder-20&linkCode=osi&th=1&psc=1"><img src="https://m.media-amazon.com/images/I/51rWVbBIf+L._SL500_.jpg" alt="Product Image"></a><p>Ronco Showtime EZ-Store Large Capacity Rotisserie & BBQ Oven, Digital Controls, Compact Storage, Perfect Preset Rotation Speed, Self-Basting, Auto Shutoff, Includes Multipurpose Basket, red</p><p> -10% 0FF </p><p>$139.99</p><a href="https://www.amazon.com/dp/B08JQNN9SY?tag=eloabder-20&linkCode=osi&th=1&psc=1">View Product</a></div><div class="product"><a href="https://www.amazon.com/dp/B00IGGJKRY?tag=eloabder-20&linkCode=osi&th=1&psc=1"><img src="https://m.media-amazon.com/images/I/41ZyPJxqGNL._SL500_.jpg" alt="Product Image"></a><p>Ronco 5500 Series Rotisserie Oven, Black</p><p> -7% 0FF </p><p>$139.99</p><a href="https://www.amazon.com/dp/B00IGGJKRY?tag=eloabder-20&linkCode=osi&th=1&psc=1">View Product</a></div><div class="product"><a href="https://www.amazon.com/dp/B016VZYWNS?tag=eloabder-20&linkCode=osi&th=1&psc=1"><img src="https://m.media-amazon.com/images/I/41GY0IMde0L._SL500_.jpg" alt="Product Image"></a><p>NutriChef Vertical Countertop Rotisserie Oven Roaster, Rotating Shawarma And Kebab Machine with Skewer and Rack, Basket Tower, Roasting Rack, Poultry Tower, Drip Tray, For Meat Chicken Turkey Lamb</p><p> -8% 0FF </p><p>$110.28</p><a href="https://www.amazon.com/dp/B016VZYWNS?tag=eloabder-20&linkCode=osi&th=1&psc=1">View Product</a></div><div class="product"><a href="https://www.amazon.com/dp/B01MAWQSW5?tag=eloabder-20&linkCode=osi&th=1&psc=1"><img src="https://m.media-amazon.com/images/I/51hurfu3V2L._SL500_.jpg" alt="Product Image"></a><p>Nutrichef Vertical Countertop Oven with Rotisserie, Bake, Broil, & Kebab Rack Functions - Adjustable Settings - 2 Shelves - 1500W - Thanksgiving Turkey - Includes Grill, Kebab skewer racks & bake pan</p><p> -15% 0FF </p><p>$88.80</p><a href="https://www.amazon.com/dp/B01MAWQSW5?tag=eloabder-20&linkCode=osi&th=1&psc=1">View Product</a></div>
<div class="product"><a href="https://www.amazon.com/dp/B0BJ7VBZ2N?tag=eloabder-20&linkCode=osi&th=1&psc=1"><img src="https://m.media-amazon.com/images/I/31YfjzhQJiL._SL500_.jpg" alt="Product Image"></a><p>LG LRFLC2706S 27 Cu. Ft. French Door Smart Refrigerator in Stainless Steel</p><p> -22% 0FF </p><p>$1,645.31</p><a href="https://www.amazon.com/dp/B0BJ7VBZ2N?tag=eloabder-20&linkCode=osi&th=1&psc=1">View Product</a></div><div class="product"><a href="https://www.amazon.com/dp/B0CL9K8VTH?tag=eloabder-20&linkCode=osi&th=1&psc=1"><img src="https://m.media-amazon.com/images/I/219HZ+NJ2UL._SL500_.jpg" alt="Product Image"></a><p>THFRIONE 18.1 Cu. Ft 36" Inch W. Refrigerator with Ice & Water Dispenser, Inverter Compressor, Auto Defrost, Gray Stainless Steel Finish – Perfect for Kitchens, Homes, or Offices</p><p> -25% 0FF </p><p>$1,499.99</p><a href="https://www.amazon.com/dp/B0CL9K8VTH?tag=eloabder-20&linkCode=osi&th=1&psc=1">View Product</a></div><div class="product"><a href="https://www.amazon.com/dp/B0C2X116TR?tag=eloabder-20&linkCode=osi&th=1&psc=1"><img src="https://m.media-amazon.com/images/I/21W4R5jV3GL._SL500_.jpg" alt="Product Image"></a><p>LG LRFXC2606S 25.5 Cu. Ft. Stainless Steel French Door Smart Refrigerator</p><p> -29% 0FF </p><p>$1,843.47</p><a href="https://www.amazon.com/dp/B0C2X116TR?tag=eloabder-20&linkCode=osi&th=1&psc=1">View Product</a></div><div class="product"><a href="https://www.amazon.com/dp/B07ZL2VL1Q?tag=eloabder-20&linkCode=osi&th=1&psc=1"><img src="https://m.media-amazon.com/images/I/316q4gNbayL._SL500_.jpg" alt="Product Image"></a><p>GE Profile PVD28BYNFS 27.6 Cu.Ft. Stainless French Door Smart Refrigerator</p><p> -44% 0FF </p><p>$2,345.73</p><a href="https://www.amazon.com/dp/B07ZL2VL1Q?tag=eloabder-20&linkCode=osi&th=1&psc=1">View Product</a></div>
<div class="product"><a href="https://www.amazon.com/dp/B0CFG3VR82?tag=eloabder-20&linkCode=osi&th=1&psc=1"><img src="https://m.media-amazon.com/images/I/41mL7IdNaaL._SL500_.jpg" alt="Product Image"></a><p>4986ER0004F Washer Door Boot Gasket - Boot Seal with Drain Port Compatible with LG and Kenmore Replaces: PS3524977, 1377588, 4986ER0004J, 4986ER0004K, AH3524977, 4986ER0004M, 4986ER0004N, EA3524977</p><p> -19% 0FF </p><p>$29.98</p><a href="https://www.amazon.com/dp/B0CFG3VR82?tag=eloabder-20&linkCode=osi&th=1&psc=1">View Product</a></div><div class="product"><a href="https://www.amazon.com/dp/B0CSNKFMHZ?tag=eloabder-20&linkCode=osi&th=1&psc=1"><img src="https://m.media-amazon.com/images/I/41FWvdtKijL._SL500_.jpg" alt="Product Image"></a><p>Upgraded DC97-16140P DC97-19755A Washer Door Gasket Boot Seal Bellow Diaphragm Compatible with Samsung Front Load Washer Door Seal WF45N5300AW/US WF45M5500AZ/A5 WF45K6200AW/A2 WF45K6300AW/A2 Parts</p><p> -13% 0FF </p><p>$45.77</p><a href="https://www.amazon.com/dp/B0CSNKFMHZ?tag=eloabder-20&linkCode=osi&th=1&psc=1">View Product</a></div>
<div class="product"><a href="https://www.amazon.com/dp/B0C4PRS41W?tag=eloabder-20&linkCode=osi&th=1&psc=1"><img src="https://m.media-amazon.com/images/I/41Xc8Et+m2L._SL500_.jpg" alt="Product Image"></a><p>ROVSUN 13.2LB Portable Clothes Dryer, 3.5 Cu.Ft High End Front Load Tumble Laundry Dryer with LCD Touch Screen, Stainless Steel Tub for Apartment, Home, Dorm-110V, Luxury Grey</p><p> -6% 0FF </p><p>$289.99</p><a href="https://www.amazon.com/dp/B0C4PRS41W?tag=eloabder-20&linkCode=osi&th=1&psc=1">View Product</a></div><div class="product"><a href="https://www.amazon.com/dp/B0BV6M9MB8?tag=eloabder-20&linkCode=osi&th=1&psc=1"><img src="https://m.media-amazon.com/images/I/31UNxYC9C6L._SL500_.jpg" alt="Product Image"></a><p>BLACK+DECKER Compact Clothes Dryer, 1.5 Cu. Ft. 850W Electric Dryer, 120V Vented Portable Dryer with Stainless Steel Drum, Mini Dryer for 3.3 lbs. of Laundry for Standard Wall Outlet</p><p> -6% 0FF </p><p>$244.07</p><a href="https://www.amazon.com/dp/B0BV6M9MB8?tag=eloabder-20&linkCode=osi&th=1&psc=1">View Product</a></div>
<div class="product"><a href="https://www.amazon.com/dp/B09QGHYFY3?tag=eloabder-20&linkCode=osi&th=1&psc=1"><img src="https://m.media-amazon.com/images/I/51WzNNtcNxL._SL500_.jpg" alt="Product Image"></a><p>VEVOR Commercial Convection Oven, 66L/60Qt, Half-Size Conventional Oven Countertop, 1800W 4-Tier Toaster w/Front Glass Door, w/Trays Wire Racks Clip Gloves, 120V</p><p> -8% 0FF </p><p>$459.99</p><a href="https://www.amazon.com/dp/B09QGHYFY3?tag=eloabder-20&linkCode=osi&th=1&psc=1">View Product</a></div><div class="product"><a href="https://www.amazon.com/dp/B0BZ52FLKC?tag=eloabder-20&linkCode=osi&th=1&psc=1"><img src="https://m.media-amazon.com/images/I/51xS1rDuyiL._SL500_.jpg" alt="Product Image"></a><p>Emeril Lagasse Dual Zone 360 Air Fryer Oven Combo with French Door, 25 QT Extra Large Cook Two Foods in Different Ways, Up to 60% Faster from Frozen to Finish</p><p> -12% 0FF </p><p>$264.50</p><a href="https://www.amazon.com/dp/B0BZ52FLKC?tag=eloabder-20&linkCode=osi&th=1&psc=1">View Product</a></div><div class="product"><a href="https://www.amazon.com/dp/B0BRL9F8HV?tag=eloabder-20&linkCode=osi&th=1&psc=1"><img src="https://m.media-amazon.com/images/I/41OVh-RKLgL._SL500_.jpg" alt="Product Image"></a><p>Ninja DCT451 12-in-1 Smart Double Oven with FlexDoor, Thermometer, FlavorSeal, Smart Finish, Rapid Top Convection and Air Fry Bottom , Stainless Steel (pack of 1)</p><p> -20% 0FF </p><p>$279.99</p><a href="https://www.amazon.com/dp/B0BRL9F8HV?tag=eloabder-20&linkCode=osi&th=1&psc=1">View Product</a></div>

<div class="product"><a href="https://www.amazon.com/dp/B0773QXFH3?tag=eloabder-20&linkCode=osi&th=1&psc=1"><img src="https://m.media-amazon.com/images/I/41OitXu8hQL._SL500_.jpg" alt="Product Image"></a><p>BLACK+DECKER BCD6W 6 Place Setting ENERGY STAR Portable Compact Countertop Dishwasher</p><p> -20% 0FF </p><p>$319.99</p><a href="https://www.amazon.com/dp/B0773QXFH3?tag=eloabder-20&linkCode=osi&th=1&psc=1">View Product</a></div><div class="product"><a href="https://www.amazon.com/dp/B09QSV4FCC?tag=eloabder-20&linkCode=osi&th=1&psc=1"><img src="https://m.media-amazon.com/images/I/51vfWTq8xAL._SL500_.jpg" alt="Product Image"></a><p>IAGREEA Portable Countertop Dishwasher, 7 Washing Programs Compact Mini Dishwasher, No Hook Needed, Anti-Leakage, Fruit & Vegetable Soaking, For 4 Sets of Tableware</p><p> -9% 0FF </p><p>$209.99</p><a href="https://www.amazon.com/dp/B09QSV4FCC?tag=eloabder-20&linkCode=osi&th=1&psc=1">View Product</a></div>




<div class="product"><a href="https://www.amazon.com/dp/B07D4821JB?tag=eloabder-20&linkCode=osi&th=1&psc=1"><img src="https://m.media-amazon.com/images/I/31KcsQlzOiL._SL500_.jpg" alt="Product Image"></a><p>GE Smart Countertop Microwave Oven | Complete with Scan-to-Cook Technology and Wifi-Connectivity | 0.9 Cubic Feet Capacity, 900 Watts | Home & Kitchen Essentials | Stainless Steel</p><p> -9% 0FF </p><p>$145.00</p><a href="https://www.amazon.com/dp/B07D4821JB?tag=eloabder-20&linkCode=osi&th=1&psc=1">View Product</a></div><div class="product"><a href="https://www.amazon.com/dp/B08PK7WZC1?tag=eloabder-20&linkCode=osi&th=1&psc=1"><img src="https://m.media-amazon.com/images/I/31FW1VCDrSL._SL500_.jpg" alt="Product Image"></a><p>Toshiba ML-EM62P(SS) Large Countertop Microwave with Smart Sensor, 6 Menus, Auto Defrost, ECO Mode, Mute Option & 16.5" Position Memory Turntable, 2.2 Cu Ft, 1200W, Stainless Steel</p><p> -5% 0FF </p><p>$199.99</p><a href="https://www.amazon.com/dp/B08PK7WZC1?tag=eloabder-20&linkCode=osi&th=1&psc=1">View Product</a></div><div class="product"><a href="https://www.amazon.com/dp/B081ZS7VSM?tag=eloabder-20&linkCode=osi&th=1&psc=1"><img src="https://m.media-amazon.com/images/I/41q6iIrj2lL._SL500_.jpg" alt="Product Image"></a><p>Breville BMO870BSS1BUC1 the Combi Wave 3 in 1 Microwave, Brushed Stainless Steel</p><p> -20% 0FF </p><p>$399.95</p><a href="https://www.amazon.com/dp/B081ZS7VSM?tag=eloabder-20&linkCode=osi&th=1&psc=1">View Product</a></div><div class="product"><a href="https://www.amazon.com/dp/B089WC2P2K?tag=eloabder-20&linkCode=osi&th=1&psc=1"><img src="https://m.media-amazon.com/images/I/418Op+Eo8TL._SL500_.jpg" alt="Product Image"></a><p>TOSHIBA 4-in-1 ML-EC42P(SS) Countertop Microwave Oven, Smart Sensor, Convection, Air Fryer Combo, Mute Function, Position Memory 13.6" Turntable, 1.5 Cu Ft, 1000W, Silver</p><p> -16% 0FF </p><p>$214.99</p><a href="https://www.amazon.com/dp/B089WC2P2K?tag=eloabder-20&linkCode=osi&th=1&psc=1">View Product</a></div>
<div class="product"><a href="https://www.amazon.com/dp/B0CZNV2YJK?tag=eloabder-20&linkCode=osi&th=1&psc=1"><img src="https://m.media-amazon.com/images/I/41cLBczHUgL._SL500_.jpg" alt="Product Image"></a><p>Aeitto Blender, Blenders for Kitchen with 1500-Watt Motor, 68 Oz Large Capacity, Countertop Professional Blenders for Ice Crush, Frozen Drinks, Black</p><p> -73% 0FF </p><p>$89.99</p><a href="https://www.amazon.com/dp/B0CZNV2YJK?tag=eloabder-20&linkCode=osi&th=1&psc=1">View Product</a></div><div class="product"><a href="https://www.amazon.com/dp/B00939FV8K?tag=eloabder-20&linkCode=osi&th=1&psc=1"><img src="https://m.media-amazon.com/images/I/418t4FONikL._SL500_.jpg" alt="Product Image"></a><p>Ninja BL660 Professional Compact Smoothie & Food Processing Blender, 1100-Watts, 3 Functions -for Frozen Drinks, Smoothies, Sauces, & More, 72-oz.* Pitcher, (2) 16-oz. To-Go Cups & Spout Lids, Gray</p><p> -17% 0FF </p><p>$99.00</p><a href="https://www.amazon.com/dp/B00939FV8K?tag=eloabder-20&linkCode=osi&th=1&psc=1">View Product</a></div><div class="product"><a href="https://www.amazon.com/dp/B0CDCTBMKX?tag=eloabder-20&linkCode=osi&th=1&psc=1"><img src="https://m.media-amazon.com/images/I/41AxPEPZViL._SL500_.jpg" alt="Product Image"></a><p>Ninja TB201 Detect Power Blender Pro, BlendSense Technology, For Smoothies, Shakes & More, 1800 Peak Watts, 72 oz. Pitcher, Blender, Black</p><p> -7% 0FF </p><p>$129.99</p><a href="https://www.amazon.com/dp/B0CDCTBMKX?tag=eloabder-20&linkCode=osi&th=1&psc=1">View Product</a></div><div class="product"><a href="https://www.amazon.com/dp/B08F2PWT72?tag=eloabder-20&linkCode=osi&th=1&psc=1"><img src="https://m.media-amazon.com/images/I/21Abxpp-dvL._SL500_.jpg" alt="Product Image"></a><p>KitchenAid Variable Speed Corded Hand Blender KHBV53, Charcoal Grey</p><p> -25% 0FF </p><p>$44.95</p><a href="https://www.amazon.com/dp/B08F2PWT72?tag=eloabder-20&linkCode=osi&th=1&psc=1">View Product</a></div>


<div class="product"><a href="https://www.amazon.com/dp/B010TSWBEA?tag=eloabder-20&linkCode=osi&th=1&psc=1"><img src="https://m.media-amazon.com/images/I/21S-tgi3mHL._SL500_.jpg" alt="Product Image"></a><p>SMEG 2 Slice Toaster with 6 Presets and Defrost Function and Removable Crumb Tray TSF01SSMUS, Stainless Steel</p><p> -21% 0FF </p><p>$196.97</p><a href="https://www.amazon.com/dp/B010TSWBEA?tag=eloabder-20&linkCode=osi&th=1&psc=1">View Product</a></div><div class="product"><a href="https://www.amazon.com/dp/B00COMHC12?tag=eloabder-20&linkCode=osi&th=1&psc=1"><img src="https://m.media-amazon.com/images/I/31x2kZuLOcL._SL500_.jpg" alt="Product Image"></a><p>Breville the 'A Bit More' Toaster 2-Slice, BTA720XL, Brushed Stainless Steel</p><p> -25% 0FF </p><p>$89.95</p><a href="https://www.amazon.com/dp/B00COMHC12?tag=eloabder-20&linkCode=osi&th=1&psc=1">View Product</a></div><div class="product"><a href="https://www.amazon.com/dp/B00140SC64?tag=eloabder-20&linkCode=osi&th=1&psc=1"><img src="https://m.media-amazon.com/images/I/31AsHl4-4ZL._SL500_.jpg" alt="Product Image"></a><p>Breville Smart Toaster, 2-Slice, Brushed Aluminum</p><p> -6% 0FF </p><p>$149.95</p><a href="https://www.amazon.com/dp/B00140SC64?tag=eloabder-20&linkCode=osi&th=1&psc=1">View Product</a></div><div class="product"><a href="https://www.amazon.com/dp/B0964BFH62?tag=eloabder-20&linkCode=osi&th=1&psc=1"><img src="https://m.media-amazon.com/images/I/41Nw+vaMaiL._SL500_.jpg" alt="Product Image"></a><p>Café Express Finish 2-Slice Toaster | Extra-Wide Slots, Extra Lift for Waffles, Pastries, Texas Toast & More | 4 Pre-Set Functions, 8 Shade Options | Countertop Kitchen Essentials | Matte Black</p><p> -23% 0FF </p><p>$99.00</p><a href="https://www.amazon.com/dp/B0964BFH62?tag=eloabder-20&linkCode=osi&th=1&psc=1">View Product</a></div><div class="product"><a href="https://www.amazon.com/dp/B0876235F1?tag=eloabder-20&linkCode=osi&th=1&psc=1"><img src="https://m.media-amazon.com/images/I/41y-KW18W1L._SL500_.jpg" alt="Product Image"></a><p>Haden Heritage 4 Slice Wide Slot Stainless Steel Toaster with Adjustable Browning Control & Non-Slip Feet, Ivory & Chrome</p><p> -29% 0FF </p><p>$89.95</p><a href="https://www.amazon.com/dp/B0876235F1?tag=eloabder-20&linkCode=osi&th=1&psc=1">View Product</a></div>
<div class="product"><a href="https://www.amazon.com/dp/B0C7VMZ9FG?tag=eloabder-20&linkCode=osi&th=1&psc=1"><img src="https://m.media-amazon.com/images/I/31JHVY8m1-L._SL500_.jpg" alt="Product Image"></a><p>Breez Max | Smart AC Controller | WiFi Thermostat for Mini-Split, Window, Portable ACS/Heat Pumps | AI-Based Tech | Free App, No Subscriptions | Alexa, Google, Siri Shortcuts, IFTTT (White)</p><p> -22% 0FF </p><p>$124.99</p><a href="https://www.amazon.com/dp/B0C7VMZ9FG?tag=eloabder-20&linkCode=osi&th=1&psc=1">View Product</a></div>



<div class="product"><a href="https://www.amazon.com/dp/B09H1CGRTV?tag=eloabder-20&linkCode=osi&th=1&psc=1"><img src="https://m.media-amazon.com/images/I/31uEPVcJ8RL._SL500_.jpg" alt="Product Image"></a><p>FOTILE ChefCubii 4-in-1 Countertop Convection Steam Oven, Air Fryer, Dehydrator with True Convection Bake, Steam-Bake, Broil, 40 Preset Menu and Steam Self-Clean, 1 CFT</p><p> -20% 0FF </p><p>$399.00</p><a href="https://www.amazon.com/dp/B09H1CGRTV?tag=eloabder-20&linkCode=osi&th=1&psc=1">View Product</a></div><div class="product"><a href="https://www.amazon.com/dp/B0CZ3HSTP8?tag=eloabder-20&linkCode=osi&th=1&psc=1"><img src="https://m.media-amazon.com/images/I/41rIMFdCNsL._SL500_.jpg" alt="Product Image"></a><p>Secura Multifunction Air Fryer Steam Oven, 13 Quart Compact Oven with Convection Bake, Airfryer, Rapid Steam, Ferment, Dehydrator Combo, Nutritious & Delicious Food Steamer for Cooking (Mint Green)</p><p> -18% 0FF </p><p>$120.00</p><a href="https://www.amazon.com/dp/B0CZ3HSTP8?tag=eloabder-20&linkCode=osi&th=1&psc=1">View Product</a></div><div class="product"><a href="https://www.amazon.com/dp/B08YDJJ48N?tag=eloabder-20&linkCode=osi&th=1&psc=1"><img src="https://m.media-amazon.com/images/I/31eWtCxG5PL._SL500_.jpg" alt="Product Image"></a><p>Whynter TSO-488GB Grande 40 Quart Capacity Counter-Top Multi-Function Convection Steam Oven, Black Stainless Steel</p><p> -26% 0FF </p><p>$320.08</p><a href="https://www.amazon.com/dp/B08YDJJ48N?tag=eloabder-20&linkCode=osi&th=1&psc=1">View Product</a></div>
<div class="product"><a href="https://www.amazon.com/dp/B0B12ZBHLZ?tag=eloabder-20&linkCode=osi&th=1&psc=1"><img src="https://m.media-amazon.com/images/I/41aMbPd8AmL._SL500_.jpg" alt="Product Image"></a><p>Sensibo Air PRO - Air Conditioner Smart Controller & Air Quality Sensor. Smart Thermostat for Mini Split, Window, Portable AC. Temp & Humidity Sensors. Google, Alexa, Siri & Apple HomeKit Compatible</p><p> -31% 0FF </p><p>$149.00</p><a href="https://www.amazon.com/dp/B0B12ZBHLZ?tag=eloabder-20&linkCode=osi&th=1&psc=1">View Product</a></div><div class="product"><a href="https://www.amazon.com/dp/B0BQH2SL9Q?tag=eloabder-20&linkCode=osi&th=1&psc=1"><img src="https://m.media-amazon.com/images/I/31CwRCRuFWL._SL500_.jpg" alt="Product Image"></a><p>Feit Electric Smart Indoor WiFi Temperature and Humidity Sensor for Precision Environment Control, Wireless, Digital Remote App Control, Get Notification Alerts and No Hub Required - Temp/WiFi</p><p> -16% 0FF </p><p>$39.30</p><a href="https://www.amazon.com/dp/B0BQH2SL9Q?tag=eloabder-20&linkCode=osi&th=1&psc=1">View Product</a></div><div class="product"><a href="https://www.amazon.com/dp/B0B5GPM54S?tag=eloabder-20&linkCode=osi&th=1&psc=1"><img src="https://m.media-amazon.com/images/I/31sAt4ZNQRL._SL500_.jpg" alt="Product Image"></a><p>YoLink X3 Version Temperature & Humidity Sensor, Supports App Real-Time Data Refresh, Alexa, IFTTT, Home Assistant Integration - YoLink Hub Required</p><p> -20% 0FF </p><p>$39.99</p><a href="https://www.amazon.com/dp/B0B5GPM54S?tag=eloabder-20&linkCode=osi&th=1&psc=1">View Product</a></div><div class="product"><a href="https://www.amazon.com/dp/B09Y873L1Z?tag=eloabder-20&linkCode=osi&th=1&psc=1"><img src="https://m.media-amazon.com/images/I/41iuXKDZtVL._SL500_.jpg" alt="Product Image"></a><p>WiFi Temperature Humidity Monitor: Upgraded Smart Temperature and Humidity Sensor with Large Backlit LCD Screen & App Alerts, Indoor Thermometer Hygrometer Compatible with Alexa Google Assistant</p><p> -23% 0FF </p><p>$20.68</p><a href="https://www.amazon.com/dp/B09Y873L1Z?tag=eloabder-20&linkCode=osi&th=1&psc=1">View Product</a></div>
<div class="product"><a href="https://www.amazon.com/dp/B002HDLBTC?tag=eloabder-20&linkCode=osi&th=1&psc=1"><img src="https://m.media-amazon.com/images/I/514U5jbXZXL._SL500_.jpg" alt="Product Image"></a><p>BREW EXPRESS - 10 CUP BUILT-IN-THE-WALL - SELF FILLING COFFEE SYSTEM</p><p> -16% 0FF </p><p>$753.00 ($75.30 / Count)</p><a href="https://www.amazon.com/dp/B002HDLBTC?tag=eloabder-20&linkCode=osi&th=1&psc=1">View Product</a></div><div class="product"><a href="https://www.amazon.com/dp/B07HCMRJZD?tag=eloabder-20&linkCode=osi&th=1&psc=1"><img src="https://m.media-amazon.com/images/I/41GaMhDDegL._SL500_.jpg" alt="Product Image"></a><p>WOLF GOURMET Programmable Coffee Maker System with 10 Cup Thermal Carafe, Built-In Grounds Scale, Removable Reservoir, Red Knob, Stainless Steel (WGCM100S)</p><p> -18% 0FF </p><p>$449.95</p><a href="https://www.amazon.com/dp/B07HCMRJZD?tag=eloabder-20&linkCode=osi&th=1&psc=1">View Product</a></div>



<div class="product"><a href="https://www.amazon.com/dp/B00P387SGS?tag=eloabder-20&linkCode=osi&th=1&psc=1"><img src="https://m.media-amazon.com/images/I/31PaPGs7ucL._SL500_.jpg" alt="Product Image"></a><p>Avanti ERU200P3S ERU200 20" Electric Range Oven with Framed Glass Door, in Stainless Steel</p><p> -25% 0FF </p><p>$584.10</p><a href="https://www.amazon.com/dp/B00P387SGS?tag=eloabder-20&linkCode=osi&th=1&psc=1">View Product</a></div><div class="product"><a href="https://www.amazon.com/dp/B0CGMC72GG?tag=eloabder-20&linkCode=osi&th=1&psc=1"><img src="https://m.media-amazon.com/images/I/41VO4jA5L0L._SL500_.jpg" alt="Product Image"></a><p>Kenmore Front Control Electric Range Oven with 5 Cooktop Elements with 7 Cooking Power Options, True Convection, Steam and Self Clean, Freestanding Oven, 4.8 cu. ft. Capacity Stainless Steel</p><p> -15% 0FF </p><p>$1,099.99</p><a href="https://www.amazon.com/dp/B0CGMC72GG?tag=eloabder-20&linkCode=osi&th=1&psc=1">View Product</a></div><div class="product"><a href="https://www.amazon.com/dp/B00P3821II?tag=eloabder-20&linkCode=osi&th=1&psc=1"><img src="https://m.media-amazon.com/images/I/31VtoYu+-YL._SL500_.jpg" alt="Product Image"></a><p>Avanti ERU240P1B ERU240 24" Electric Range Oven with Framed Glass Door, in Black</p><p> -12% 0FF </p><p>$612.07</p><a href="https://www.amazon.com/dp/B00P3821II?tag=eloabder-20&linkCode=osi&th=1&psc=1">View Product</a></div><div class="product"><a href="https://www.amazon.com/dp/B098H6P9YG?tag=eloabder-20&linkCode=osi&th=1&psc=1"><img src="https://m.media-amazon.com/images/I/3173fk+5oHL._SL500_.jpg" alt="Product Image"></a><p>Premium Levella 20" Electric Range with 4 Coil Burners and 2.2 Cu. Ft. Oven Capacity in White</p><p> -7% 0FF </p><p>$699.00</p><a href="https://www.amazon.com/dp/B098H6P9YG?tag=eloabder-20&linkCode=osi&th=1&psc=1">View Product</a></div><div class="product"><a href="https://www.amazon.com/dp/B07HY4RYPD?tag=eloabder-20&linkCode=osi&th=1&psc=1"><img src="https://m.media-amazon.com/images/I/41+Y7YbWcuL._SL500_.jpg" alt="Product Image"></a><p>OVENTE Electric Countertop Double Burner, 1700W Cooktop with 7.25" and 6.10" Cast Iron Hot Plates, Temperature Control, Portable Cooking Stove and Easy to Clean Stainless Steel Base, Black BGS102B</p><p> -34% 0FF </p><p>$26.99</p><a href="https://www.amazon.com/dp/B07HY4RYPD?tag=eloabder-20&linkCode=osi&th=1&psc=1">View Product</a></div><div class="product"><a href="https://www.amazon.com/dp/B01EBC40BW?tag=eloabder-20&linkCode=osi&th=1&psc=1"><img src="https://m.media-amazon.com/images/I/31EF03Y41gL._SL500_.jpg" alt="Product Image"></a><p>GE Appliances JB645DKWW, White</p><p> -9% 0FF </p><p>$759.72</p><a href="https://www.amazon.com/dp/B01EBC40BW?tag=eloabder-20&linkCode=osi&th=1&psc=1">View Product</a></div>
<div class="product"><a href="https://www.amazon.com/dp/B0B8F38J2B?tag=eloabder-20&linkCode=osi&th=1&psc=1"><img src="https://m.media-amazon.com/images/I/31hyxdIlB5L._SL500_.jpg" alt="Product Image"></a><p>GreenPan Elite 8 - in -1 Programmable 6QT Electric Slow Cooker, Dishwasher Safe Lid & Removable Crock, PFAS-Free Healthy Ceramic Nonstick Multi-Cooker, Sear, Sauté/Brown, Steam Basket, Roast, White</p><p> -24% 0FF </p><p>$190.22</p><a href="https://www.amazon.com/dp/B0B8F38J2B?tag=eloabder-20&linkCode=osi&th=1&psc=1">View Product</a></div>

<div class="product"><a href="https://www.amazon.com/dp/B0BG677TXS?tag=eloabder-20&linkCode=osi&th=1&psc=1"><img src="https://m.media-amazon.com/images/I/31xwg0S1m1L._SL500_.jpg" alt="Product Image"></a><p>Samsung WW25B6900AW/A2 2.5 cu. ft. Smart Dial Front Load Washer</p><p> -27% 0FF </p><p>$798.00</p><a href="https://www.amazon.com/dp/B0BG677TXS?tag=eloabder-20&linkCode=osi&th=1&psc=1">View Product</a></div><div class="product"><a href="https://www.amazon.com/dp/B098FBB9KF?tag=eloabder-20&linkCode=osi&th=1&psc=1"><img src="https://m.media-amazon.com/images/I/31BJNXlaIoL._SL500_.jpg" alt="Product Image"></a><p>SAMSUNG 6.0 Cu Ft. Smart Dial Front Load Washer, Wash 2 Loads in 1 Large Capacity Machine, FlexWash, 28 Minute Super Speed Clothes Washing, Steam Stain Removal, WV60A9900AV/A5, Brushed Black</p><p> -6% 0FF </p><p>$1,794.00</p><a href="https://www.amazon.com/dp/B098FBB9KF?tag=eloabder-20&linkCode=osi&th=1&psc=1">View Product</a></div><div class="product"><a href="https://www.amazon.com/dp/B0CG21R3R3?tag=eloabder-20&linkCode=osi&th=1&psc=1"><img src="https://m.media-amazon.com/images/I/41wWRqV3hNL._SL500_.jpg" alt="Product Image"></a><p>Samsung 5.4 Cu. Ft. Smart Top Load Washer with Active Wave Agitator in White</p><p> -30% 0FF </p><p>$698.11</p><a href="https://www.amazon.com/dp/B0CG21R3R3?tag=eloabder-20&linkCode=osi&th=1&psc=1">View Product</a></div><div class="product"><a href="https://www.amazon.com/dp/B0B9GCYNTQ?tag=eloabder-20&linkCode=osi&th=1&psc=1"><img src="https://m.media-amazon.com/images/I/31-hInDefjL._SL500_.jpg" alt="Product Image"></a><p>SAMSUNG 4.6 Cu Ft AI Smart Dial Front Load Washer, Large Capacity Machine, Stackable for Small Spaces, 28 Min Super Speed Clothes Washing, Energy Star Certified, WF46BG6500AVUS, Brushed Black</p><p> -46% 0FF </p><p>$699.97</p><a href="https://www.amazon.com/dp/B0B9GCYNTQ?tag=eloabder-20&linkCode=osi&th=1&psc=1">View Product</a></div><div class="product"><a href="https://www.amazon.com/dp/B09RHLVMN3?tag=eloabder-20&linkCode=osi&th=1&psc=1"><img src="https://m.media-amazon.com/images/I/41f7mMz70DL._SL500_.jpg" alt="Product Image"></a><p>Samsung WF45T6000WPR White Front Load Laundry Package</p><p> -26% 0FF </p><p>$1,258.99</p><a href="https://www.amazon.com/dp/B09RHLVMN3?tag=eloabder-20&linkCode=osi&th=1&psc=1">View Product</a></div><div class="product"><a href="https://www.amazon.com/dp/B0DHYRW1S1?tag=eloabder-20&linkCode=osi&th=1&psc=1"><img src="https://m.media-amazon.com/images/I/31XhNU9yg2L._SL500_.jpg" alt="Product Image"></a><p>Samsung WH46DBH100EWA3 Bespoke AI Laundry Hub Large Capacity 4.6 Single Unit Steam Wash and 7.6 cu. ft. Electric White Washer and Dryer</p><p> -11% 0FF </p><p>$1,598.11</p><a href="https://www.amazon.com/dp/B0DHYRW1S1?tag=eloabder-20&linkCode=osi&th=1&psc=1">View Product</a></div><div class="product"><a href="https://www.amazon.com/dp/B0C5BGBSTS?tag=eloabder-20&linkCode=osi&th=1&psc=1"><img src="https://m.media-amazon.com/images/I/31osGMkChUL._SL500_.jpg" alt="Product Image"></a><p>LG WM6700HBA 5.0 Cu. Ft. Black Steel Front Load HE Stackable Smart Washer</p><p> -32% 0FF </p><p>$948.11</p><a href="https://www.amazon.com/dp/B0C5BGBSTS?tag=eloabder-20&linkCode=osi&th=1&psc=1">View Product</a></div>
<div class="product"><a href="https://www.amazon.com/dp/B099FM9Q3F?tag=eloabder-20&linkCode=osi&th=1&psc=1"><img src="https://m.media-amazon.com/images/I/31BJ8l-fdHL._SL500_.jpg" alt="Product Image"></a><p>SAMSUNG 7.5 Cu. Ft. Smart Dial Electric Dryer with FlexDry, Dry 2 Loads in 1 Large Capacity Machine, Super Speed 30 Minute Clothes Drying Cycle, WiFi Connected Control, DVE60A9900V/A3, Brushed Black</p><p> -10% 0FF </p><p>$899.99</p><a href="https://www.amazon.com/dp/B099FM9Q3F?tag=eloabder-20&linkCode=osi&th=1&psc=1">View Product</a></div><div class="product"><a href="https://www.amazon.com/dp/B0C72WLSJ1?tag=eloabder-20&linkCode=osi&th=1&psc=1"><img src="https://m.media-amazon.com/images/I/41Xh3Pcm43L._SL500_.jpg" alt="Product Image"></a><p>GE Profile PFQ97HSPVDS 28 Inch Smart Front Load Washer/Dryer Combo with 4.8 cu.ft. Capacity, 12 Wash Cycles, 14 Dryer Cycles</p><p> -17% 0FF </p><p>$1,915.00</p><a href="https://www.amazon.com/dp/B0C72WLSJ1?tag=eloabder-20&linkCode=osi&th=1&psc=1">View Product</a></div>
<div class="product"><a href="https://www.amazon.com/dp/B08BXXQ37X?tag=eloabder-20&linkCode=osi&th=1&psc=1"><img src="https://m.media-amazon.com/images/I/41rYTYUWK2L._SL500_.jpg" alt="Product Image"></a><p>Ninja DT251 Foodi 10-in-1 Smart XL Air Fry Oven, Bake, Broil, Toast, Roast, Digital Toaster, Thermometer, True Surround Convection up to 450°F, includes 6 trays & Recipe Guide, Silver</p><p> -24% 0FF </p><p>$249.95</p><a href="https://www.amazon.com/dp/B08BXXQ37X?tag=eloabder-20&linkCode=osi&th=1&psc=1">View Product</a></div><div class="product"><a href="https://www.amazon.com/dp/B0CLP1YV8V?tag=eloabder-20&linkCode=osi&th=1&psc=1"><img src="https://m.media-amazon.com/images/I/41SB1d44IAL._SL500_.jpg" alt="Product Image"></a><p>COSORI Smart 13-in-1 Air Fryer Toaster Oven Combo, Airfryer Rotisserie Sous Vide Convection Oven Countertop, Bake, Broil, Roast, Dehydrate, 134 Recipes & 4 Accessories, 32QT, Silver, Stainless Steel</p><p> -12% 0FF </p><p>$149.99</p><a href="https://www.amazon.com/dp/B0CLP1YV8V?tag=eloabder-20&linkCode=osi&th=1&psc=1">View Product</a></div>
<div class="product"><a href="https://www.amazon.com/dp/B09WPS1JQT?tag=eloabder-20&linkCode=osi&th=1&psc=1"><img src="https://m.media-amazon.com/images/I/213pWPsDBsL._SL500_.jpg" alt="Product Image"></a><p>SHARP Smart Dishwasher Works with Alexa. Includes LED Interior lights, Stainless Steel interior, Heated Dry with Fan Assist, Wash Zone cleans half load on either rack, Adjustable Third Rack</p><p> -28% 0FF </p><p>$649.99</p><a href="https://www.amazon.com/dp/B09WPS1JQT?tag=eloabder-20&linkCode=osi&th=1&psc=1">View Product</a></div><div class="product"><a href="https://www.amazon.com/dp/B0B9GJFNLX?tag=eloabder-20&linkCode=osi&th=1&psc=1"><img src="https://m.media-amazon.com/images/I/41rhOWVP2YL._SL500_.jpg" alt="Product Image"></a><p>BLITZHOME Portable Dishwasher Countertop, WIFI Smart Dishwasher, Compact Dishwashers with 5L Built-in Water Tank, 6 Programs, 360° Dual Spray, High-Temp& Air-Dry Function, Fruit Cleaning</p><p> -5% 0FF </p><p>$265.94</p><a href="https://www.amazon.com/dp/B0B9GJFNLX?tag=eloabder-20&linkCode=osi&th=1&psc=1">View Product</a></div><div class="product"><a href="https://www.amazon.com/dp/B0B9GDD4VS?tag=eloabder-20&linkCode=osi&th=1&psc=1"><img src="https://m.media-amazon.com/images/I/31vXK+e-zxL._SL500_.jpg" alt="Product Image"></a><p>SAMSUNG Smart 44dBA Dishwasher w/ StormWash+, AutoRelease Door, Quiet Operation, 3 Dish Racks, Pre Blast Cycle, Energy Star Certified, DW80B6060US/AA, Fingerprint Resistant Stainless Steel</p><p> -5% 0FF </p><p>$949.00</p><a href="https://www.amazon.com/dp/B0B9GDD4VS?tag=eloabder-20&linkCode=osi&th=1&psc=1">View Product</a></div><div class="product"><a href="https://www.amazon.com/dp/B0BDNRN39R?tag=eloabder-20&linkCode=osi&th=1&psc=1"><img src="https://m.media-amazon.com/images/I/21YrlEfylNL._SL500_.jpg" alt="Product Image"></a><p>Samsung DW80B7070AP 42 dBA Bespoke Smart Dishwasher - Bespoke Panel Ready</p><p> -10% 0FF </p><p>$1,029.72</p><a href="https://www.amazon.com/dp/B0BDNRN39R?tag=eloabder-20&linkCode=osi&th=1&psc=1">View Product</a></div><div class="product"><a href="https://www.amazon.com/dp/B0CFPTPD7N?tag=eloabder-20&linkCode=osi&th=1&psc=1"><img src="https://m.media-amazon.com/images/I/31JMPn7cM2L._SL500_.jpg" alt="Product Image"></a><p>Kenmore 24" Built-In Stainless Steel Tub Dishwasher with EasyFlex 3rd Rack, SmartWash, UltraWash Plus, TurboDry, and Adjustable Rack, Energy Star Certified, Fingerprint Resistant Stainless Steel</p><p> -38% 0FF </p><p>$499.99</p><a href="https://www.amazon.com/dp/B0CFPTPD7N?tag=eloabder-20&linkCode=osi&th=1&psc=1">View Product</a></div>
<div class="product"><a href="https://www.amazon.com/dp/B07X2732ZN?tag=eloabder-20&linkCode=osi&th=1&psc=1"><img src="https://m.media-amazon.com/images/I/414+VuqxfCL._SL500_.jpg" alt="Product Image"></a><p>Winco EMW-1000ST Commercial-Grade Microwave Oven, .9 Cubic Feet, Silver</p><p> -7% 0FF </p><p>$278.22</p><a href="https://www.amazon.com/dp/B07X2732ZN?tag=eloabder-20&linkCode=osi&th=1&psc=1">View Product</a></div><div class="product"><a href="https://www.amazon.com/dp/B0C1QP9ZH9?tag=eloabder-20&linkCode=osi&th=1&psc=1"><img src="https://m.media-amazon.com/images/I/41fZkBs64aL._SL500_.jpg" alt="Product Image"></a><p>Winco Commercial-Grade Planetary Mixer with Hub, 20 Liter</p><p> -18% 0FF </p><p>$1,112.49</p><a href="https://www.amazon.com/dp/B0C1QP9ZH9?tag=eloabder-20&linkCode=osi&th=1&psc=1">View Product</a></div><div class="product"><a href="https://www.amazon.com/dp/B0716Q44T2?tag=eloabder-20&linkCode=osi&th=1&psc=1"><img src="https://m.media-amazon.com/images/I/41jw7AxptIL._SL500_.jpg" alt="Product Image"></a><p>Weston Pro Series Electric Meat Grinder, Commercial Grade, 1120 Watts, 1.5 HP, 14lbs. Per Minute, Stainless Steel (10-2201-W)</p><p> -13% 0FF </p><p>$659.99</p><a href="https://www.amazon.com/dp/B0716Q44T2?tag=eloabder-20&linkCode=osi&th=1&psc=1">View Product</a></div>
<div class="product"><a href="https://www.amazon.com/dp/B0BG3BPRBS?tag=eloabder-20&linkCode=osi&th=1&psc=1"><img src="https://m.media-amazon.com/images/I/41EKP3Rd4FL._SL500_.jpg" alt="Product Image"></a><p>KITCHENAID Fitted Tilt-Head Solid Stand Mixer Cover with Storage Pocket, Quilted 100% Cotton, Milkshake, 14.4"x18"x10"</p><p> -57% 0FF </p><p>$19.50</p><a href="https://www.amazon.com/dp/B0BG3BPRBS?tag=eloabder-20&linkCode=osi&th=1&psc=1">View Product</a></div>
<div class="product"><a href="https://www.amazon.com/dp/B08F72TY67?tag=eloabder-20&linkCode=osi&th=1&psc=1"><img src="https://m.media-amazon.com/images/I/515c8kJ6iaL._SL500_.jpg" alt="Product Image"></a><p>MegaWise Vacuum Sealer Machine | 80kPa Suction Power| Bags and Cutter Included | Compact One-Touch Automatic Food Sealer with External Vacuum System | Dry Moist Fresh Modes for All Saving needs</p><p> -10% 0FF </p><p>$35.99</p><a href="https://www.amazon.com/dp/B08F72TY67?tag=eloabder-20&linkCode=osi&th=1&psc=1">View Product</a></div><div class="product"><a href="https://www.amazon.com/dp/B08L8YZ9LG?tag=eloabder-20&linkCode=osi&th=1&psc=1"><img src="https://m.media-amazon.com/images/I/316EFEDqU6S._SL500_.jpg" alt="Product Image"></a><p>VOBAGA Coffee Mug Warmer, Electric Coffee Warmer for Office Desk Accessories with Auto Shut Off, 3 Temperature Setting Smart Cup Warmer for Heating Coffee, Beverage, Milk and Tea (No Mug)</p><p> -38% 0FF </p><p>$24.97</p><a href="https://www.amazon.com/dp/B08L8YZ9LG?tag=eloabder-20&linkCode=osi&th=1&psc=1">View Product</a></div><div class="product"><a href="https://www.amazon.com/dp/B0CCTPNZD4?tag=eloabder-20&linkCode=osi&th=1&psc=1"><img src="https://m.media-amazon.com/images/I/41F5VlaiwOL._SL500_.jpg" alt="Product Image"></a><p>Coffee Mug Warmer, Smart Candle Warmer, Electric Cup Warmer with Aluminum Metal Panel for Office, Desk Accessories, Electric Beverage Warmer for Cocoa, Milk, for Coworkers Friends,</p><p> -50% 0FF </p><p>$9.99</p><a href="https://www.amazon.com/dp/B0CCTPNZD4?tag=eloabder-20&linkCode=osi&th=1&psc=1">View Product</a></div>
<div class="product"><a href="https://www.amazon.com/dp/B0BKLVF1DM?tag=eloabder-20&linkCode=osi&th=1&psc=1"><img src="https://m.media-amazon.com/images/I/41NUOnE9h0L._SL500_.jpg" alt="Product Image"></a><p>Café Couture Oven with 14 essential cooking modes, including Air Fry, CrispFinish, Bake, Broil, Roast, Toast, Pizza, WiFi & Smart Connected, Voice Control, Countertop Small Appliances, Matte White</p><p> -27% 0FF </p><p>$329.00</p><a href="https://www.amazon.com/dp/B0BKLVF1DM?tag=eloabder-20&linkCode=osi&th=1&psc=1">View Product</a></div><div class="product"><a href="https://www.amazon.com/dp/B09649DDTN?tag=eloabder-20&linkCode=osi&th=1&psc=1"><img src="https://m.media-amazon.com/images/I/41iMySSuDkL._SL500_.jpg" alt="Product Image"></a><p>GE Profile Opal 2.0 with 0.75 Gallon Tank, Chewable Crunchable Countertop Nugget Ice Maker, Scoop included, 38 lbs in 24 hours, Pellet Ice Machine with WiFi & Smart Connected, Black Stainless Steel</p><p> -17% 0FF </p><p>$498.98</p><a href="https://www.amazon.com/dp/B09649DDTN?tag=eloabder-20&linkCode=osi&th=1&psc=1">View Product</a></div><div class="product"><a href="https://www.amazon.com/dp/B0DGFSYHXL?tag=eloabder-20&linkCode=osi&th=1&psc=1"><img src="https://m.media-amazon.com/images/I/41JYWoYr-WL._SL500_.jpg" alt="Product Image"></a><p>2024 Upgrade Cord Organizer For Kitchen Appliances,4 Pack Cord Organizer for Appliances,Kitchen Appliance Cord Organizer Stick On,Self-Adhesive Cord Organizer</p><p> -30% 0FF </p><p>$6.99</p><a href="https://www.amazon.com/dp/B0DGFSYHXL?tag=eloabder-20&linkCode=osi&th=1&psc=1">View Product</a></div><div class="product"><a href="https://www.amazon.com/dp/B09SBW246Y?tag=eloabder-20&linkCode=osi&th=1&psc=1"><img src="https://m.media-amazon.com/images/I/41FsMr2XLML._SL500_.jpg" alt="Product Image"></a><p>GE Profile Opal 2.0, Chewable Crunchable Countertop Nugget Ice Maker, Scoop included, 38 lbs in 24 hours, Pellet Ice Machine with WiFi & Smart Connected, Stainless Steel</p><p> -18% 0FF </p><p>$449.00</p><a href="https://www.amazon.com/dp/B09SBW246Y?tag=eloabder-20&linkCode=osi&th=1&psc=1">View Product</a></div>
<div class="product"><a href="https://www.amazon.com/dp/B0C2FF4JD1?tag=eloabder-20&linkCode=osi&th=1&psc=1"><img src="https://m.media-amazon.com/images/I/41hiBJ9xLAL._SL500_.jpg" alt="Product Image"></a><p>Ninja BC151BK Blast Portable Blender, Cordless, 18oz. Vessel, Personal Blender-for Shakes & Smoothies, BPA Free, Leakproof-Lid & Sip Spout, USB-C Rechargeable, Dishwasher Safe Parts, Black</p><p> -33% 0FF </p><p>$39.99</p><a href="https://www.amazon.com/dp/B0C2FF4JD1?tag=eloabder-20&linkCode=osi&th=1&psc=1">View Product</a></div><div class="product"><a href="https://www.amazon.com/dp/B089TQWJKK?tag=eloabder-20&linkCode=osi&th=1&psc=1"><img src="https://m.media-amazon.com/images/I/319-1n4eaeL._SL500_.jpg" alt="Product Image"></a><p>Ninja DZ201 Foodi 8 Quart 6-in-1 DualZone 2-Basket Air Fryer with 2 Independent Frying Baskets, Match Cook & Smart Finish to Roast, Broil, Dehydrate & More for Quick, Easy Meals, Grey</p><p> -15% 0FF </p><p>$169.99</p><a href="https://www.amazon.com/dp/B089TQWJKK?tag=eloabder-20&linkCode=osi&th=1&psc=1">View Product</a></div>
<div class="product"><a href="https://www.amazon.com/dp/B0CMJQC2M3?tag=eloabder-20&linkCode=osi&th=1&psc=1"><img src="https://m.media-amazon.com/images/I/216CCwa5bJL._SL500_.jpg" alt="Product Image"></a><p>Summit Appliance FFBF235PL 24" Wide Bottom Freezer Refrigerator, Energy Star, LED Lighting, Stainless Steel (RHD)</p><p> -41% 0FF </p><p>$1,086.96</p><a href="https://www.amazon.com/dp/B0CMJQC2M3?tag=eloabder-20&linkCode=osi&th=1&psc=1">View Product</a></div><div class="product"><a href="https://www.amazon.com/dp/B096RYWSQM?tag=eloabder-20&linkCode=osi&th=1&psc=1"><img src="https://m.media-amazon.com/images/I/31uENxnUdBL._SL500_.jpg" alt="Product Image"></a><p>COMFEE’ Portable Mini Dishwasher, Energy Star, Countertop, 6 Place Settings, with 8 Washing Programs, Speed, Baby-Care, ECO& Glass, Dish Washer for Dorm, RV& Apartment, White</p><p> -10% 0FF </p><p>$259.99</p><a href="https://www.amazon.com/dp/B096RYWSQM?tag=eloabder-20&linkCode=osi&th=1&psc=1">View Product</a></div>
<div class="product"><a href="https://www.amazon.com/dp/B0CPLVLFK2?tag=eloabder-20&linkCode=osi&th=1&psc=1"><img src="https://m.media-amazon.com/images/I/41TevXHn-zL._SL500_.jpg" alt="Product Image"></a><p>Immersion Blender Handheld Corded Hand Blender 1100W, Trigger Variable Speed 5 in 1 Stick Blender, Emulsion Blender with Chopper, Whisk and Frother for Soup, Baby Food and Smoothies</p><p> -49% 0FF </p><p>$39.99</p><a href="https://www.amazon.com/dp/B0CPLVLFK2?tag=eloabder-20&linkCode=osi&th=1&psc=1">View Product</a></div>
<div class="product"><a href="https://www.amazon.com/dp/B00IE76Q7M?tag=eloabder-20&linkCode=osi&th=1&psc=1"><img src="https://m.media-amazon.com/images/I/41yTd6+03lS._SL500_.jpg" alt="Product Image"></a><p>Reynolds Kitchens Premium Slow Cooker Liners - 13 x 21 Inch, 6 Count</p><p> -40% 0FF </p><p>$3.48 ($0.58 / Count)</p><a href="https://www.amazon.com/dp/B00IE76Q7M?tag=eloabder-20&linkCode=osi&th=1&psc=1">View Product</a></div><div class="product"><a href="https://www.amazon.com/dp/B08QJ8SHGV?tag=eloabder-20&linkCode=osi&th=1&psc=1"><img src="https://m.media-amazon.com/images/I/51e1ld7+QuL._SL500_.jpg" alt="Product Image"></a><p>Sealegend 2 Pieces Dryer Vent Cleaner Kit Dryer Lint Vacuum Attachment, Dryer Vent Cleaning Lint Remover 2 Hoses Tools for Home Improvement</p><p> -6% 0FF </p><p>$14.99</p><a href="https://www.amazon.com/dp/B08QJ8SHGV?tag=eloabder-20&linkCode=osi&th=1&psc=1">View Product</a></div><div class="product"><a href="https://www.amazon.com/dp/B09KT67BL1?tag=eloabder-20&linkCode=osi&th=1&psc=1"><img src="https://m.media-amazon.com/images/I/41GfIj83V6L._SL500_.jpg" alt="Product Image"></a><p>HomeHacks 2-Pack Large Laundry Basket, Waterproof, Freestanding Laundry Hamper, Collapsible Tall Clothes Hamper with Extended Handles for Clothes Toys in the Dorm and Family-(Gradient Grey, 75L)</p><p> -20% 0FF </p><p>$19.99 ($10.00 / Count)</p><a href="https://www.amazon.com/dp/B09KT67BL1?tag=eloabder-20&linkCode=osi&th=1&psc=1">View Product</a></div><div class="product"><a href="https://www.amazon.com/dp/B08YQYB7VF?tag=eloabder-20&linkCode=osi&th=1&psc=1"><img src="https://m.media-amazon.com/images/I/410P1mYng8L._SL500_.jpg" alt="Product Image"></a><p>600W Electric Hand Mixer Kitchen Handheld Mixer 10 Speed Powerful with Turbo for Baking Cake Lightweight & Personal Electric Mixer with Egg Baking Beaters Dough Hooks, Whipping Mixing Cookies</p><p> -25% 0FF </p><p>$37.49</p><a href="https://www.amazon.com/dp/B08YQYB7VF?tag=eloabder-20&linkCode=osi&th=1&psc=1">View Product</a></div>



<div class="product"><a href="https://www.amazon.com/dp/B09SBRGSFH?tag=eloabder-20&linkCode=osi&th=1&psc=1"><img src="https://m.media-amazon.com/images/I/51B+TheiNvL._SL500_.jpg" alt="Product Image"></a><p>Ninja SS151 TWISTi Blender DUO, High-Speed 1600 WP Smoothie Maker & Nutrient Extractor* 5 Functions Smoothie, Spreads & More, smartTORQUE, 34-oz. Pitcher & (2) To-Go Cups, Gray</p><p> -29% 0FF </p><p>$99.99</p><a href="https://www.amazon.com/dp/B09SBRGSFH?tag=eloabder-20&linkCode=osi&th=1&psc=1">View Product</a></div>






<div class="product"><a href="https://www.amazon.com/dp/B0DFP72QBQ?tag=eloabder-20&linkCode=osi&th=1&psc=1"><img src="https://m.media-amazon.com/images/I/41WTRq99coL._SL500_.jpg" alt="Product Image"></a><p>UV Countertop Reverse Osmosis System Water Filter, 5 Stage RO Water Filtration System, NSF/ANSI 58 Certified, 5:1 Pure to Drain, Water Purifier for Home(No Installation Required)</p><p> -83% 0FF </p><p>$299.99</p><a href="https://www.amazon.com/dp/B0DFP72QBQ?tag=eloabder-20&linkCode=osi&th=1&psc=1">View Product</a></div><div class="product"><a href="https://www.amazon.com/dp/B0D2HLT8ZB?tag=eloabder-20&linkCode=osi&th=1&psc=1"><img src="https://m.media-amazon.com/images/I/51I3hzCxgfL._SL500_.jpg" alt="Product Image"></a><p>Hydrosip H6 Hydrogen Water Bottle – Hydrogen Water Bottle Generator Up to 3000ppb – Rich Hydrogen-Infused Water – SPE/PEM Technology – Portable Electric Water Ionizer Bottle – Quick Hydrogen Infusion</p><p> -20% 0FF </p><p>$79.99</p><a href="https://www.amazon.com/dp/B0D2HLT8ZB?tag=eloabder-20&linkCode=osi&th=1&psc=1">View Product</a></div>













<div class="product"><a href="https://www.amazon.com/dp/B0CB8QWHZ4?tag=eloabder-20&linkCode=osi&th=1&psc=1"><img src="https://m.media-amazon.com/images/I/31iiEl+sr-L._SL500_.jpg" alt="Product Image"></a><p>EIFHYT Ceiling Fan Pull Chain with Decorative 2 Pcs 3 mm 12 inch Frosted Light Bulb and Fan Cord extender Chains for Mounted Ceiling Fans and Light Fixtures (Nickel)</p><p> -50% 0FF </p><p>$3.49</p><a href="https://www.amazon.com/dp/B0CB8QWHZ4?tag=eloabder-20&linkCode=osi&th=1&psc=1">View Product</a></div>








<div class="product"><a href="https://www.amazon.com/dp/B0B4PPHG8G?tag=eloabder-20&linkCode=osi&th=1&psc=1"><img src="https://m.media-amazon.com/images/I/31TiuN4BCdL._SL500_.jpg" alt="Product Image"></a><p>Ninja MC1001 Foodi PossibleCooker PRO 8.5 Quart Multi-Cooker, with 8-in-1 Slow Cooker, Dutch Oven, Steamer, Glass Lid Integrated Spoon, Nonstick, Oven Safe Pot to 500°F, Sea Salt Gray</p><p> -33% 0FF </p><p>$99.99</p><a href="https://www.amazon.com/dp/B0B4PPHG8G?tag=eloabder-20&linkCode=osi&th=1&psc=1">View Product</a></div><div class="product"><a href="https://www.amazon.com/dp/B0CSZ7WBYW?tag=eloabder-20&linkCode=osi&th=1&psc=1"><img src="https://m.media-amazon.com/images/I/41s2+VsF0YL._SL500_.jpg" alt="Product Image"></a><p>Ninja Air Fryer Pro 4-in-1 with 5 QT Capacity, Air Fry, Roast, Reheat, Dehydrate, Air Crisp Technology with 400F for hot, crispy results in just minutes, Nonstick Basket & Crisper Plate, Grey, AF141</p><p> -33% 0FF </p><p>$79.99</p><a href="https://www.amazon.com/dp/B0CSZ7WBYW?tag=eloabder-20&linkCode=osi&th=1&psc=1">View Product</a></div><div class="product"><a href="https://www.amazon.com/dp/B0C2FP4XNJ?tag=eloabder-20&linkCode=osi&th=1&psc=1"><img src="https://m.media-amazon.com/images/I/41PezlA3GrL._SL500_.jpg" alt="Product Image"></a><p>Ninja BC151EM Blast Portable Blender, Cordless, 18oz. Vessel, Personal Blender-for Shakes & Smoothies, BPA Free, Leakproof-Lid & Sip Spout, USB-C Rechargeable, Dishwasher Safe Parts, Forest Green</p><p> -33% 0FF </p><p>$39.99</p><a href="https://www.amazon.com/dp/B0C2FP4XNJ?tag=eloabder-20&linkCode=osi&th=1&psc=1">View Product</a></div><div class="product"><a href="https://www.amazon.com/dp/B097F4QKVY?tag=eloabder-20&linkCode=osi&th=1&psc=1"><img src="https://m.media-amazon.com/images/I/41P6OTX4B7L._SL500_.jpg" alt="Product Image"></a><p>Crock-Pot 7-Quart Slow Cooker, Portable Programmable with Timer, Locking Lid, Stainless Steel; an Essential Kitchen Appliance, Perfect for Families and Gatherings</p><p> -5% 0FF </p><p>$85.89</p><a href="https://www.amazon.com/dp/B097F4QKVY?tag=eloabder-20&linkCode=osi&th=1&psc=1">View Product</a></div><div class="product"><a href="https://www.amazon.com/dp/B0CHX9K2TV?tag=eloabder-20&linkCode=osi&th=1&psc=1"><img src="https://m.media-amazon.com/images/I/31dshLScRcL._SL500_.jpg" alt="Product Image"></a><p>nutribullet Personal Blender for Shakes, Smoothies, Food Prep, and Frozen Blending, 24 Ounces, 600 Watt, Gray, (NBR-0601)</p><p> -7% 0FF </p><p>$64.99</p><a href="https://www.amazon.com/dp/B0CHX9K2TV?tag=eloabder-20&linkCode=osi&th=1&psc=1">View Product</a></div><div class="product"><a href="https://www.amazon.com/dp/B0C33CHG99?tag=eloabder-20&linkCode=osi&th=1&psc=1"><img src="https://m.media-amazon.com/images/I/411O3FS3VIL._SL500_.jpg" alt="Product Image"></a><p>COSORI Air Fryer 9-in-1, Compact & Large 6-Qt, Fast Turbo Modes, 90-450°F Evenly Results with Precise Temperature Control, 95% Less Oil, Roast, Bake, Dry, Reheat, Frozen, Broil, Proof, Grey</p><p> -25% 0FF </p><p>$89.99</p><a href="https://www.amazon.com/dp/B0C33CHG99?tag=eloabder-20&linkCode=osi&th=1&psc=1">View Product</a></div><div class="product"><a href="https://www.amazon.com/dp/B0CFYX3946?tag=eloabder-20&linkCode=osi&th=1&psc=1"><img src="https://m.media-amazon.com/images/I/4155yrEZMWL._SL500_.jpg" alt="Product Image"></a><p>KitchenAid 5-Speed Ultra Power Hand Mixer - KHM512, Contour Silver</p><p> -25% 0FF </p><p>$44.99</p><a href="https://www.amazon.com/dp/B0CFYX3946?tag=eloabder-20&linkCode=osi&th=1&psc=1">View Product</a></div><div class="product"><a href="https://www.amazon.com/dp/B0C5Z8VCHX?tag=eloabder-20&linkCode=osi&th=1&psc=1"><img src="https://m.media-amazon.com/images/I/51h2oWq8I7L._SL500_.jpg" alt="Product Image"></a><p>Chefman Electric Kettle, 1.8L 1500W, Hot Water Boiler, Removable Lid for Easy Cleaning, Auto Shut Off, Boil-Dry Protection, Stainless Steel Filter, BPA Free, Borosilicate Glass Electric Tea Kettle</p><p> -18% 0FF </p><p>$22.99</p><a href="https://www.amazon.com/dp/B0C5Z8VCHX?tag=eloabder-20&linkCode=osi&th=1&psc=1">View Product</a></div><div class="product"><a href="https://www.amazon.com/dp/B098RD17LG?tag=eloabder-20&linkCode=osi&th=1&psc=1"><img src="https://m.media-amazon.com/images/I/41KlEtq4iCL._SL500_.jpg" alt="Product Image"></a><p>Ninja Blender, For-Smoothies, Salsa, Shakes, Slush, and-Frozen Drinks, Blender, Pitcher, and-Lid, Blender for-Kitchen, Crushes Ice, Fruit, and-Veggies, 1000-Watt, Dishwasher Safe, Black, NJ601AMZ​</p><p> -20% 0FF </p><p>$79.99</p><a href="https://www.amazon.com/dp/B098RD17LG?tag=eloabder-20&linkCode=osi&th=1&psc=1">View Product</a></div>
<div class="product"><a href="https://www.amazon.com/dp/B00939I7EK?tag=eloabder-20&linkCode=osi&th=1&psc=1"><img src="https://m.media-amazon.com/images/I/51U2RFBCh2L._SL500_.jpg" alt="Product Image"></a><p>Ninja BL770 Mega Kitchen System, 1500W, 4 Functions for Smoothies, Processing, Dough, Drinks & More, with 72 Blender Pitcher, 64 Processor Bowl, (2) 16-oz. to-Go, Black, with 2 Nutri Cups + Lids</p><p> -20% 0FF </p><p>$159.99</p><a href="https://www.amazon.com/dp/B00939I7EK?tag=eloabder-20&linkCode=osi&th=1&psc=1">View Product</a></div><div class="product"><a href="https://www.amazon.com/dp/B00NGV4506?tag=eloabder-20&linkCode=osi&th=1&psc=1"><img src="https://m.media-amazon.com/images/I/41zuo8-35WL._SL500_.jpg" alt="Product Image"></a><p>Ninja BL610 Professional 72 Oz Countertop 1000-Watt Base and Total Crushing Technology for Smoothies, Ice and Frozen Fruit, Black, Blender + Pitcher</p><p> -40% 0FF </p><p>$59.99</p><a href="https://www.amazon.com/dp/B00NGV4506?tag=eloabder-20&linkCode=osi&th=1&psc=1">View Product</a></div><div class="product"><a href="https://www.amazon.com/dp/B0855B5Z6F?tag=eloabder-20&linkCode=osi&th=1&psc=1"><img src="https://m.media-amazon.com/images/I/419Om7ZCluL._SL500_.jpg" alt="Product Image"></a><p>Ninja BN701 Professional Plus Blender, 1400 Peak Watts, 3 Functions for Smoothies, Frozen Drinks & Ice Cream with Auto IQ, 72-oz.* Total Crushing Pitcher & Lid, Dark Grey</p><p> -46% 0FF </p><p>$64.61 ($64.61 / Count)</p><a href="https://www.amazon.com/dp/B0855B5Z6F?tag=eloabder-20&linkCode=osi&th=1&psc=1">View Product</a></div><div class="product"><a href="https://www.amazon.com/dp/B012T634SM?tag=eloabder-20&linkCode=osi&th=1&psc=1"><img src="https://m.media-amazon.com/images/I/41BKzSi-ifL._SL500_.jpg" alt="Product Image"></a><p>Magic Bullet Blender, Small, Silver, 11 Piece Set</p><p> -20% 0FF </p><p>$39.88</p><a href="https://www.amazon.com/dp/B012T634SM?tag=eloabder-20&linkCode=osi&th=1&psc=1">View Product</a></div><div class="product"><a href="https://www.amazon.com/dp/B0D3Y7T31M?tag=eloabder-20&linkCode=osi&th=1&psc=1"><img src="https://m.media-amazon.com/images/I/41ffeHw82SL._SL500_.jpg" alt="Product Image"></a><p>magic bullet Combo Blender, 48oz Pitcher, Blending Cup, Simple Speed Dial – MBF50200</p><p> -20% 0FF </p><p>$39.99</p><a href="https://www.amazon.com/dp/B0D3Y7T31M?tag=eloabder-20&linkCode=osi&th=1&psc=1">View Product</a></div><div class="product"><a href="https://www.amazon.com/dp/B0CDW6J1W8?tag=eloabder-20&linkCode=osi&th=1&psc=1"><img src="https://m.media-amazon.com/images/I/51F2suuOG5L._SL500_.jpg" alt="Product Image"></a><p>KOIOS Smoothie Blender, 900W Personal Blender for Shakes and Smoothies Kitchen with 2 No-BPA 22oz Portable Blender Cups, Single Serve Smoothies Maker Mixer for Juices, Nutritious Recipe (Grey Blue)</p><p> -20% 0FF </p><p>$39.99</p><a href="https://www.amazon.com/dp/B0CDW6J1W8?tag=eloabder-20&linkCode=osi&th=1&psc=1">View Product</a></div>
<div class="product"><a href="https://www.amazon.com/dp/B071WCB1T6?tag=eloabder-20&linkCode=osi&th=1&psc=1"><img src="https://m.media-amazon.com/images/I/31jdX6frIBL._SL500_.jpg" alt="Product Image"></a><p>TOSHIBA EM131A5C-BS Countertop Microwave Ovens 1.2 Cu Ft, 12.4" Removable Turntable Smart Humidity Sensor 12 Auto Menus Mute Function ECO Mode Easy Clean Interior Black Color 1100W</p><p> -7% 0FF </p><p>$129.99</p><a href="https://www.amazon.com/dp/B071WCB1T6?tag=eloabder-20&linkCode=osi&th=1&psc=1">View Product</a></div><div class="product"><a href="https://www.amazon.com/dp/B0D292ZK9W?tag=eloabder-20&linkCode=osi&th=1&psc=1"><img src="https://m.media-amazon.com/images/I/31TTpRBhabL._SL500_.jpg" alt="Product Image"></a><p>GE GCST10A1WSS 3-in-1 Microwave Oven, 1,050 Watts Air Fryer, Broiler & Convection Mode, Kitchen Essentials for The Countertop or Dorm Room, Child-Lock Technology 1.0 Cu. Ft, Stainless Steel</p><p> -13% 0FF </p><p>$189.99</p><a href="https://www.amazon.com/dp/B0D292ZK9W?tag=eloabder-20&linkCode=osi&th=1&psc=1">View Product</a></div><div class="product"><a href="https://www.amazon.com/dp/B0D294MHR5?tag=eloabder-20&linkCode=osi&th=1&psc=1"><img src="https://m.media-amazon.com/images/I/31jA3nuhQWL._SL500_.jpg" alt="Product Image"></a><p>GE GCST07N1WSS Microwave Oven, 700-watt 6 Auto Cooking Settings, Kitchen Essentials for The Countertop, Dorm Room or Apartment, Child-Lock Technology 0.7 Cu. Ft, Stainless Steel</p><p> -9% 0FF </p><p>$99.00</p><a href="https://www.amazon.com/dp/B0D294MHR5?tag=eloabder-20&linkCode=osi&th=1&psc=1">View Product</a></div><div class="product"><a href="https://www.amazon.com/dp/B000M9EFNM?tag=eloabder-20&linkCode=osi&th=1&psc=1"><img src="https://m.media-amazon.com/images/I/41iWuh-A2fL._SL500_.jpg" alt="Product Image"></a><p>Emerson MW7302B Compact Countertop Microwave Oven with Touch Control, LED Display, 700W, 10 Power Levels, 6 Auto Menus, Glass Turntable and Child Safe Lock, 0.7 Cu., Ft. Black</p><p> -28% 0FF </p><p>$72.03</p><a href="https://www.amazon.com/dp/B000M9EFNM?tag=eloabder-20&linkCode=osi&th=1&psc=1">View Product</a></div>
<div class="product"><a href="https://www.amazon.com/dp/B082PMYZ2X?tag=eloabder-20&linkCode=osi&th=1&psc=1"><img src="https://m.media-amazon.com/images/I/3172vOXiAeL._SL500_.jpg" alt="Product Image"></a><p>RCA RFR725 2 Door Apartment Size Refrigerator with Freezer, Stainless,7.5 cu ft</p><p> -15% 0FF </p><p>$298.00</p><a href="https://www.amazon.com/dp/B082PMYZ2X?tag=eloabder-20&linkCode=osi&th=1&psc=1">View Product</a></div><div class="product"><a href="https://www.amazon.com/dp/B09RWFZTWW?tag=eloabder-20&linkCode=osi&th=1&psc=1"><img src="https://m.media-amazon.com/images/I/51jiYOTMybL._SL500_.jpg" alt="Product Image"></a><p>Upstreman 3.2 Cu.Ft Mini Fridge with Freezer, Single Door Mini Fridge, Dorm Fridge, Adjustable Thermostat, Mini Refrigerator for Bedroom, Office, Dorm, Black-BR321</p><p> -22% 0FF </p><p>$139.99</p><a href="https://www.amazon.com/dp/B09RWFZTWW?tag=eloabder-20&linkCode=osi&th=1&psc=1">View Product</a></div><div class="product"><a href="https://www.amazon.com/dp/B07QCQX8WR?tag=eloabder-20&linkCode=osi&th=1&psc=1"><img src="https://m.media-amazon.com/images/I/319YWFzYC1L._SL500_.jpg" alt="Product Image"></a><p>SAMSUNG RF28R7201SR 28 Cu. Ft. Stainless 4-Door French Door Refrigerator</p><p> -9% 0FF </p><p>$1,499.22</p><a href="https://www.amazon.com/dp/B07QCQX8WR?tag=eloabder-20&linkCode=osi&th=1&psc=1">View Product</a></div><div class="product"><a href="https://www.amazon.com/dp/B00QEUGW5M?tag=eloabder-20&linkCode=osi&th=1&psc=1"><img src="https://m.media-amazon.com/images/I/21RdnrqGpZL._SL500_.jpg" alt="Product Image"></a><p>Avanti FF18D3S-4 FF18D cu.ft. Apartment Size Refrigerator​, Full Fridge Free Technology Prevents Frost Build-up with Adjustable Shelves, Door Bins & Crisper Drawers, 18 cu. ft, Stainless Steel</p><p> -35% 0FF </p><p>$549.99</p><a href="https://www.amazon.com/dp/B00QEUGW5M?tag=eloabder-20&linkCode=osi&th=1&psc=1">View Product</a></div><div class="product"><a href="https://www.amazon.com/dp/B0CVS8WRPX?tag=eloabder-20&linkCode=osi&th=1&psc=1"><img src="https://m.media-amazon.com/images/I/21EtSdN39DL._SL500_.jpg" alt="Product Image"></a><p>Kenmore 46-75525 29.88 Inch Counter-Depth French Door Refrigerator/Freezer with Fingerprint-Resistant Stainless Steel, Ice Maker, Quiet and Energy Efficient Inverter Compressor, 17.5 cu. ft.</p><p> -15% 0FF </p><p>$1,099.99</p><a href="https://www.amazon.com/dp/B0CVS8WRPX?tag=eloabder-20&linkCode=osi&th=1&psc=1">View Product</a></div>
<div class="product"><a href="https://www.amazon.com/dp/B0D1CXL52G?tag=eloabder-20&linkCode=osi&th=1&psc=1"><img src="https://m.media-amazon.com/images/I/41b3JzpXjNL._SL500_.jpg" alt="Product Image"></a><p>Ninja Flip Toaster Oven&Air Fryer, 8-in-1 Functionality, Flip Up&Away Capability for Storage Space, LargeCapacity, Air Fry Basket, SheetPan, Wire Rack&Removable Crumb Tray, Stainless,1800 watts, SP151</p><p> -35% 0FF </p><p>$129.99</p><a href="https://www.amazon.com/dp/B0D1CXL52G?tag=eloabder-20&linkCode=osi&th=1&psc=1">View Product</a></div><div class="product"><a href="https://www.amazon.com/dp/B07SCGY2H6?tag=eloabder-20&linkCode=osi&th=1&psc=1"><img src="https://m.media-amazon.com/images/I/51lqoRxpKAL._SL500_.jpg" alt="Product Image"></a><p>Ninja SP101 Digital Air Fry Countertop Oven with 8-in-1 Functionality, Flip Up & Away Capability for Storage Space, with Air Fry Basket, Wire Rack & Crumb Tray, Silver</p><p> -41% 0FF </p><p>$129.99</p><a href="https://www.amazon.com/dp/B07SCGY2H6?tag=eloabder-20&linkCode=osi&th=1&psc=1">View Product</a></div><div class="product"><a href="https://www.amazon.com/dp/B0BMDFVL5D?tag=eloabder-20&linkCode=osi&th=1&psc=1"><img src="https://m.media-amazon.com/images/I/41MIOfXMwnL._SL500_.jpg" alt="Product Image"></a><p>Elite Gourmet ETO2530M Double French Door Countertop Toaster Oven, Bake, Broil, Toast, Keep Warm, Fits 12" pizza, 25L capacity, Stainless Steel & Black</p><p> -13% 0FF </p><p>$78.27</p><a href="https://www.amazon.com/dp/B0BMDFVL5D?tag=eloabder-20&linkCode=osi&th=1&psc=1">View Product</a></div><div class="product"><a href="https://www.amazon.com/dp/B08DL8WH9V?tag=eloabder-20&linkCode=osi&th=1&psc=1"><img src="https://m.media-amazon.com/images/I/51Zh5HMM-bL._SL500_.jpg" alt="Product Image"></a><p>CHEFMAN Multifunctional Digital Air Fryer+ Rotisserie, Dehydrator, Convection Oven, 17 Touch Screen Presets Fry, Roast, Dehydrate, Bake, XL 10L Family Size, Auto Shutoff, Large Easy-View Window, Black</p><p> -29% 0FF </p><p>$99.99</p><a href="https://www.amazon.com/dp/B08DL8WH9V?tag=eloabder-20&linkCode=osi&th=1&psc=1">View Product</a></div>
<div class="product"><a href="https://www.amazon.com/dp/B072P11H8L?tag=eloabder-20&linkCode=osi&th=1&psc=1"><img src="https://m.media-amazon.com/images/I/41FgU05M+eL._SL500_.jpg" alt="Product Image"></a><p>Amazon Basics 2 Slice Extra Wide Slot Toaster with Bagel Function, Removable Crumb Tray, 6 Browning Settings, Frozen Food Setting, Cancel Button, 900W, Black & Silver.</p><p> -13% 0FF </p><p>$19.99</p><a href="https://www.amazon.com/dp/B072P11H8L?tag=eloabder-20&linkCode=osi&th=1&psc=1">View Product</a></div><div class="product"><a href="https://www.amazon.com/dp/B091SQRKVG?tag=eloabder-20&linkCode=osi&th=1&psc=1"><img src="https://m.media-amazon.com/images/I/41VUCnZHzhL._SL500_.jpg" alt="Product Image"></a><p>Mueller UltraToast Full Stainless Steel Toaster 4 Slice, Long Extra-Wide Slots with Removable Tray, Cancel/Defrost/Reheat Functions, 6 Browning Levels with LED Display, Kitchen Essentials & Gadgets</p><p> -33% 0FF </p><p>$39.99</p><a href="https://www.amazon.com/dp/B091SQRKVG?tag=eloabder-20&linkCode=osi&th=1&psc=1">View Product</a></div><div class="product"><a href="https://www.amazon.com/dp/B08NWGNQPS?tag=eloabder-20&linkCode=osi&th=1&psc=1"><img src="https://m.media-amazon.com/images/I/41Rl2b7N4yL._SL500_.jpg" alt="Product Image"></a><p>GE 2 Slice Stainless Steel Toaster, Extra Wide Slots for Toasting Bagels, Breads, Waffles & More, 7 Adjustable Shade Settings, Removable Crumb Tray, Countertop Kitchen Essentials, 850 Watts</p><p> -14% 0FF </p><p>$41.99</p><a href="https://www.amazon.com/dp/B08NWGNQPS?tag=eloabder-20&linkCode=osi&th=1&psc=1">View Product</a></div>
<div class="product"><a href="https://www.amazon.com/dp/B09715G57M?tag=eloabder-20&linkCode=osi&th=1&psc=1"><img src="https://m.media-amazon.com/images/I/31bbfFmQvAL._SL500_.jpg" alt="Product Image"></a><p>Keurig K-Express Single Serve K-Cup Pod Coffee Maker, 3 Brew Sizes, Strong Button Feature, 42oz Removable Reservoir, Black</p><p> -33% 0FF </p><p>$59.99</p><a href="https://www.amazon.com/dp/B09715G57M?tag=eloabder-20&linkCode=osi&th=1&psc=1">View Product</a></div><div class="product"><a href="https://www.amazon.com/dp/B07S98411N?tag=eloabder-20&linkCode=osi&th=1&psc=1"><img src="https://m.media-amazon.com/images/I/41SOX63H-GL._SL500_.jpg" alt="Product Image"></a><p>Ninja 12-Cup Programmable Coffee Brewer, 2 Brew Styles, Adjustable Warm Plate, 60oz Water Reservoir, Delay Brew - Black/Stainless Steel</p><p> -13% 0FF </p><p>$69.99 ($69.99 / count)</p><a href="https://www.amazon.com/dp/B07S98411N?tag=eloabder-20&linkCode=osi&th=1&psc=1">View Product</a></div><div class="product"><a href="https://www.amazon.com/dp/B0D8LXRHQ8?tag=eloabder-20&linkCode=osi&th=1&psc=1"><img src="https://m.media-amazon.com/images/I/41rogzNp62L._SL500_.jpg" alt="Product Image"></a><p>Keurig K-Duo Hot & Iced Single Serve & Carafe Coffee Maker, MultiStream Technology, 72oz Reservoir (Gen 2)</p><p> -25% 0FF </p><p>$149.99</p><a href="https://www.amazon.com/dp/B0D8LXRHQ8?tag=eloabder-20&linkCode=osi&th=1&psc=1">View Product</a></div><div class="product"><a href="https://www.amazon.com/dp/B0BM3C13B6?tag=eloabder-20&linkCode=osi&th=1&psc=1"><img src="https://m.media-amazon.com/images/I/41Vyq25e3QL._SL500_.jpg" alt="Product Image"></a><p>Mueller 12-Cup Drip Coffee Maker - Borosilicate Carafe, Auto-Off, Reusable Filter, Anti-Drip, Keep-Warm Function, Clear Water Level Window Coffee Machine, Ideal for Home or Office</p><p> -48% 0FF </p><p>$25.87 ($2.16 / Count)</p><a href="https://www.amazon.com/dp/B0BM3C13B6?tag=eloabder-20&linkCode=osi&th=1&psc=1">View Product</a></div><div class="product"><a href="https://www.amazon.com/dp/B07GV2S1GS?tag=eloabder-20&linkCode=osi&th=1&psc=1"><img src="https://m.media-amazon.com/images/I/310Vh-Nnu7L._SL500_.jpg" alt="Product Image"></a><p>Keurig K-Mini Single Serve K-Cup Pod Coffee Maker, 6 to 12oz Brew size, with Cord Storage, Perfect for Small Spaces, Black</p><p> -40% 0FF </p><p>$59.99</p><a href="https://www.amazon.com/dp/B07GV2S1GS?tag=eloabder-20&linkCode=osi&th=1&psc=1">View Product</a></div><div class="product"><a href="https://www.amazon.com/dp/B018UQ5AMS?tag=eloabder-20&linkCode=osi&th=1&psc=1"><img src="https://m.media-amazon.com/images/I/41ZbZptck9L._SL500_.jpg" alt="Product Image"></a><p>Keurig K-Classic Single Serve K-Cup Pod Coffee Maker, with 3 Brew Sizes, 48oz Removable Reservoir, Black</p><p> -7% 0FF </p><p>$139.99</p><a href="https://www.amazon.com/dp/B018UQ5AMS?tag=eloabder-20&linkCode=osi&th=1&psc=1">View Product</a></div>
<div class="product"><a href="https://www.amazon.com/dp/B09ST4M8VF?tag=eloabder-20&linkCode=osi&th=1&psc=1"><img src="https://m.media-amazon.com/images/I/31QlZXvnG0L._SL500_.jpg" alt="Product Image"></a><p>COMFEE’ Countertop Dishwasher, Energy Star Portable Dishwasher, 6 Place Settings & 8 Washing Programs, Speed, Baby-Care, ECO& Glass, Dish Washer for Dorm, RV& Apartment, Black</p><p> -13% 0FF </p><p>$259.99</p><a href="https://www.amazon.com/dp/B09ST4M8VF?tag=eloabder-20&linkCode=osi&th=1&psc=1">View Product</a></div><div class="product"><a href="https://www.amazon.com/dp/B089YD3Z91?tag=eloabder-20&linkCode=osi&th=1&psc=1"><img src="https://m.media-amazon.com/images/I/4149SRZHueL._SL500_.jpg" alt="Product Image"></a><p>NOVETE Portable Countertop Dishwashers, Compact Dishwashers with 5 L Built-in Water Tank & Inlet Hose, 5 Washing Programs, Baby Care, Air-Dry Function and LED Light for Small Apartments</p><p> -31% 0FF </p><p>$291.70</p><a href="https://www.amazon.com/dp/B089YD3Z91?tag=eloabder-20&linkCode=osi&th=1&psc=1">View Product</a></div><div class="product"><a href="https://www.amazon.com/dp/B0CVX5GBY5?tag=eloabder-20&linkCode=osi&th=1&psc=1"><img src="https://m.media-amazon.com/images/I/41Dnq4IKwbL._SL500_.jpg" alt="Product Image"></a><p>EUHOMY Mini Portable Dishwasher Countertop Compact Dishwashers, Tabletop Small Dishwasher with 5L Built-in Water Tank with 6 Modes and Baby Care for Apartments& RVs, No Hookup Needed</p><p> -19% 0FF </p><p>$217.99</p><a href="https://www.amazon.com/dp/B0CVX5GBY5?tag=eloabder-20&linkCode=osi&th=1&psc=1">View Product</a></div><div class="product"><a href="https://www.amazon.com/dp/B0C84MCVWM?tag=eloabder-20&linkCode=osi&th=1&psc=1"><img src="https://m.media-amazon.com/images/I/21-RrSOli4L._SL500_.jpg" alt="Product Image"></a><p>Midea MDF18A1AST Built-in Dishwasher with 8 Place Settings, 6 Washing Programs, Stainless Steel Tub, Heated Dry, Energy Star</p><p> -10% 0FF </p><p>$449.00</p><a href="https://www.amazon.com/dp/B0C84MCVWM?tag=eloabder-20&linkCode=osi&th=1&psc=1">View Product</a></div><div class="product"><a href="https://www.amazon.com/dp/B0BSHF9LXB?tag=eloabder-20&linkCode=osi&th=1&psc=1"><img src="https://m.media-amazon.com/images/I/11eYYssjgEL._SL500_.jpg" alt="Product Image"></a><p>Honeywell 18 Inch Dishwasher with 8 Place settings, 6 Washing Programs, Stainless Steel Tub, UL/Energy Star- Stainless Steel</p><p> -11% 0FF </p><p>$399.99</p><a href="https://www.amazon.com/dp/B0BSHF9LXB?tag=eloabder-20&linkCode=osi&th=1&psc=1">View Product</a></div><div class="product"><a href="https://www.amazon.com/dp/B08SBR12S7?tag=eloabder-20&linkCode=osi&th=1&psc=1"><img src="https://m.media-amazon.com/images/I/41LD2A+P9ZL._SL500_.jpg" alt="Product Image"></a><p>Hermitlux Countertop Dishwasher, 5 Washing Programs Portable Dishwasher With 5-Liter Built-in Water Tank For Glass Door</p><p> -21% 0FF </p><p>$275.99</p><a href="https://www.amazon.com/dp/B08SBR12S7?tag=eloabder-20&linkCode=osi&th=1&psc=1">View Product</a></div><div class="product"><a href="https://www.amazon.com/dp/B09QCJ6TDZ?tag=eloabder-20&linkCode=osi&th=1&psc=1"><img src="https://m.media-amazon.com/images/I/41vntFM8FeL._SL500_.jpg" alt="Product Image"></a><p>COMFEE' Portable Mini Dishwasher Countertop with 5L Built-in Water Tank for Apartments& RVs, No Hookup Needed, 6 Programs, 360° Dual Spray, 162℉ High-Temp& Air-Dry Function</p><p> -10% 0FF </p><p>$269.99</p><a href="https://www.amazon.com/dp/B09QCJ6TDZ?tag=eloabder-20&linkCode=osi&th=1&psc=1">View Product</a></div><div class="product"><a href="https://www.amazon.com/dp/B0CFPJ57KP?tag=eloabder-20&linkCode=osi&th=1&psc=1"><img src="https://m.media-amazon.com/images/I/31Wtz+lzyfL._SL500_.jpg" alt="Product Image"></a><p>Kenmore 24" Built-In Stainless Steel Tub Dishwasher with EasyFlex 3rd Rack, SmartWash, UltraWash Plus, TurboDry, MoreSpace Adjustable Rack, Energy Star Certified, Fingerprint Resistant Stainless Steel</p><p> -38% 0FF </p><p>$499.99</p><a href="https://www.amazon.com/dp/B0CFPJ57KP?tag=eloabder-20&linkCode=osi&th=1&psc=1">View Product</a></div><div class="product"><a href="https://www.amazon.com/dp/B0BZGXYQ4S?tag=eloabder-20&linkCode=osi&th=1&psc=1"><img src="https://m.media-amazon.com/images/I/31HoqlDBJHL._SL500_.jpg" alt="Product Image"></a><p>FOTILE Stainless Steel Kitchen In-Sink Dishwasher Combination, Heavy Gauge Bowl Dish Sanitizing, Energy-saving, and Powerful Cleaning Countertop Dishwasher (SD2F-P3)</p><p> -27% 0FF </p><p>$799.00</p><a href="https://www.amazon.com/dp/B0BZGXYQ4S?tag=eloabder-20&linkCode=osi&th=1&psc=1">View Product</a></div>
<div class="product"><a href="https://www.amazon.com/dp/B075KLJXKZ?tag=eloabder-20&linkCode=osi&th=1&psc=1"><img src="https://m.media-amazon.com/images/I/31-WjP7B6vL._SL500_.jpg" alt="Product Image"></a><p>Kenmore Top-Load Washer with Dual Action Agitator, Stainless Steel Top Loader Laundry Washing Machine, 3.5 cu. ft. Capacity White</p><p> -31% 0FF </p><p>$499.99</p><a href="https://www.amazon.com/dp/B075KLJXKZ?tag=eloabder-20&linkCode=osi&th=1&psc=1">View Product</a></div><div class="product"><a href="https://www.amazon.com/dp/B07DC5YQW8?tag=eloabder-20&linkCode=osi&th=1&psc=1"><img src="https://m.media-amazon.com/images/I/31DuF7NeLHL._SL500_.jpg" alt="Product Image"></a><p>Kenmore 20362 Triple Action Agitator Top-Load Washer, 3.8 cu. ft, White</p><p> -10% 0FF </p><p>$629.98</p><a href="https://www.amazon.com/dp/B07DC5YQW8?tag=eloabder-20&linkCode=osi&th=1&psc=1">View Product</a></div><div class="product"><a href="https://www.amazon.com/dp/B0D8SZ4CTC?tag=eloabder-20&linkCode=osi&th=1&psc=1"><img src="https://m.media-amazon.com/images/I/31DIwBVEFHL._SL500_.jpg" alt="Product Image"></a><p>Euhomy 1.03cu.ft Portable Washer, 8.8LBS Capacity Small Portable Washing Machine with 10 Programs 5 Water Levels, Drain Pump and LED Display,Compact Washer for Apartments, RVs, Homes, Light Gray</p><p> -18% 0FF </p><p>$195.99</p><a href="https://www.amazon.com/dp/B0D8SZ4CTC?tag=eloabder-20&linkCode=osi&th=1&psc=1">View Product</a></div><div class="product"><a href="https://www.amazon.com/dp/B0CNXQK4TF?tag=eloabder-20&linkCode=osi&th=1&psc=1"><img src="https://m.media-amazon.com/images/I/41P5otQCAGL._SL500_.jpg" alt="Product Image"></a><p>COSTWAY Portable Washing Machine, Twin Tub 26lbs Capacity Laundry Washer, 18lbs Washer and 8lbs Spinner Combo with Timer Knobs, Built-in Drain Pump, Compact Washer for Home Dorm Apartment (Grey+White)</p><p> -16% 0FF </p><p>$159.99</p><a href="https://www.amazon.com/dp/B0CNXQK4TF?tag=eloabder-20&linkCode=osi&th=1&psc=1">View Product</a></div><div class="product"><a href="https://www.amazon.com/dp/B08B4L4CGG?tag=eloabder-20&linkCode=osi&th=1&psc=1"><img src="https://m.media-amazon.com/images/I/31X47q9sDGL._SL500_.jpg" alt="Product Image"></a><p>Comfee Portable Washing Machine, 0.9 cu.ft Compact Washer With LED Display, 5 Wash Cycles, 2 Built-in Rollers, Space Saving Full-Automatic Washer</p><p> -7% 0FF </p><p>$230.58</p><a href="https://www.amazon.com/dp/B08B4L4CGG?tag=eloabder-20&linkCode=osi&th=1&psc=1">View Product</a></div><div class="product"><a href="https://www.amazon.com/dp/B07HKXVQYC?tag=eloabder-20&linkCode=osi&th=1&psc=1"><img src="https://m.media-amazon.com/images/I/41-Ze3RD3lL._SL500_.jpg" alt="Product Image"></a><p>Giantex Portable Washing Machine, Full Automatic Washer and Dryer Combo, with Built-in Pump Drain 8 LBS Capacity Compact Laundry Washer Spin Dryer for Apartment RV Dorm</p><p> -29% 0FF </p><p>$229.99</p><a href="https://www.amazon.com/dp/B07HKXVQYC?tag=eloabder-20&linkCode=osi&th=1&psc=1">View Product</a></div><div class="product"><a href="https://www.amazon.com/dp/B0CXXPQ2NT?tag=eloabder-20&linkCode=osi&th=1&psc=1"><img src="https://m.media-amazon.com/images/I/414dhY400cL._SL500_.jpg" alt="Product Image"></a><p>28Lbs Portable Washing Machine, Twin Tub Washing Machine Laundry Compact Washer spinner Combo with Drain Pump and Spin Cycle, 18Lbs Washer and 10Lbs Spinner dryer for Apartments RVs and Dorms</p><p> -9% 0FF </p><p>$73.00</p><a href="https://www.amazon.com/dp/B0CXXPQ2NT?tag=eloabder-20&linkCode=osi&th=1&psc=1">View Product</a></div>
<div class="product"><a href="https://www.amazon.com/dp/B07D87K6BQ?tag=eloabder-20&linkCode=osi&th=1&psc=1"><img src="https://m.media-amazon.com/images/I/31KxNVdMpwL._SL500_.jpg" alt="Product Image"></a><p>Kenmore 29" Front Load Electric Dryer with Wrinkle Guard and 7.0 Cubic Ft. Total Capacity, White</p><p> -10% 0FF </p><p>$629.98</p><a href="https://www.amazon.com/dp/B07D87K6BQ?tag=eloabder-20&linkCode=osi&th=1&psc=1">View Product</a></div><div class="product"><a href="https://www.amazon.com/dp/B075KLNLJ8?tag=eloabder-20&linkCode=osi&th=1&psc=1"><img src="https://m.media-amazon.com/images/I/31jFwM6jvRL._SL500_.jpg" alt="Product Image"></a><p>Kenmore Electric Dryer with Wrinkle Guard and Auto Dry, Electric Laundry Drying Machine 6.5 cu. Ft. Capacity White</p><p> -6% 0FF </p><p>$565.42</p><a href="https://www.amazon.com/dp/B075KLNLJ8?tag=eloabder-20&linkCode=osi&th=1&psc=1">View Product</a></div><div class="product"><a href="https://www.amazon.com/dp/B00EAY540S?tag=eloabder-20&linkCode=osi&th=1&psc=1"><img src="https://m.media-amazon.com/images/I/41S7hlrXcNL._SL500_.jpg" alt="Product Image"></a><p>Panda 110V 850W Electric Compact Portable Clothes Laundry Dryer with Stainless Steel Tub Apartment Size 1.5 cu.ft</p><p> -21% 0FF </p><p>$197.35</p><a href="https://www.amazon.com/dp/B00EAY540S?tag=eloabder-20&linkCode=osi&th=1&psc=1">View Product</a></div>
<div class="product"><a href="https://www.amazon.com/dp/B08QDL1XTC?tag=eloabder-20&linkCode=osi&th=1&psc=1"><img src="https://m.media-amazon.com/images/I/51ROwLDwkYL._SL500_.jpg" alt="Product Image"></a><p>Breeze Stop Surround Insulation Side Panels White for Window AC Unit Indoor Air Conditioner Cover for Winter and Summer</p><p> -6% 0FF </p><p>$32.99</p><a href="https://www.amazon.com/dp/B08QDL1XTC?tag=eloabder-20&linkCode=osi&th=1&psc=1">View Product</a></div><div class="product"><a href="https://www.amazon.com/dp/B07QKSV72H?tag=eloabder-20&linkCode=osi&th=1&psc=1"><img src="https://m.media-amazon.com/images/I/519a0zWyYIL._SL500_.jpg" alt="Product Image"></a><p>MODERN WAVE Central Air Conditioner Cover for Outside Units 36 x 36 - Top Universal Outdoor AC Cover Defender (Mesh, 36" x 36")</p><p> -20% 0FF </p><p>$23.99</p><a href="https://www.amazon.com/dp/B07QKSV72H?tag=eloabder-20&linkCode=osi&th=1&psc=1">View Product</a></div><div class="product"><a href="https://www.amazon.com/dp/B09DNRZNGB?tag=eloabder-20&linkCode=osi&th=1&psc=1"><img src="https://m.media-amazon.com/images/I/3126w0nnulL._SL500_.jpg" alt="Product Image"></a><p>Mrrihand Central Air Conditioner Cover for Outside Units Waterproof Heavy Duty AC Unit for Outdoor Large AC Cover for Winter (32"X32"X36")-Balck</p><p> -5% 0FF </p><p>$24.69</p><a href="https://www.amazon.com/dp/B09DNRZNGB?tag=eloabder-20&linkCode=osi&th=1&psc=1">View Product</a></div><div class="product"><a href="https://www.amazon.com/dp/B07VBMHCSS?tag=eloabder-20&linkCode=osi&th=1&psc=1"><img src="https://m.media-amazon.com/images/I/419VzItl1yL._SL500_.jpg" alt="Product Image"></a><p>Window Air Conditioner Cover Outdoor, Luxiv Outside Window AC Unit Cover Black Dust-proof Waterproof AC Cover Outdoor Window AC Protection Cover (21Wx16Dx15H)</p><p> -25% 0FF </p><p>$14.99</p><a href="https://www.amazon.com/dp/B07VBMHCSS?tag=eloabder-20&linkCode=osi&th=1&psc=1">View Product</a></div><div class="product"><a href="https://www.amazon.com/dp/B078SPPXZ7?tag=eloabder-20&linkCode=osi&th=1&psc=1"><img src="https://m.media-amazon.com/images/I/41LD7qFfJbL._SL500_.jpg" alt="Product Image"></a><p>Foozet Indoor Air Conditioner Cover Double Insulation, Medium Beige</p><p> -23% 0FF </p><p>$19.98</p><a href="https://www.amazon.com/dp/B078SPPXZ7?tag=eloabder-20&linkCode=osi&th=1&psc=1">View Product</a></div><div class="product"><a href="https://www.amazon.com/dp/B097PS8MM9?tag=eloabder-20&linkCode=osi&th=1&psc=1"><img src="https://m.media-amazon.com/images/I/31YIYuB91VL._SL500_.jpg" alt="Product Image"></a><p>BROSYDA Central Large Air Conditioner Cover for Outside Units, Waterproof & Windproof Outdoor AC Units Cover Black (30"x30"x32" Inch)</p><p> -12% 0FF </p><p>$24.99</p><a href="https://www.amazon.com/dp/B097PS8MM9?tag=eloabder-20&linkCode=osi&th=1&psc=1">View Product</a></div><div class="product"><a href="https://www.amazon.com/dp/B07Z7G7739?tag=eloabder-20&linkCode=osi&th=1&psc=1"><img src="https://m.media-amazon.com/images/I/51yS0zSIqYL._SL500_.jpg" alt="Product Image"></a><p>Aozzy Central Air Conditioner Covers for Outside Units Heavy Duty Ac Cover for Outdoor Unit Square Winter Withstand The Rain and Snow, Or Nuts Fit Up to 24x24x22 inchs</p><p> -30% 0FF </p><p>$11.89</p><a href="https://www.amazon.com/dp/B07Z7G7739?tag=eloabder-20&linkCode=osi&th=1&psc=1">View Product</a></div>
<div class="product"><a href="https://www.amazon.com/dp/B075GFLQ7K?tag=eloabder-20&linkCode=osi&th=1&psc=1"><img src="https://m.media-amazon.com/images/I/31wtVOr0SvL._SL500_.jpg" alt="Product Image"></a><p>Kenmore Floorcare Upright Bagged Vacuum, Blue/Silver</p><p> -11% 0FF </p><p>$222.56</p><a href="https://www.amazon.com/dp/B075GFLQ7K?tag=eloabder-20&linkCode=osi&th=1&psc=1">View Product</a></div><div class="product"><a href="https://www.amazon.com/dp/B086DBC2NN?tag=eloabder-20&linkCode=osi&th=1&psc=1"><img src="https://m.media-amazon.com/images/I/41gSCJkmrUL._SL500_.jpg" alt="Product Image"></a><p>Yocada Carpet Sweeper Cleaner for Home Office Low Carpets Rugs Undercoat Carpets Pet Hair Dust Scraps Paper Small Rubbish Cleaning with a Brush</p><p> -13% 0FF </p><p>$25.99</p><a href="https://www.amazon.com/dp/B086DBC2NN?tag=eloabder-20&linkCode=osi&th=1&psc=1">View Product</a></div><div class="product"><a href="https://www.amazon.com/dp/B00K316IB6?tag=eloabder-20&linkCode=osi&th=1&psc=1"><img src="https://m.media-amazon.com/images/I/31Xu+nrbO1L._SL500_.jpg" alt="Product Image"></a><p>Bissell 28806 Perfect Sweep Turbo, Grey</p><p> -14% 0FF </p><p>$38.78</p><a href="https://www.amazon.com/dp/B00K316IB6?tag=eloabder-20&linkCode=osi&th=1&psc=1">View Product</a></div><div class="product"><a href="https://www.amazon.com/dp/B085C7CF4J?tag=eloabder-20&linkCode=osi&th=1&psc=1"><img src="https://m.media-amazon.com/images/I/41LmSVowGJL._SL500_.jpg" alt="Product Image"></a><p>Yocada Carpet Sweeper Cleaner for Home Office Low Carpets Rugs Undercoat Carpets Pet Hair Dust Scraps Paper Small Rubbish Cleaning with a Brush Blue</p><p> -13% 0FF </p><p>$25.99</p><a href="https://www.amazon.com/dp/B085C7CF4J?tag=eloabder-20&linkCode=osi&th=1&psc=1">View Product</a></div><div class="product"><a href="https://www.amazon.com/dp/B08SBQBF2R?tag=eloabder-20&linkCode=osi&th=1&psc=1"><img src="https://m.media-amazon.com/images/I/41-haqU+4SL._SL500_.jpg" alt="Product Image"></a><p>Holikme Dryer Vent Cleaner Kit Vacuum Hose Attachment Brush, Lint Remover, Dryer Vent Vacuum Hose, Blue</p><p> -43% 0FF </p><p>$8.49</p><a href="https://www.amazon.com/dp/B08SBQBF2R?tag=eloabder-20&linkCode=osi&th=1&psc=1">View Product</a></div><div class="product"><a href="https://www.amazon.com/dp/B0CQY6MPNG?tag=eloabder-20&linkCode=osi&th=1&psc=1"><img src="https://m.media-amazon.com/images/I/515TS53ns1L._SL500_.jpg" alt="Product Image"></a><p>PetOde 2 Pieces Dryer Vent Cleaner Kit Compatible with All Vacuum Cleaner, Dryer Lint Brush and Vacuum Hose Attachment with Stretch Universal Connector, Quickly Lint Remover</p><p> -25% 0FF </p><p>$8.95</p><a href="https://www.amazon.com/dp/B0CQY6MPNG?tag=eloabder-20&linkCode=osi&th=1&psc=1">View Product</a></div>
<div class="product"><a href="https://www.amazon.com/dp/B00061J2B6?tag=eloabder-20&linkCode=osi&th=1&psc=1"><img src="https://m.media-amazon.com/images/I/41YkPB6bX2L._SL500_.jpg" alt="Product Image"></a><p>Steamfast SF-680 Digital Steam Press with Multiple Fabric Settings and Steam Burst Function,Stainless/Black, Stand</p><p> -13% 0FF </p><p>$279.99</p><a href="https://www.amazon.com/dp/B00061J2B6?tag=eloabder-20&linkCode=osi&th=1&psc=1">View Product</a></div><div class="product"><a href="https://www.amazon.com/dp/B09V7232SK?tag=eloabder-20&linkCode=osi&th=1&psc=1"><img src="https://m.media-amazon.com/images/I/51bSRR0Y3FL._SL500_.jpg" alt="Product Image"></a><p>Mueller Heart Waffle Maker, 5 Belgian Waffle Iron, Adjustable Browning Control, Cool Touch Handle, Compact and Easy to Clean, Great Mother’s Day Gift</p><p> -25% 0FF </p><p>$29.97</p><a href="https://www.amazon.com/dp/B09V7232SK?tag=eloabder-20&linkCode=osi&th=1&psc=1">View Product</a></div><div class="product"><a href="https://www.amazon.com/dp/B072ZNQC2R?tag=eloabder-20&linkCode=osi&th=1&psc=1"><img src="https://m.media-amazon.com/images/I/41rlbw08uYL._SL500_.jpg" alt="Product Image"></a><p>Chefman Rotating Belgian Waffle Maker, 180° Flip Iron w/ Non-Stick Plates, Adjustable Timer, Locking Lid, & Drip Plate, Space Saving Storage, Mess-Free Breakfast, Stainless Steel/Black</p><p> -13% 0FF </p><p>$34.99</p><a href="https://www.amazon.com/dp/B072ZNQC2R?tag=eloabder-20&linkCode=osi&th=1&psc=1">View Product</a></div><div class="product"><a href="https://www.amazon.com/dp/B013WOEC1I?tag=eloabder-20&linkCode=osi&th=1&psc=1"><img src="https://m.media-amazon.com/images/I/41aAsJHqAAL._SL500_.jpg" alt="Product Image"></a><p>Whitmor Deluxe Ironing Board Cover and Pad (Ironing board not included) - Medallion Grey</p><p> -13% 0FF </p><p>$13.49</p><a href="https://www.amazon.com/dp/B013WOEC1I?tag=eloabder-20&linkCode=osi&th=1&psc=1">View Product</a></div><div class="product"><a href="https://www.amazon.com/dp/B07L4Z2X81?tag=eloabder-20&linkCode=osi&th=1&psc=1"><img src="https://m.media-amazon.com/images/I/41PzLyy0OtL._SL500_.jpg" alt="Product Image"></a><p>Chefman Anti-Overflow Belgian Waffle Maker w/Shade Selector, Temperature Control, Mess Free Moat, Round Iron w/Nonstick Plates & Cool Touch Handle, Measuring Cup Included, Black</p><p> -13% 0FF </p><p>$26.09</p><a href="https://www.amazon.com/dp/B07L4Z2X81?tag=eloabder-20&linkCode=osi&th=1&psc=1">View Product</a></div><div class="product"><a href="https://www.amazon.com/dp/B09RX517YJ?tag=eloabder-20&linkCode=osi&th=1&psc=1"><img src="https://m.media-amazon.com/images/I/41qTvdLB3RL._SL500_.jpg" alt="Product Image"></a><p>Elite Gourmet EWM-2207# Electric Non-Stick Belgian Waffle Maker Iron, Breakfast, Sandwiches, Snacks, Burgers and more, 2-Slice, Black</p><p> -13% 0FF </p><p>$13.99</p><a href="https://www.amazon.com/dp/B09RX517YJ?tag=eloabder-20&linkCode=osi&th=1&psc=1">View Product</a></div>
<div class="product"><a href="https://www.amazon.com/dp/B00DEPGY7G?tag=eloabder-20&linkCode=osi&th=1&psc=1"><img src="https://m.media-amazon.com/images/I/41NuCd1uYNL._SL500_.jpg" alt="Product Image"></a><p>OVENTE Glass Electric Kettle Hot Water Boiler 1.5 Liter Borosilicate Glass Fast Boiling Countertop Heater - BPA Free Auto Shut Off Instant Water Heater Kettle for Coffee & Tea Maker - Black KG83B</p><p> -29% 0FF </p><p>$19.99</p><a href="https://www.amazon.com/dp/B00DEPGY7G?tag=eloabder-20&linkCode=osi&th=1&psc=1">View Product</a></div><div class="product"><a href="https://www.amazon.com/dp/B07JZQ1MXT?tag=eloabder-20&linkCode=osi&th=1&psc=1"><img src="https://m.media-amazon.com/images/I/311dZHPh5AL._SL500_.jpg" alt="Product Image"></a><p>Amazon Basics Electric Kettle, Tea Kettle for Hot Water, Coffee & Tea, With Auto Shut-Off, Boil Dry Protection, Strix Thermostat, BPA-Free, 1.8 Quarts (1.7L), 1500W, Glass and Steel, Black & Silver</p><p> -7% 0FF </p><p>$26.99</p><a href="https://www.amazon.com/dp/B07JZQ1MXT?tag=eloabder-20&linkCode=osi&th=1&psc=1">View Product</a></div><div class="product"><a href="https://www.amazon.com/dp/B01LWMWU59?tag=eloabder-20&linkCode=osi&th=1&psc=1"><img src="https://m.media-amazon.com/images/I/41E4k2z3DWL._SL500_.jpg" alt="Product Image"></a><p>Zojirushi Micom Water Boiler and Warmer (135 oz. / 4L, Silver)</p><p> -30% 0FF </p><p>$146.00</p><a href="https://www.amazon.com/dp/B01LWMWU59?tag=eloabder-20&linkCode=osi&th=1&psc=1">View Product</a></div><div class="product"><a href="https://www.amazon.com/dp/B07L5HT585?tag=eloabder-20&linkCode=osi&th=1&psc=1"><img src="https://m.media-amazon.com/images/I/41BL-WlAZkL._SL500_.jpg" alt="Product Image"></a><p>Hamilton Beach 1.7L Electric Kettle, Water Boiler & Heater, LED Indicator, Built-In Mesh Filter, Auto-Shutoff & Boil-Dry Protection, Cordless Serving, Clear Glass (40864)</p><p> -17% 0FF </p><p>$24.99</p><a href="https://www.amazon.com/dp/B07L5HT585?tag=eloabder-20&linkCode=osi&th=1&psc=1">View Product</a></div>
<div class="product"><a href="https://www.amazon.com/dp/B0055522EM?tag=eloabder-20&linkCode=osi&th=1&psc=1"><img src="https://m.media-amazon.com/images/I/51DzXSitquL._SL500_.jpg" alt="Product Image"></a><p>PureGuardian Aquastick, Universal, Genuine Guardian Technologies Antimicrobial Humidifier Treatment, Ultrasonic & Evaporative, Fits All Brands, Reduces Odors, 2 Count (One Pack of Two), GGHS15</p><p> -40% 0FF </p><p>$11.99 ($6.00 / Count)</p><a href="https://www.amazon.com/dp/B0055522EM?tag=eloabder-20&linkCode=osi&th=1&psc=1">View Product</a></div><div class="product"><a href="https://www.amazon.com/dp/B0CQRYKPD4?tag=eloabder-20&linkCode=osi&th=1&psc=1"><img src="https://m.media-amazon.com/images/I/51ADaqkTaOL._SL500_.jpg" alt="Product Image"></a><p>[2 Pack] Humidifier Drops for Cleaning - Food Grade Humidifier Cleaner Slows Buildup & Scaling - Cleans & Deodorizes Water - Suitable for All Humidifier Models - 200+ Day Supply - Made in USA</p><p> -5% 0FF </p><p>$18.99 ($9.50 / Fl Oz)</p><a href="https://www.amazon.com/dp/B0CQRYKPD4?tag=eloabder-20&linkCode=osi&th=1&psc=1">View Product</a></div><div class="product"><a href="https://www.amazon.com/dp/B01J664VSA?tag=eloabder-20&linkCode=osi&th=1&psc=1"><img src="https://m.media-amazon.com/images/I/418M5+TWhnL._SL500_.jpg" alt="Product Image"></a><p>Vornado MD1-0034 Replacement Humidifier Wick (Pack of 2) , White</p><p> -20% 0FF </p><p>$12.00 ($6.00 / Count)</p><a href="https://www.amazon.com/dp/B01J664VSA?tag=eloabder-20&linkCode=osi&th=1&psc=1">View Product</a></div>
<div class="product"><a href="https://www.amazon.com/dp/B0DJ8YM235?tag=eloabder-20&linkCode=osi&th=1&psc=1"><img src="https://m.media-amazon.com/images/I/31-+n3qJwfL._SL500_.jpg" alt="Product Image"></a><p>PSOS Dehumidifier for Home, 118 OZ Water Tank, Dehumidifiers for Room 1000 sq.ft, Dehumidifiers for Bathroom Bedroom Basement with Humidity monitoring, Auto Shut Off, 7 Colors Light(White)</p><p> -40% 0FF </p><p>$89.99</p><a href="https://www.amazon.com/dp/B0DJ8YM235?tag=eloabder-20&linkCode=osi&th=1&psc=1">View Product</a></div><div class="product"><a href="https://www.amazon.com/dp/B0BX4TTZL2?tag=eloabder-20&linkCode=osi&th=1&psc=1"><img src="https://m.media-amazon.com/images/I/31JMYwASsyL._SL500_.jpg" alt="Product Image"></a><p>Hornady Rapid Dry Dehumidifier Stone - Rechargeable Dehumidifier for Gun Safe and Cases, Protect Your Firearms and Valuables from Moisture - Unlimited Use, with Moisture Level Indicator - Item 95898</p><p> -29% 0FF </p><p>$28.37</p><a href="https://www.amazon.com/dp/B0BX4TTZL2?tag=eloabder-20&linkCode=osi&th=1&psc=1">View Product</a></div>
<div class="product"><a href="https://www.amazon.com/dp/B089P1Z38J?tag=eloabder-20&linkCode=osi&th=1&psc=1"><img src="https://m.media-amazon.com/images/I/51YX73Zai2L._SL500_.jpg" alt="Product Image"></a><p>Lasko Air Flex 20" 2-in-1 Box Fan and Air Purifier in One with MERV10 Air Purifying Filter for Cleaner and Cooling Breeze, 3 Speeds, Steel Body, FF305</p><p> -6% 0FF </p><p>$65.79</p><a href="https://www.amazon.com/dp/B089P1Z38J?tag=eloabder-20&linkCode=osi&th=1&psc=1">View Product</a></div><div class="product"><a href="https://www.amazon.com/dp/B0819NMLPH?tag=eloabder-20&linkCode=osi&th=1&psc=1"><img src="https://m.media-amazon.com/images/I/51J1qcl7T+L._SL500_.jpg" alt="Product Image"></a><p>SmoTecQ Ceiling Fan Pull Chain, 120" Rust Proof Copper 3mm Beaded Extension Chains with 12 Matching Connectors, Bronze</p><p> -25% 0FF </p><p>$5.99</p><a href="https://www.amazon.com/dp/B0819NMLPH?tag=eloabder-20&linkCode=osi&th=1&psc=1">View Product</a></div><div class="product"><a href="https://www.amazon.com/dp/B09JBCGK41?tag=eloabder-20&linkCode=osi&th=1&psc=1"><img src="https://m.media-amazon.com/images/I/31O1Cq3aI-L._SL500_.jpg" alt="Product Image"></a><p>Hunter Fan Company 99770 Core Multifunction w/1.9 Remote Control with Receiver, No Size, Dove Grey</p><p> -40% 0FF </p><p>$42.78</p><a href="https://www.amazon.com/dp/B09JBCGK41?tag=eloabder-20&linkCode=osi&th=1&psc=1">View Product</a></div><div class="product"><a href="https://www.amazon.com/dp/B07S5LK7Z8?tag=eloabder-20&linkCode=osi&th=1&psc=1"><img src="https://m.media-amazon.com/images/I/41Wgts+0jEL._SL500_.jpg" alt="Product Image"></a><p>Ceiling Fan Light Switch Zing Ear Pull Chain Switch ZE-109 Fan Light Switch, On-Off Speed with Pull Chain Compatible with Ceiling Light Fans, Lamps and Wall Lights.(Bronze)</p><p> -63% 0FF </p><p>$1.89</p><a href="https://www.amazon.com/dp/B07S5LK7Z8?tag=eloabder-20&linkCode=osi&th=1&psc=1">View Product</a></div><div class="product"><a href="https://www.amazon.com/dp/B0D5M1M37N?tag=eloabder-20&linkCode=osi&th=1&psc=1"><img src="https://m.media-amazon.com/images/I/51yO2OHGQkL._SL500_.jpg" alt="Product Image"></a><p>Butto 10-Pack Ceiling Fan Filters for Blades - Strong Adhesive Ceiling Fan Filters for Common Household Contaminants - Unscented Coconut Carbon Fan Air Purifier Pads to Make Air Fresh and Natural</p><p> -21% 0FF </p><p>$14.98</p><a href="https://www.amazon.com/dp/B0D5M1M37N?tag=eloabder-20&linkCode=osi&th=1&psc=1">View Product</a></div>
<div class="product"><a href="https://www.amazon.com/dp/B0CC8DS2S5?tag=eloabder-20&linkCode=osi&th=1&psc=1"><img src="https://m.media-amazon.com/images/I/41VCzvLZYAL._SL500_.jpg" alt="Product Image"></a><p>KitchekShop Coffee Mug Warmer - Fastest Heating & Highest Temperature, Coffee Cup Warmer for Desk Auto Shut Off, 4 Temp Settings & 1-12H Timer, Smart Electric Beverage Warmer for Coffee, Tea, Water</p><p> -40% 0FF </p><p>$23.99</p><a href="https://www.amazon.com/dp/B0CC8DS2S5?tag=eloabder-20&linkCode=osi&th=1&psc=1">View Product</a></div><div class="product"><a href="https://www.amazon.com/dp/B082MVGP8T?tag=eloabder-20&linkCode=osi&th=1&psc=1"><img src="https://m.media-amazon.com/images/I/31Ui7mtlCOL._SL500_.jpg" alt="Product Image"></a><p>Amazon Basics Electric Kettle, Tea Kettle for Hot Water, Coffee & Tea, With Auto Shut-Off, Boil Dry Protection, Strix Thermostat, BPA-Free, 1.1 Quarts (1.0L), 1500W, Glass and Steel, Black & Silver</p><p> -9% 0FF </p><p>$24.49</p><a href="https://www.amazon.com/dp/B082MVGP8T?tag=eloabder-20&linkCode=osi&th=1&psc=1">View Product</a></div>
<div class="product"><a href="https://www.amazon.com/dp/B0BYR4W4F6?tag=eloabder-20&linkCode=osi&th=1&psc=1"><img src="https://m.media-amazon.com/images/I/31M2ZgX69nL._SL500_.jpg" alt="Product Image"></a><p>Arrojo Gamma Aria Blow Dryer — Dual Ionic hair Dryer for Men and Women — Quietest Hair Dryers in their Class — Speeds to 101mph for Hyper Fast Drying Blow Dryer power</p><p> -6% 0FF </p><p>$165.86</p><a href="https://www.amazon.com/dp/B0BYR4W4F6?tag=eloabder-20&linkCode=osi&th=1&psc=1">View Product</a></div><div class="product"><a href="https://www.amazon.com/dp/B095Y4T72V?tag=eloabder-20&linkCode=osi&th=1&psc=1"><img src="https://m.media-amazon.com/images/I/3190DPU1r7S._SL500_.jpg" alt="Product Image"></a><p>Turbo Power Mega Turbo 2500 Heat Dryer</p><p> -7% 0FF </p><p>$93.44 ($93.44 / Count)</p><a href="https://www.amazon.com/dp/B095Y4T72V?tag=eloabder-20&linkCode=osi&th=1&psc=1">View Product</a></div>
<div class="product"><a href="https://www.amazon.com/dp/B0D4TT37CG?tag=eloabder-20&linkCode=osi&th=1&psc=1"><img src="https://m.media-amazon.com/images/I/51rJj7bo1sL._SL500_.jpg" alt="Product Image"></a><p>250W Professional Electric Cheese Grater for Block Cheese,Automatic Cheese Grater for Potato,Carrots,Salad Shooter Electric Slicer Shredder with 5 Types of Blades,Your Nice Kitchen Helper!</p><p> -8% 0FF </p><p>$66.99</p><a href="https://www.amazon.com/dp/B0D4TT37CG?tag=eloabder-20&linkCode=osi&th=1&psc=1">View Product</a></div>
<div class="product"><a href="https://www.amazon.com/dp/B007WQ9YNO?tag=eloabder-20&linkCode=osi&th=1&psc=1"><img src="https://m.media-amazon.com/images/I/41V32cTWxML._SL500_.jpg" alt="Product Image"></a><p>AROMA Digital Rice Cooker, 4-Cup (Uncooked) / 8-Cup (Cooked), Steamer, Grain Cooker, Multicooker, 2 Qt, Stainless Steel Exterior, ARC-914SBD</p><p> -9% 0FF </p><p>$29.98</p><a href="https://www.amazon.com/dp/B007WQ9YNO?tag=eloabder-20&linkCode=osi&th=1&psc=1">View Product</a></div><div class="product"><a href="https://www.amazon.com/dp/B0752VWV65?tag=eloabder-20&linkCode=osi&th=1&psc=1"><img src="https://m.media-amazon.com/images/I/41s222n8XjL._SL500_.jpg" alt="Product Image"></a><p>Hamilton Beach Digital Programmable Rice Cooker & Food Steamer, 8 Cups Cooked (4 Uncooked), With Steam & Rinse Basket, Stainless Steel (37518)</p><p> -20% 0FF </p><p>$31.99</p><a href="https://www.amazon.com/dp/B0752VWV65?tag=eloabder-20&linkCode=osi&th=1&psc=1">View Product</a></div><div class="product"><a href="https://www.amazon.com/dp/B0979TYRYN?tag=eloabder-20&linkCode=osi&th=1&psc=1"><img src="https://m.media-amazon.com/images/I/31pxVDIb99L._SL500_.jpg" alt="Product Image"></a><p>Aroma Housewares 4-Cups (Cooked) / 1Qt. Rice & Grain Cooker (ARC-302NG), White</p><p> -24% 0FF </p><p>$18.99</p><a href="https://www.amazon.com/dp/B0979TYRYN?tag=eloabder-20&linkCode=osi&th=1&psc=1">View Product</a></div><div class="product"><a href="https://www.amazon.com/dp/B01BUL7FJ6?tag=eloabder-20&linkCode=osi&th=1&psc=1"><img src="https://m.media-amazon.com/images/I/41PX+tkWChL._SL500_.jpg" alt="Product Image"></a><p>Aroma Housewares ARC-363-1NGB 3 Uncooked/6 Cups Cooked Rice Cooker, Steamer, Multicooker, 2-6 cups, Black</p><p> -33% 0FF </p><p>$19.99</p><a href="https://www.amazon.com/dp/B01BUL7FJ6?tag=eloabder-20&linkCode=osi&th=1&psc=1">View Product</a></div><div class="product"><a href="https://www.amazon.com/dp/B0BD4PRBVZ?tag=eloabder-20&linkCode=osi&th=1&psc=1"><img src="https://m.media-amazon.com/images/I/51PB+13RRPL._SL500_.jpg" alt="Product Image"></a><p>COSORI Rice Cooker 10 Cup, 24h Keep Warm, 18 Functions Fuzzy Logic Rice Maker with Stainless Steel Steamer Basket, Sauté, Slow Cooker, Black</p><p> -15% 0FF </p><p>$84.99</p><a href="https://www.amazon.com/dp/B0BD4PRBVZ?tag=eloabder-20&linkCode=osi&th=1&psc=1">View Product</a></div>
<div class="product"><a href="https://www.amazon.com/dp/B003OAJGJO?tag=eloabder-20&linkCode=osi&th=1&psc=1"><img src="https://m.media-amazon.com/images/I/51qadG4iFyL._SL500_.jpg" alt="Product Image"></a><p>Crock-Pot 7 Quart Oval Manual Slow Cooker, Stainless Steel (SCV700-S-BR), Versatile Cookware for Large Families or Entertaining</p><p> -30% 0FF </p><p>$34.99</p><a href="https://www.amazon.com/dp/B003OAJGJO?tag=eloabder-20&linkCode=osi&th=1&psc=1">View Product</a></div><div class="product"><a href="https://www.amazon.com/dp/B07DFVY29X?tag=eloabder-20&linkCode=osi&th=1&psc=1"><img src="https://m.media-amazon.com/images/I/415PUCXFtVL._SL500_.jpg" alt="Product Image"></a><p>Crock-Pot Large 8-Quart Programmable Slow Cooker with Auto Warm Setting, Black Stainless Steel (Pack of 1)</p><p> -25% 0FF </p><p>$74.99</p><a href="https://www.amazon.com/dp/B07DFVY29X?tag=eloabder-20&linkCode=osi&th=1&psc=1">View Product</a></div>
<div class="product"><a href="https://www.amazon.com/dp/B0BFX95J5P?tag=eloabder-20&linkCode=osi&th=1&psc=1"><img src="https://m.media-amazon.com/images/I/51Bj52vXGZL._SL500_.jpg" alt="Product Image"></a><p>COSORI Electric Pressure Cooker 6 qt, 9-in-1 Instant Multi Cooker with Safer Venting Design, Rice Cooker, Slow Cooker, Sous Vide, Saute Pot, 1100W, Stainless Steel</p><p> -22% 0FF </p><p>$69.99</p><a href="https://www.amazon.com/dp/B0BFX95J5P?tag=eloabder-20&linkCode=osi&th=1&psc=1">View Product</a></div><div class="product"><a href="https://www.amazon.com/dp/B08PPZWNCV?tag=eloabder-20&linkCode=osi&th=1&psc=1"><img src="https://m.media-amazon.com/images/I/41ZKZkeEwEL._SL500_.jpg" alt="Product Image"></a><p>Instant Pot Pro (8 QT) 10-in-1 Pressure Cooker, Slow Cooker, Rice/Grain Cooker, Steamer, Sauté, Sous Vide, Yogurt Maker, Sterilizer, and Warmer, Includes App With Over 800 Recipes, Black</p><p> -21% 0FF </p><p>$149.99</p><a href="https://www.amazon.com/dp/B08PPZWNCV?tag=eloabder-20&linkCode=osi&th=1&psc=1">View Product</a></div><div class="product"><a href="https://www.amazon.com/dp/B089P2W2N6?tag=eloabder-20&linkCode=osi&th=1&psc=1"><img src="https://m.media-amazon.com/images/I/41tjnk41j0L._SL500_.jpg" alt="Product Image"></a><p>12 Qt Stainless steel Electric Pressure Canner</p><p> -30% 0FF </p><p>$229.99</p><a href="https://www.amazon.com/dp/B089P2W2N6?tag=eloabder-20&linkCode=osi&th=1&psc=1">View Product</a></div><div class="product"><a href="https://www.amazon.com/dp/B0DJFJFSZ5?tag=eloabder-20&linkCode=osi&th=1&psc=1"><img src="https://m.media-amazon.com/images/I/41RArdH-6LL._SL500_.jpg" alt="Product Image"></a><p>COMFEE’ 9-in-1 Electric Pressure Cooker, 14 Presets Instant Multi Cooker Olla de Presion Non-Stick Pot Yogurt Maker Rice Cooker Slow Cooker Sauté Steamer 6 Quarts Black</p><p> -10% 0FF </p><p>$64.79</p><a href="https://www.amazon.com/dp/B0DJFJFSZ5?tag=eloabder-20&linkCode=osi&th=1&psc=1">View Product</a></div><div class="product"><a href="https://www.amazon.com/dp/B0C35HNPW9?tag=eloabder-20&linkCode=osi&th=1&psc=1"><img src="https://m.media-amazon.com/images/I/41C54nM0HvL._SL500_.jpg" alt="Product Image"></a><p>Instant Pot RIO Wide Base, 7.5 Quarts, Large Searing Base, WhisperQuiet Steam Release, 7-in-1 Electric Multi-Cooker, Pressure Cooker, Slow Cooker, Rice Cooker, Steamer, Sauté, Yogurt & Warmer</p><p> -13% 0FF </p><p>$113.50</p><a href="https://www.amazon.com/dp/B0C35HNPW9?tag=eloabder-20&linkCode=osi&th=1&psc=1">View Product</a></div>
<div class="product"><a href="https://www.amazon.com/dp/B01LZ6QN28?tag=eloabder-20&linkCode=osi&th=1&psc=1"><img src="https://m.media-amazon.com/images/I/310sq1rOuLL._SL500_.jpg" alt="Product Image"></a><p>KitchenAid KFC3516IC 3.5 Cup Food Chopper, Ice Blue</p><p> -25% 0FF </p><p>$44.99</p><a href="https://www.amazon.com/dp/B01LZ6QN28?tag=eloabder-20&linkCode=osi&th=1&psc=1">View Product</a></div><div class="product"><a href="https://www.amazon.com/dp/B089TP3K77?tag=eloabder-20&linkCode=osi&th=1&psc=1"><img src="https://m.media-amazon.com/images/I/41wrQtJwO4L._SL500_.jpg" alt="Product Image"></a><p>Ninja Food Processor, Professional Plus, 1000 Peak Watts, 4 Functions for Chopping, Slicing, Purees & Dough with 9-Cup Processor Bowl, 3 Blades, Food Chute & Pusher, Silver, BN601</p><p> -19% 0FF </p><p>$96.99</p><a href="https://www.amazon.com/dp/B089TP3K77?tag=eloabder-20&linkCode=osi&th=1&psc=1">View Product</a></div><div class="product"><a href="https://www.amazon.com/dp/B07CB25BRK?tag=eloabder-20&linkCode=osi&th=1&psc=1"><img src="https://m.media-amazon.com/images/I/4184he88uaL._SL500_.jpg" alt="Product Image"></a><p>KitchenAid KFP0718ER 7-Cup Food Processor Chop, Puree, Shred and Slice - Empire Red</p><p> -20% 0FF </p><p>$79.99</p><a href="https://www.amazon.com/dp/B07CB25BRK?tag=eloabder-20&linkCode=osi&th=1&psc=1">View Product</a></div><div class="product"><a href="https://www.amazon.com/dp/B0841NBX4Y?tag=eloabder-20&linkCode=osi&th=1&psc=1"><img src="https://m.media-amazon.com/images/I/31BQFzOW77S._SL500_.jpg" alt="Product Image"></a><p>BLACK+DECKER Food Processor and Vegetable Chopper, Stainless Steel Blade, 8-Cup Capacity, 450W Power with Attachments to Shred, Slice, Mince, Grind, and Puree</p><p> -22% 0FF </p><p>$42.99</p><a href="https://www.amazon.com/dp/B0841NBX4Y?tag=eloabder-20&linkCode=osi&th=1&psc=1">View Product</a></div>
<div class="product"><a href="https://www.amazon.com/dp/B00004SGFW?tag=eloabder-20&linkCode=osi&th=1&psc=1"><img src="https://m.media-amazon.com/images/I/41VBlHn++3L._SL500_.jpg" alt="Product Image"></a><p>KitchenAid Classic Series 4.5 Quart Tilt-Head Stand Mixer K45SS, White</p><p> -10% 0FF </p><p>$297.99</p><a href="https://www.amazon.com/dp/B00004SGFW?tag=eloabder-20&linkCode=osi&th=1&psc=1">View Product</a></div><div class="product"><a href="https://www.amazon.com/dp/B09BVCPSBT?tag=eloabder-20&linkCode=osi&th=1&psc=1"><img src="https://m.media-amazon.com/images/I/41ApmT8ttnL._SL500_.jpg" alt="Product Image"></a><p>Kitchen in the box Stand Mixer,3.2Qt Small Electric Food Mixer,6 Speeds Portable Lightweight Kitchen Mixer for Daily Use with Egg Whisk,Dough Hook,Flat Beater (Black)</p><p> -20% 0FF </p><p>$79.99</p><a href="https://www.amazon.com/dp/B09BVCPSBT?tag=eloabder-20&linkCode=osi&th=1&psc=1">View Product</a></div><div class="product"><a href="https://www.amazon.com/dp/B09Y9LHFJ5?tag=eloabder-20&linkCode=osi&th=1&psc=1"><img src="https://m.media-amazon.com/images/I/31zHqTmCLdL._SL500_.jpg" alt="Product Image"></a><p>Hamilton Beach Classic Stand and Hand Mixer, 4 Quarts, 6 Speeds with QuickBurst, Bowl Rest, 290 Watts Peak Power, Blue (64658)</p><p> -13% 0FF </p><p>$45.99</p><a href="https://www.amazon.com/dp/B09Y9LHFJ5?tag=eloabder-20&linkCode=osi&th=1&psc=1">View Product</a></div><div class="product"><a href="https://www.amazon.com/dp/B01H7R1EJY?tag=eloabder-20&linkCode=osi&th=1&psc=1"><img src="https://m.media-amazon.com/images/I/41bfuTs0SXL._SL500_.jpg" alt="Product Image"></a><p>Cuisinart Stand Mixer, 12 Speed, 5.5 Quart Stainless Steel Bowl, Chef’s Whisk, Mixing Paddle, Dough Hook, Splash Guard w/ Pour Spout, White Linen, SM-50, Manual</p><p> -20% 0FF </p><p>$199.95 ($199.95 / Count)</p><a href="https://www.amazon.com/dp/B01H7R1EJY?tag=eloabder-20&linkCode=osi&th=1&psc=1">View Product</a></div><div class="product"><a href="https://www.amazon.com/dp/B01K2FQ4DE?tag=eloabder-20&linkCode=osi&th=1&psc=1"><img src="https://m.media-amazon.com/images/I/419VfH8b6OL._SL500_.jpg" alt="Product Image"></a><p>Cuisinart Stand Mixer, 12 Speeds, 5.5-Quart Mixing Bowl, Chef's Whisk, Flat Mixing Paddle, Dough Hook, and Splash Guard with Pour Spout, Silver Lining, SM-50BC, Silver Lining</p><p> -20% 0FF </p><p>$199.95 ($199.95 / Count)</p><a href="https://www.amazon.com/dp/B01K2FQ4DE?tag=eloabder-20&linkCode=osi&th=1&psc=1">View Product</a></div>
<div class="product"><a href="https://www.amazon.com/dp/B009VUHLHA?tag=eloabder-20&linkCode=osi&th=1&psc=1"><img src="https://m.media-amazon.com/images/I/3129GS2CaML._SL500_.jpg" alt="Product Image"></a><p>KitchenAid 5 Ultra Power Speed Hand Mixer - KHM512, Empire Red (1 Pack)</p><p> -25% 0FF </p><p>$44.99</p><a href="https://www.amazon.com/dp/B009VUHLHA?tag=eloabder-20&linkCode=osi&th=1&psc=1">View Product</a></div><div class="product"><a href="https://www.amazon.com/dp/B07DD385JN?tag=eloabder-20&linkCode=osi&th=1&psc=1"><img src="https://m.media-amazon.com/images/I/41dfQaFsuUL._SL500_.jpg" alt="Product Image"></a><p>OVENTE Portable 5 Speed Mixing Electric Hand Mixer with Stainless Steel Whisk Beater Attachments & Snap Storage Case, Compact Lightweight 150 Watt Powerful Blender for Baking & Cooking, Black HM151B</p><p> -32% 0FF </p><p>$16.99</p><a href="https://www.amazon.com/dp/B07DD385JN?tag=eloabder-20&linkCode=osi&th=1&psc=1">View Product</a></div><div class="product"><a href="https://www.amazon.com/dp/B0034A8C4O?tag=eloabder-20&linkCode=osi&th=1&psc=1"><img src="https://m.media-amazon.com/images/I/41t6hdU+x0L._SL500_.jpg" alt="Product Image"></a><p>Cuisinart HM-90S Power Advantage Plus 9-Speed Handheld Mixer with Storage Case, White</p><p> -25% 0FF </p><p>$59.95</p><a href="https://www.amazon.com/dp/B0034A8C4O?tag=eloabder-20&linkCode=osi&th=1&psc=1">View Product</a></div><div class="product"><a href="https://www.amazon.com/dp/B00O4XVV66?tag=eloabder-20&linkCode=osi&th=1&psc=1"><img src="https://m.media-amazon.com/images/I/41TAePDHOkL._SL500_.jpg" alt="Product Image"></a><p>Hamilton Beach Power Deluxe 6-Speed Electric Hand Mixer with Snap-On Storage Case, QuickBurst, Beaters, Whisk, Powerful 250 Watt Motor, Bowl Rest, Black (62692)</p><p> -8% 0FF </p><p>$22.99</p><a href="https://www.amazon.com/dp/B00O4XVV66?tag=eloabder-20&linkCode=osi&th=1&psc=1">View Product</a></div><div class="product"><a href="https://www.amazon.com/dp/B09JV6224Q?tag=eloabder-20&linkCode=osi&th=1&psc=1"><img src="https://m.media-amazon.com/images/I/41vUDKzR2aL._SL500_.jpg" alt="Product Image"></a><p>KitchenAid 6 Speed Hand Mixer with Flex Edge Beaters - KHM6118</p><p> -25% 0FF </p><p>$59.95</p><a href="https://www.amazon.com/dp/B09JV6224Q?tag=eloabder-20&linkCode=osi&th=1&psc=1">View Product</a></div><div class="product"><a href="https://www.amazon.com/dp/B0B397TM76?tag=eloabder-20&linkCode=osi&th=1&psc=1"><img src="https://m.media-amazon.com/images/I/41IGzC-belL._SL500_.jpg" alt="Product Image"></a><p>Yomelo 9-Speed Digital Hand Mixer Electric, 400W Powerful DC Motor, Baking Mixer Handheld with Snap-On Storage Case, Touch Button, Turbo Boost, Dough Hooks, Whisk (Ice Blue)</p><p> -20% 0FF </p><p>$39.97</p><a href="https://www.amazon.com/dp/B0B397TM76?tag=eloabder-20&linkCode=osi&th=1&psc=1">View Product</a></div>
<div class="product"><a href="https://www.amazon.com/dp/B07FNW57J7?tag=eloabder-20&linkCode=osi&th=1&psc=1"><img src="https://m.media-amazon.com/images/I/51FDxusQ0iL._SL500_.jpg" alt="Product Image"></a><p>Chefman Electric Kettle with Temperature Control, 5 Presets LED Indicator Lights, Removable Tea Infuser, Glass Tea Kettle & Hot Water Boiler, 360° Swivel Base, BPA Free, Stainless Steel, 1.8 Liters</p><p> -14% 0FF </p><p>$29.99</p><a href="https://www.amazon.com/dp/B07FNW57J7?tag=eloabder-20&linkCode=osi&th=1&psc=1">View Product</a></div><div class="product"><a href="https://www.amazon.com/dp/B0BNMRYJ1Q?tag=eloabder-20&linkCode=osi&th=1&psc=1"><img src="https://m.media-amazon.com/images/I/31K-SXluWdL._SL500_.jpg" alt="Product Image"></a><p>MEISON Electric Kettle, 1.7 L Double Wall Food Grade Stainless Steel Interior Water Boiler, Coffee Pot & Tea Kettle, Auto Shut-Off and Boil-Dry Protection, 1200W, 2 Year Warranty(Black)</p><p> -56% 0FF </p><p>$21.99</p><a href="https://www.amazon.com/dp/B0BNMRYJ1Q?tag=eloabder-20&linkCode=osi&th=1&psc=1">View Product</a></div>
<div class="product"><a href="https://www.amazon.com/dp/B07665GLFH?tag=eloabder-20&linkCode=osi&th=1&psc=1"><img src="https://m.media-amazon.com/images/I/41183-xnqRL._SL500_.jpg" alt="Product Image"></a><p>OVENTE Electric Deep Fryer 2 Liter Capacity, 1500 Watt Lid with Viewing Window and Odor Filter, Adjustable Temperature, Removable Frying Basket and Easy to Clean Stainless Steel Body, Silver FDM2201BR</p><p> -36% 0FF </p><p>$29.99</p><a href="https://www.amazon.com/dp/B07665GLFH?tag=eloabder-20&linkCode=osi&th=1&psc=1">View Product</a></div><div class="product"><a href="https://www.amazon.com/dp/B00NQ7QFGM?tag=eloabder-20&linkCode=osi&th=1&psc=1"><img src="https://m.media-amazon.com/images/I/411tBrsFTDL._SL500_.jpg" alt="Product Image"></a><p>T-fal 3.5L Stainless Steel Deep Fryer with Basket, 1700W, Oil Filtration, Temp Control, Digital Timer, Dishwasher Safe Parts</p><p> -9% 0FF </p><p>$117.99</p><a href="https://www.amazon.com/dp/B00NQ7QFGM?tag=eloabder-20&linkCode=osi&th=1&psc=1">View Product</a></div><div class="product"><a href="https://www.amazon.com/dp/B00N9TPNNI?tag=eloabder-20&linkCode=osi&th=1&psc=1"><img src="https://m.media-amazon.com/images/I/41dpJ-+eDML._SL500_.jpg" alt="Product Image"></a><p>Elite Gourmet EDF-401T Electric 4.5 Qt. / 17 Cup Immersion Deep Fryer 3-Baskets, 1700-Watt, Timer Control Adjustable Temperature, Lid with Viewing Window and Odor Free Filter</p><p> -11% 0FF </p><p>$53.44</p><a href="https://www.amazon.com/dp/B00N9TPNNI?tag=eloabder-20&linkCode=osi&th=1&psc=1">View Product</a></div><div class="product"><a href="https://www.amazon.com/dp/B07KJGR9JZ?tag=eloabder-20&linkCode=osi&th=1&psc=1"><img src="https://m.media-amazon.com/images/I/51Wl+RTXTML._SL500_.jpg" alt="Product Image"></a><p>Chefman 4.5 Liter Deep Fryer w/Basket Strainer, XL Jumbo Size, Adjustable Temperature & Timer, Perfect for Fried Chicken, Shrimp, French Fries, Chips & More, Removable Oil-Container, Stainless Steel</p><p> -14% 0FF </p><p>$59.99</p><a href="https://www.amazon.com/dp/B07KJGR9JZ?tag=eloabder-20&linkCode=osi&th=1&psc=1">View Product</a></div><div class="product"><a href="https://www.amazon.com/dp/B07TRNP5V7?tag=eloabder-20&linkCode=osi&th=1&psc=1"><img src="https://m.media-amazon.com/images/I/416X3E03X9L._SL500_.jpg" alt="Product Image"></a><p>National Presto 10-Quart Kitchen Kettle XL Multi-Cooker, Steamer, Black Deep-Fryer</p><p> -38% 0FF </p><p>$58.78</p><a href="https://www.amazon.com/dp/B07TRNP5V7?tag=eloabder-20&linkCode=osi&th=1&psc=1">View Product</a></div><div class="product"><a href="https://www.amazon.com/dp/B0B6D9739D?tag=eloabder-20&linkCode=osi&th=1&psc=1"><img src="https://m.media-amazon.com/images/I/41Dm+ZShvHL._SL500_.jpg" alt="Product Image"></a><p>Elite Gourmet EDF2100 Electric Immersion Deep Fryer Removable Basket Adjustable Temperature, Lid with Viewing Window and Odor Free Filter, 2 Quart / 8.2 cup</p><p> -8% 0FF </p><p>$34.99</p><a href="https://www.amazon.com/dp/B0B6D9739D?tag=eloabder-20&linkCode=osi&th=1&psc=1">View Product</a></div>
<div class="product"><a href="https://www.amazon.com/dp/B0CYBM2DFK?tag=eloabder-20&linkCode=osi&th=1&psc=1"><img src="https://m.media-amazon.com/images/I/51v84ZcytjL._SL500_.jpg" alt="Product Image"></a><p>Pukomc Electric Indoor Grill,2 in 1 Indoor Grills for Kitchen with Grill Net & Non-Stick Cooking Removable Plate, Temperature Control, Dishwasher Safe, 1500W Smokeless Grill</p><p> -11% 0FF </p><p>$49.99</p><a href="https://www.amazon.com/dp/B0CYBM2DFK?tag=eloabder-20&linkCode=osi&th=1&psc=1">View Product</a></div><div class="product"><a href="https://www.amazon.com/dp/B0778XLPB7?tag=eloabder-20&linkCode=osi&th=1&psc=1"><img src="https://m.media-amazon.com/images/I/41J7WwuJlYL._SL500_.jpg" alt="Product Image"></a><p>Cuisinart GR-5BP1 Electric Griddler FIVE, Enjoy 5-in-1 Functions, LCD Display, Wide Temperature Range and Sear Function, Stainless Steel</p><p> -17% 0FF </p><p>$99.95</p><a href="https://www.amazon.com/dp/B0778XLPB7?tag=eloabder-20&linkCode=osi&th=1&psc=1">View Product</a></div>
<div class="product"><a href="https://www.amazon.com/dp/B07MVN676J?tag=eloabder-20&linkCode=osi&th=1&psc=1"><img src="https://m.media-amazon.com/images/I/414mvfQwPdL._SL500_.jpg" alt="Product Image"></a><p>OVENTE Electric Sandwich Maker with Non-Stick Plates, Indicator Lights, Cool Touch Handle, Easy to Clean and Store, Perfect for Cooking Breakfast, Grilled Cheese, Tuna Melts and Snacks, Black GPS401B</p><p> -36% 0FF </p><p>$15.99</p><a href="https://www.amazon.com/dp/B07MVN676J?tag=eloabder-20&linkCode=osi&th=1&psc=1">View Product</a></div><div class="product"><a href="https://www.amazon.com/dp/B07B4ZFRC5?tag=eloabder-20&linkCode=osi&th=1&psc=1"><img src="https://m.media-amazon.com/images/I/41Mwee5EhWL._SL500_.jpg" alt="Product Image"></a><p>Hamilton Beach Electric Sealed Sandwich Maker Grill with PFAS-Free Nonstick Plates, Makes Stuffed French Toast, Omelets, Compact & Easy to Store, Black (25430G)</p><p> -7% 0FF </p><p>$20.49</p><a href="https://www.amazon.com/dp/B07B4ZFRC5?tag=eloabder-20&linkCode=osi&th=1&psc=1">View Product</a></div><div class="product"><a href="https://www.amazon.com/dp/B08B28SGFH?tag=eloabder-20&linkCode=osi&th=1&psc=1"><img src="https://m.media-amazon.com/images/I/31rHEytHAqL._SL500_.jpg" alt="Product Image"></a><p>Nostalgia MyMini Personal Sandwich Maker, Nonstick Panini Press, Pizza Pockets, Quesadillas, Mint Green</p><p> -17% 0FF </p><p>$14.99</p><a href="https://www.amazon.com/dp/B08B28SGFH?tag=eloabder-20&linkCode=osi&th=1&psc=1">View Product</a></div><div class="product"><a href="https://www.amazon.com/dp/B002YD99Y4?tag=eloabder-20&linkCode=osi&th=1&psc=1"><img src="https://m.media-amazon.com/images/I/41FEfCzAJ9L._SL500_.jpg" alt="Product Image"></a><p>Cuisinart Panini Press, Stainless Steel Griddler, Sandwich Maker & More, 5-IN-1, GR-4NP1</p><p> -20% 0FF </p><p>$79.95</p><a href="https://www.amazon.com/dp/B002YD99Y4?tag=eloabder-20&linkCode=osi&th=1&psc=1">View Product</a></div>
<div class="product"><a href="https://www.amazon.com/dp/B003HL1JZO?tag=eloabder-20&linkCode=osi&th=1&psc=1"><img src="https://m.media-amazon.com/images/I/41NQPUjC3hL._SL500_.jpg" alt="Product Image"></a><p>Hamilton Beach Belgian Mini Waffle Maker with Shade Control, Makes 2 at Once, Create Personalized Keto Chaffles and Hash Browns, Non-Stick Plates, Compact Design, Stainless Steel</p><p> -25% 0FF </p><p>$23.99</p><a href="https://www.amazon.com/dp/B003HL1JZO?tag=eloabder-20&linkCode=osi&th=1&psc=1">View Product</a></div><div class="product"><a href="https://www.amazon.com/dp/B01FYIAQA6?tag=eloabder-20&linkCode=osi&th=1&psc=1"><img src="https://m.media-amazon.com/images/I/51LjHkbLVyL._SL500_.jpg" alt="Product Image"></a><p>KRUPS: Waffle Maker, Stainless Steel, 4 Slices, 1200 Watts Square, 5 Browning Levels, Removable Plates, Dishwasher Safe, Belgian Waffle Silver and Black</p><p> -18% 0FF </p><p>$65.70</p><a href="https://www.amazon.com/dp/B01FYIAQA6?tag=eloabder-20&linkCode=osi&th=1&psc=1">View Product</a></div><div class="product"><a href="https://www.amazon.com/dp/B08ML7J5SG?tag=eloabder-20&linkCode=osi&th=1&psc=1"><img src="https://m.media-amazon.com/images/I/41c0iTegfQL._SL500_.jpg" alt="Product Image"></a><p>DASH No-Drip Waffle Maker - Four Waffle Molds, Nonstick Waffle Iron with Quick Heat-Up, Nonstick Surface - Perfect Waffle Maker for Kids and Families, Just Add Batter</p><p> -13% 0FF </p><p>$34.99</p><a href="https://www.amazon.com/dp/B08ML7J5SG?tag=eloabder-20&linkCode=osi&th=1&psc=1">View Product</a></div>
<div class="product"><a href="https://www.amazon.com/dp/B010TR1SMW?tag=eloabder-20&linkCode=osi&th=1&psc=1"><img src="https://m.media-amazon.com/images/I/51+Sr3R6eUL._SL500_.jpg" alt="Product Image"></a><p>Original Whirley Pop Popcorn Maker- Silver 6 Qt Aluminum Popcorn Maker with Metal Gear, Wabash Family Farms, With Included Good Time Guide</p><p> -44% 0FF </p><p>$19.99</p><a href="https://www.amazon.com/dp/B010TR1SMW?tag=eloabder-20&linkCode=osi&th=1&psc=1">View Product</a></div><div class="product"><a href="https://www.amazon.com/dp/B00KL8SM92?tag=eloabder-20&linkCode=osi&th=1&psc=1"><img src="https://m.media-amazon.com/images/I/41TLvq95xTL._SL500_.jpg" alt="Product Image"></a><p>West Bend Stir Crazy Popcorn Machine Electric Hot Oil Popper Includes Large Lid for Serving Bowl and Convenient Nesting Storage, 6-Quart, Red</p><p> -28% 0FF </p><p>$33.65</p><a href="https://www.amazon.com/dp/B00KL8SM92?tag=eloabder-20&linkCode=osi&th=1&psc=1">View Product</a></div><div class="product"><a href="https://www.amazon.com/dp/B01HRGJE88?tag=eloabder-20&linkCode=osi&th=1&psc=1"><img src="https://m.media-amazon.com/images/I/41hNl5eCgyS._SL500_.jpg" alt="Product Image"></a><p>West Bend Stir Crazy Movie Theater Popcorn Popper with Nonstick Popcorn Kettle, Measuring Tool and Popcorn Scoop for Gourmet Popcorn Machine , 4 Qt., Red</p><p> -25% 0FF </p><p>$60.24</p><a href="https://www.amazon.com/dp/B01HRGJE88?tag=eloabder-20&linkCode=osi&th=1&psc=1">View Product</a></div><div class="product"><a href="https://www.amazon.com/dp/B0C43XTHC6?tag=eloabder-20&linkCode=osi&th=1&psc=1"><img src="https://m.media-amazon.com/images/I/418qLhEayLL._SL500_.jpg" alt="Product Image"></a><p>Presto 04811 PopLite My Munch Hot Air Popcorn Popper - Personal Sized, Built-In Serving Bowl, Compact Design, 8 Cups, Blue</p><p> -13% 0FF </p><p>$34.99</p><a href="https://www.amazon.com/dp/B0C43XTHC6?tag=eloabder-20&linkCode=osi&th=1&psc=1">View Product</a></div>
<div class="product"><a href="https://www.amazon.com/dp/B08QXB9BH5?tag=eloabder-20&linkCode=osi&th=1&psc=1"><img src="https://m.media-amazon.com/images/I/3114JA1oLJL._SL500_.jpg" alt="Product Image"></a><p>Ninja NC301 CREAMi Ice Cream Maker, for Gelato, Mix-ins, Milkshakes, Sorbet, Smoothie Bowls & More, 7 One-Touch Programs, with (2) Pint Containers & Lids, Compact Size, Perfect for Kids, Silver</p><p> -22% 0FF </p><p>$179.99</p><a href="https://www.amazon.com/dp/B08QXB9BH5?tag=eloabder-20&linkCode=osi&th=1&psc=1">View Product</a></div><div class="product"><a href="https://www.amazon.com/dp/B0B9CZ6XBQ?tag=eloabder-20&linkCode=osi&th=1&psc=1"><img src="https://m.media-amazon.com/images/I/41FrbCLAa8L._SL500_.jpg" alt="Product Image"></a><p>Ninja CREAMi Deluxe 11-in-1 Ice Cream & Frozen Treat Maker for Ice Cream, Sorbet, Milkshakes, Frozen Yogurt, & More, 11 Programs, XL Capacity, Silver, Includes (2) Family-Sized 24 oz. Tubs</p><p> -12% 0FF </p><p>$219.95</p><a href="https://www.amazon.com/dp/B0B9CZ6XBQ?tag=eloabder-20&linkCode=osi&th=1&psc=1">View Product</a></div>
<div class="product"><a href="https://www.amazon.com/dp/B07C8V4FDR?tag=eloabder-20&linkCode=osi&th=1&psc=1"><img src="https://m.media-amazon.com/images/I/41-2gch534L._SL500_.jpg" alt="Product Image"></a><p>Cuisinart Bread Maker Machine, Compact and Automatic, Customizable Settings, Up to 2lb Loaves, CBK-110P1, Silver,Black</p><p> -23% 0FF </p><p>$99.95</p><a href="https://www.amazon.com/dp/B07C8V4FDR?tag=eloabder-20&linkCode=osi&th=1&psc=1">View Product</a></div><div class="product"><a href="https://www.amazon.com/dp/B09RYYGJXR?tag=eloabder-20&linkCode=osi&th=1&psc=1"><img src="https://m.media-amazon.com/images/I/31Nti+QxbGL._SL500_.jpg" alt="Product Image"></a><p>Elite Gourmet EBM8103M Programmable Bread Maker Machine 3 Loaf Sizes, 19 Menu Functions Gluten Free White Wheat Rye French and more, 2 Lbs, Mint</p><p> -13% 0FF </p><p>$64.97</p><a href="https://www.amazon.com/dp/B09RYYGJXR?tag=eloabder-20&linkCode=osi&th=1&psc=1">View Product</a></div><div class="product"><a href="https://www.amazon.com/dp/B07BYXHYLY?tag=eloabder-20&linkCode=osi&th=1&psc=1"><img src="https://m.media-amazon.com/images/I/51oB-JofaaL._SL500_.jpg" alt="Product Image"></a><p>KBS Pro Stainless Steel Bread Machine, 2LB 17-in-1 Programmable XL Bread Maker with Fruit Nut Dispenser, Nonstick Ceramic Pan& Digital Touch Panel, 3 Loaf Sizes 3 Crust Colors, Reserve& Keep Warm Set</p><p> -21% 0FF </p><p>$149.96</p><a href="https://www.amazon.com/dp/B07BYXHYLY?tag=eloabder-20&linkCode=osi&th=1&psc=1">View Product</a></div><div class="product"><a href="https://www.amazon.com/dp/B087FB8SCK?tag=eloabder-20&linkCode=osi&th=1&psc=1"><img src="https://m.media-amazon.com/images/I/41HIsBOmQJL._SL500_.jpg" alt="Product Image"></a><p>KITCHENARM 29-in-1 SMART Bread Machine with Gluten Free Setting 2LB 1.5LB 1LB Bread Maker Machine with Homemade Cycle - Stainless Steel Breadmaker with Recipes Whole Wheat Bread Making Machine</p><p> -11% 0FF </p><p>$114.97</p><a href="https://www.amazon.com/dp/B087FB8SCK?tag=eloabder-20&linkCode=osi&th=1&psc=1">View Product</a></div><div class="product"><a href="https://www.amazon.com/dp/B07ZQ711SW?tag=eloabder-20&linkCode=osi&th=1&psc=1"><img src="https://m.media-amazon.com/images/I/41XD-2f77RL._SL500_.jpg" alt="Product Image"></a><p>KBS 17-in-1 Bread Maker-Dual Heaters, 710W Machine Stainless Steel with Gluten-Free, Dough Maker,Jam,Yogurt PROG, Auto Nut Dispenser,Ceramic Pan& Touch Panel, 3 Loaf Sizes 3 Crust Colors,Recipes</p><p> -20% 0FF </p><p>$159.99</p><a href="https://www.amazon.com/dp/B07ZQ711SW?tag=eloabder-20&linkCode=osi&th=1&psc=1">View Product</a></div><div class="product"><a href="https://www.amazon.com/dp/B08SKFPMBG?tag=eloabder-20&linkCode=osi&th=1&psc=1"><img src="https://m.media-amazon.com/images/I/41GbafaeBYL._SL500_.jpg" alt="Product Image"></a><p>Briskind 19-in-1 Compact Bread Maker Machine, 1.5 lb / 1 lb Loaf Small Breadmaker with Carrying Handle, Including Gluten Free, Dough, Jam, Yogurt Menus, Bake Evenly, Automatic Keep Warm, 3 Crust Color</p><p> -25% 0FF </p><p>$89.75</p><a href="https://www.amazon.com/dp/B08SKFPMBG?tag=eloabder-20&linkCode=osi&th=1&psc=1">View Product</a></div><div class="product"><a href="https://www.amazon.com/dp/B07D82LJ4Q?tag=eloabder-20&linkCode=osi&th=1&psc=1"><img src="https://m.media-amazon.com/images/I/41i3kbapguL._SL500_.jpg" alt="Product Image"></a><p>West Bend 47413 Hi-Rise Programmable Bread Maker Machine with Horizontal Dual Blade and 12 Programs, Including Gluten Free Mode, 3 Lb, Gray</p><p> -30% 0FF </p><p>$87.68</p><a href="https://www.amazon.com/dp/B07D82LJ4Q?tag=eloabder-20&linkCode=osi&th=1&psc=1">View Product</a></div>
<div class="product"><a href="https://www.amazon.com/dp/B0BR8HZL9V?tag=eloabder-20&linkCode=osi&th=1&psc=1"><img src="https://m.media-amazon.com/images/I/315cLuabx0L._SL500_.jpg" alt="Product Image"></a><p>Ninja JC151 NeverClog Cold Press Juicer, Powerful Slow Juicer with Total Pulp Control, Countertop, Electric, 2 Pulp Functions, Dishwasher Safe, 2nd Generation, Charcoal</p><p> -23% 0FF </p><p>$99.99</p><a href="https://www.amazon.com/dp/B0BR8HZL9V?tag=eloabder-20&linkCode=osi&th=1&psc=1">View Product</a></div><div class="product"><a href="https://www.amazon.com/dp/B0DJ7QML7K?tag=eloabder-20&linkCode=osi&th=1&psc=1"><img src="https://m.media-amazon.com/images/I/410TN+TUghL._SL500_.jpg" alt="Product Image"></a><p>Cold Press Juicer, 400w Slow Juicer Machines with 5.4" Wide Feed Chute, Masticating Juicer with High Juice Yield for Whole Vegetables & Fruits</p><p> -77% 0FF </p><p>$139.98</p><a href="https://www.amazon.com/dp/B0DJ7QML7K?tag=eloabder-20&linkCode=osi&th=1&psc=1">View Product</a></div><div class="product"><a href="https://www.amazon.com/dp/B0DBH5LC1M?tag=eloabder-20&linkCode=osi&th=1&psc=1"><img src="https://m.media-amazon.com/images/I/41p0ebtD3PL._SL500_.jpg" alt="Product Image"></a><p>Masticating Juicer, 350W Slow Cold Press Juicer with 5.8" Extra-Large Feeding Chute, Juicer Machines for Whole Fruits and Vegetables, Easy to Clean with Brush</p><p> -77% 0FF </p><p>$149.99</p><a href="https://www.amazon.com/dp/B0DBH5LC1M?tag=eloabder-20&linkCode=osi&th=1&psc=1">View Product</a></div><div class="product"><a href="https://www.amazon.com/dp/B0C99W1Z9Q?tag=eloabder-20&linkCode=osi&th=1&psc=1"><img src="https://m.media-amazon.com/images/I/41ds5gec49L._SL500_.jpg" alt="Product Image"></a><p>Magic Bullet Mini Juicer with Cup Black</p><p> -17% 0FF </p><p>$49.99</p><a href="https://www.amazon.com/dp/B0C99W1Z9Q?tag=eloabder-20&linkCode=osi&th=1&psc=1">View Product</a></div><div class="product"><a href="https://www.amazon.com/dp/B0CBS6HVSY?tag=eloabder-20&linkCode=osi&th=1&psc=1"><img src="https://m.media-amazon.com/images/I/41lmBoVvM1L._SL500_.jpg" alt="Product Image"></a><p>Cold Press Juicer, Amumu Slow Masticating Machines with 5.4" Extra Large Feed Chute Fit Whole Fruits & Vegetables Easy Clean Self Feeding Effortless for Batch Juicing, High Juice Yield, BPA Free 250W</p><p> -84% 0FF </p><p>$139.99</p><a href="https://www.amazon.com/dp/B0CBS6HVSY?tag=eloabder-20&linkCode=osi&th=1&psc=1">View Product</a></div><div class="product"><a href="https://www.amazon.com/dp/B0B4F9NSN5?tag=eloabder-20&linkCode=osi&th=1&psc=1"><img src="https://m.media-amazon.com/images/I/41HdCERLiNL._SL500_.jpg" alt="Product Image"></a><p>Elite Gourmet Masticating Juicer Machines, 12-inch Juicer, Masticating Cold Press Juicer Machines, Juicer for Vegetables and Fruits, Easy to Clean Juicer, Charcoal Grey</p><p> -31% 0FF </p><p>$34.49</p><a href="https://www.amazon.com/dp/B0B4F9NSN5?tag=eloabder-20&linkCode=osi&th=1&psc=1">View Product</a></div><div class="product"><a href="https://www.amazon.com/dp/B0DCG5Y8QN?tag=eloabder-20&linkCode=osi&th=1&psc=1"><img src="https://m.media-amazon.com/images/I/41+givs3UpL._SL500_.jpg" alt="Product Image"></a><p>AMZCHEF Cold Press Juicer, Juicer Machines - 5.2" Large Feed Chute for Whole Fruits & Vegetables, Stainless Steel Slow Masticating Juicer Easy to Clean, Large Auger, Double Strainers, Silver</p><p> -30% 0FF </p><p>$139.99</p><a href="https://www.amazon.com/dp/B0DCG5Y8QN?tag=eloabder-20&linkCode=osi&th=1&psc=1">View Product</a></div><div class="product"><a href="https://www.amazon.com/dp/B0DKHPRPC3?tag=eloabder-20&linkCode=osi&th=1&psc=1"><img src="https://m.media-amazon.com/images/I/41lpEOGVh0L._SL500_.jpg" alt="Product Image"></a><p>Cold Press Juicer, Masticating Juicer with 5.4" Wide Feed Chute, 350w Slow Juicer Machines Fit Whole Vegetables and Fruits,Juice Extractor Machine with High Juice Yield, Easy to Clean(Black)</p><p> -30% 0FF </p><p>$139.99</p><a href="https://www.amazon.com/dp/B0DKHPRPC3?tag=eloabder-20&linkCode=osi&th=1&psc=1">View Product</a></div>
<div class="product"><a href="https://www.amazon.com/dp/B006SODTTQ?tag=eloabder-20&linkCode=osi&th=1&psc=1"><img src="https://m.media-amazon.com/images/I/31namjfhGVL._SL500_.jpg" alt="Product Image"></a><p>nutribullet Baby BSR-0801N Turbo Food Steamer</p><p> -19% 0FF </p><p>$32.54</p><a href="https://www.amazon.com/dp/B006SODTTQ?tag=eloabder-20&linkCode=osi&th=1&psc=1">View Product</a></div><div class="product"><a href="https://www.amazon.com/dp/B0831SCHG8?tag=eloabder-20&linkCode=osi&th=1&psc=1"><img src="https://m.media-amazon.com/images/I/413VC6sZL1L._SL500_.jpg" alt="Product Image"></a><p>OVENTE 2 Tier Electric Food Steamer for Cooking Vegetables, Stainless Steel Base, Stackable and Dishwasher Safe Baskets, 400W with Auto Shutoff and 60-Minute Timer, 5 Quart Capacity, Silver FS62S</p><p> -24% 0FF </p><p>$24.99</p><a href="https://www.amazon.com/dp/B0831SCHG8?tag=eloabder-20&linkCode=osi&th=1&psc=1">View Product</a></div><div class="product"><a href="https://www.amazon.com/dp/B07H789X8M?tag=eloabder-20&linkCode=osi&th=1&psc=1"><img src="https://m.media-amazon.com/images/I/41HqkL3gJcL._SL500_.jpg" alt="Product Image"></a><p>Secura 2 Stainless Steel Food Steamer 8.5 Qt Electric Glass Lid Vegetable Steamer Double Tiered Stackable Baskets with Timer</p><p> -20% 0FF </p><p>$109.99</p><a href="https://www.amazon.com/dp/B07H789X8M?tag=eloabder-20&linkCode=osi&th=1&psc=1">View Product</a></div>
<div class="product"><a href="https://www.amazon.com/dp/B07L85NN3T?tag=eloabder-20&linkCode=osi&th=1&psc=1"><img src="https://m.media-amazon.com/images/I/31iMBZdBNVL._SL500_.jpg" alt="Product Image"></a><p>IMUSA USA GAU-18202 4 Cup Espresso/Cappuccino Maker,120 volts, Black</p><p> -25% 0FF </p><p>$29.99</p><a href="https://www.amazon.com/dp/B07L85NN3T?tag=eloabder-20&linkCode=osi&th=1&psc=1">View Product</a></div><div class="product"><a href="https://www.amazon.com/dp/B0D5QY4PY9?tag=eloabder-20&linkCode=osi&th=1&psc=1"><img src="https://m.media-amazon.com/images/I/41nFnfr1ZEL._SL500_.jpg" alt="Product Image"></a><p>CHULUX Kom-Pro Espresso Machine 20 Bar, Semi Automatic Stainless Steel Coffee Machine for Home Latte Cappuccino Espresso Maker, Powerful Milk Frother Steam Wand</p><p> -21% 0FF </p><p>$98.99</p><a href="https://www.amazon.com/dp/B0D5QY4PY9?tag=eloabder-20&linkCode=osi&th=1&psc=1">View Product</a></div><div class="product"><a href="https://www.amazon.com/dp/B0C3F2S53N?tag=eloabder-20&linkCode=osi&th=1&psc=1"><img src="https://m.media-amazon.com/images/I/415fcoCOhfL._SL500_.jpg" alt="Product Image"></a><p>Nespresso Vertuo Pop+ Deluxe Coffee and Espresso Machine by De'Longhi, 120 Volts, Silver</p><p> -27% 0FF </p><p>$109.00</p><a href="https://www.amazon.com/dp/B0C3F2S53N?tag=eloabder-20&linkCode=osi&th=1&psc=1">View Product</a></div><div class="product"><a href="https://www.amazon.com/dp/B0CPJ2XTXF?tag=eloabder-20&linkCode=osi&th=1&psc=1"><img src="https://m.media-amazon.com/images/I/41jHRzdDKAL._SL500_.jpg" alt="Product Image"></a><p>CHULUX Kompatto Espresso Machine 20 Bar with Milk Frother, Stainless Steel Automatic Espresso Coffee Machine for Home Latte & Cappuccino Maker, 40oz Removable Water Tank, 1350W</p><p> -25% 0FF </p><p>$89.99</p><a href="https://www.amazon.com/dp/B0CPJ2XTXF?tag=eloabder-20&linkCode=osi&th=1&psc=1">View Product</a></div><div class="product"><a href="https://www.amazon.com/dp/B0CZ6HQKZD?tag=eloabder-20&linkCode=osi&th=1&psc=1"><img src="https://m.media-amazon.com/images/I/51RRtyCyZlL._SL500_.jpg" alt="Product Image"></a><p>Ihomekee Espresso machine, CM6822 15 Bar Coffee Maker for Cappuccino and Latte Maker With Milk Frother, Removable Water Tank, Fast Heating Coffee Machine for Home, Office</p><p> -11% 0FF </p><p>$79.99</p><a href="https://www.amazon.com/dp/B0CZ6HQKZD?tag=eloabder-20&linkCode=osi&th=1&psc=1">View Product</a></div>
<div class="product"><a href="https://www.amazon.com/dp/B00C8C5I8M?tag=eloabder-20&linkCode=osi&th=1&psc=1"><img src="https://m.media-amazon.com/images/I/21w0+TOUozL._SL500_.jpg" alt="Product Image"></a><p>Elite Gourmet EDB-302BF Countertop Double Cast Iron Burner, 1500 Watts Electric Hot Plate, Temperature Controls, Power Indicator Lights, Easy to Clean, Black</p><p> -24% 0FF </p><p>$27.99</p><a href="https://www.amazon.com/dp/B00C8C5I8M?tag=eloabder-20&linkCode=osi&th=1&psc=1">View Product</a></div><div class="product"><a href="https://www.amazon.com/dp/B08V43S4MJ?tag=eloabder-20&linkCode=osi&th=1&psc=1"><img src="https://m.media-amazon.com/images/I/31fI1bV+ApL._SL500_.jpg" alt="Product Image"></a><p>OVENTE Countertop Infrared Single Burner, 1000W Electric Hot Plate with 7” Ceramic Glass Cooktop, 5 Level Temperature Setting & Easy to Clean Base, Compact Stove for Home Dorm Office, Black BGI101B</p><p> -29% 0FF </p><p>$24.99</p><a href="https://www.amazon.com/dp/B08V43S4MJ?tag=eloabder-20&linkCode=osi&th=1&psc=1">View Product</a></div><div class="product"><a href="https://www.amazon.com/dp/B07D71TD67?tag=eloabder-20&linkCode=osi&th=1&psc=1"><img src="https://m.media-amazon.com/images/I/317DTFZe0AL._SL500_.jpg" alt="Product Image"></a><p>CUSIMAX Electric Hot Plate for Cooking Portable Single Burner 1500W Cast Iron hot plates Heat-up in Seconds Adjustable Temperature Control Stainless Steel Non-Slip Rubber Feet Upgraded Version B101</p><p> -30% 0FF </p><p>$41.96</p><a href="https://www.amazon.com/dp/B07D71TD67?tag=eloabder-20&linkCode=osi&th=1&psc=1">View Product</a></div><div class="product"><a href="https://www.amazon.com/dp/B08QMP7VD3?tag=eloabder-20&linkCode=osi&th=1&psc=1"><img src="https://m.media-amazon.com/images/I/41OrKZIVmpL._SL500_.jpg" alt="Product Image"></a><p>Mueller RapidTherm Portable Induction Cooktop, Hot Plate Electric Stove Top Burner 1800W, 8 Temp Levels up to 460°F, Auto-Off & Pot Detection, LED Display, Child Lock, 4 Programs, Burners for Cooking</p><p> -10% 0FF </p><p>$53.97</p><a href="https://www.amazon.com/dp/B08QMP7VD3?tag=eloabder-20&linkCode=osi&th=1&psc=1">View Product</a></div><div class="product"><a href="https://www.amazon.com/dp/B0007QCRNU?tag=eloabder-20&linkCode=osi&th=1&psc=1"><img src="https://m.media-amazon.com/images/I/31-Ehn2oohL._SL500_.jpg" alt="Product Image"></a><p>Aroma Housewares AHP-303 Single Burner Hot Plate, Metal, Black</p><p> -9% 0FF </p><p>$18.21</p><a href="https://www.amazon.com/dp/B0007QCRNU?tag=eloabder-20&linkCode=osi&th=1&psc=1">View Product</a></div><div class="product"><a href="https://www.amazon.com/dp/B08WR5VF24?tag=eloabder-20&linkCode=osi&th=1&psc=1"><img src="https://m.media-amazon.com/images/I/41z751CI4eL._SL500_.jpg" alt="Product Image"></a><p>OVENTE Electric Countertop Single Burner, 1000W Cooktop with 7.25 Inch Cast Iron Hot Plate, 5 Level Temperature Control, Compact Cooking Stove and Easy to Clean Stainless Steel Base, Silver BGS101S</p><p> -7% 0FF </p><p>$24.99</p><a href="https://www.amazon.com/dp/B08WR5VF24?tag=eloabder-20&linkCode=osi&th=1&psc=1">View Product</a></div>
<div class="product"><a href="https://www.amazon.com/dp/B01GD1JSZM?tag=eloabder-20&linkCode=osi&th=1&psc=1"><img src="https://m.media-amazon.com/images/I/31SlYF1eXnL._SL500_.jpg" alt="Product Image"></a><p>Presto 16-Inch Electric Skillet, Grey Ceramic</p><p> -26% 0FF </p><p>$48.90</p><a href="https://www.amazon.com/dp/B01GD1JSZM?tag=eloabder-20&linkCode=osi&th=1&psc=1">View Product</a></div><div class="product"><a href="https://www.amazon.com/dp/B00FJ3NSCK?tag=eloabder-20&linkCode=osi&th=1&psc=1"><img src="https://m.media-amazon.com/images/I/31+AWuZl9ML._SL500_.jpg" alt="Product Image"></a><p>BELLA Electric Skillet and Frying Pan with Glass Lid, Nonstick Coating, Cool Touch Handles, Removable Heating Probe, Dishwasher Safe, 12 x 12 inch, Black</p><p> -23% 0FF </p><p>$26.99</p><a href="https://www.amazon.com/dp/B00FJ3NSCK?tag=eloabder-20&linkCode=osi&th=1&psc=1">View Product</a></div><div class="product"><a href="https://www.amazon.com/dp/B004PEIY9G?tag=eloabder-20&linkCode=osi&th=1&psc=1"><img src="https://m.media-amazon.com/images/I/31oFk81gjbL._SL500_.jpg" alt="Product Image"></a><p>BLACK+DECKER Electric Skillet, Variable Temperature Control, Nonstick Cooking Surface, Dishwasher Safe, Tempered Glass Lid, 12"x15"</p><p> -7% 0FF </p><p>$46.39</p><a href="https://www.amazon.com/dp/B004PEIY9G?tag=eloabder-20&linkCode=osi&th=1&psc=1">View Product</a></div>
<div class="product"><a href="https://www.amazon.com/dp/B07K1FCZLF?tag=eloabder-20&linkCode=osi&th=1&psc=1"><img src="https://m.media-amazon.com/images/I/41A489usqJL._SL500_.jpg" alt="Product Image"></a><p>OVENTE Electric Griddle with 16 x 10 Inch Flat Non-Stick Cooking Surface, Adjustable Thermostat, Essential Indoor Grill for Instant Breakfast Pancakes Burgers Eggs, Black GD1610B</p><p> -6% 0FF </p><p>$21.02</p><a href="https://www.amazon.com/dp/B07K1FCZLF?tag=eloabder-20&linkCode=osi&th=1&psc=1">View Product</a></div><div class="product"><a href="https://www.amazon.com/dp/B01G7DM7X6?tag=eloabder-20&linkCode=osi&th=1&psc=1"><img src="https://m.media-amazon.com/images/I/31MeKzHffDL._SL500_.jpg" alt="Product Image"></a><p>Presto 07062-22-Inch Ceramic Removable Handles Electric Griddle, 22 Inch, Black</p><p> -13% 0FF </p><p>$51.99</p><a href="https://www.amazon.com/dp/B01G7DM7X6?tag=eloabder-20&linkCode=osi&th=1&psc=1">View Product</a></div><div class="product"><a href="https://www.amazon.com/dp/B0765XJ31G?tag=eloabder-20&linkCode=osi&th=1&psc=1"><img src="https://m.media-amazon.com/images/I/31QCHjFop2L._SL500_.jpg" alt="Product Image"></a><p>BLACK+DECKER 8-Serving Electric Griddle, GD2051B, Non-Stick Cooking Surface, Warming Tray, Removable Drip Tray, Family Sized</p><p> -26% 0FF </p><p>$40.72 ($40.72 / Count)</p><a href="https://www.amazon.com/dp/B0765XJ31G?tag=eloabder-20&linkCode=osi&th=1&psc=1">View Product</a></div><div class="product"><a href="https://www.amazon.com/dp/B0BH9DK283?tag=eloabder-20&linkCode=osi&th=1&psc=1"><img src="https://m.media-amazon.com/images/I/41PvXG2lP0L._SL500_.jpg" alt="Product Image"></a><p>BELLA Electric Griddle & Flat Grill with Nonstick Large Cooking Surface and Removable Probe for Eggs, Tortillas, Pancake and more, 10.5" x 20", Black</p><p> -34% 0FF </p><p>$19.78</p><a href="https://www.amazon.com/dp/B0BH9DK283?tag=eloabder-20&linkCode=osi&th=1&psc=1">View Product</a></div><div class="product"><a href="https://www.amazon.com/dp/B0051XSIO6?tag=eloabder-20&linkCode=osi&th=1&psc=1"><img src="https://m.media-amazon.com/images/I/41xVHW6OqdL._SL500_.jpg" alt="Product Image"></a><p>Presto 07047 Cool Touch Electric Griddle</p><p> -18% 0FF </p><p>$36.73</p><a href="https://www.amazon.com/dp/B0051XSIO6?tag=eloabder-20&linkCode=osi&th=1&psc=1">View Product</a></div>
<div class="product"><a href="https://www.amazon.com/dp/B01FLR0ET8?tag=eloabder-20&linkCode=osi&th=1&psc=1"><img src="https://m.media-amazon.com/images/I/41Vqjrj43GL._SL500_.jpg" alt="Product Image"></a><p>Duxtop Portable Induction Cooktop Burner, Induction Hot Plate with LCD Sensor Touch 1800 Watts, Silver 9600LS/BT-200DZ</p><p> -28% 0FF </p><p>$109.29</p><a href="https://www.amazon.com/dp/B01FLR0ET8?tag=eloabder-20&linkCode=osi&th=1&psc=1">View Product</a></div><div class="product"><a href="https://www.amazon.com/dp/B0C7HL4GHP?tag=eloabder-20&linkCode=osi&th=1&psc=1"><img src="https://m.media-amazon.com/images/I/41-D+rnAOVL._SL500_.jpg" alt="Product Image"></a><p>Nuwave Precision Induction Cooktop Gold, 12” Shatter-Proof Ceramic Glass Surface, Large 8” Heating Coil, Portable, 51Temp Settings 100°F to 575°F, 3 Wattage Settings 600, 900, and 1500 Watts</p><p> -10% 0FF </p><p>$89.99</p><a href="https://www.amazon.com/dp/B0C7HL4GHP?tag=eloabder-20&linkCode=osi&th=1&psc=1">View Product</a></div><div class="product"><a href="https://www.amazon.com/dp/B0045QEPYM?tag=eloabder-20&linkCode=osi&th=1&psc=1"><img src="https://m.media-amazon.com/images/I/41cdyP4hsFL._SL500_.jpg" alt="Product Image"></a><p>Duxtop 1800W Portable Induction Cooktop Countertop Burner, Gold 8100MC/BT-180G3</p><p> -15% 0FF </p><p>$62.99</p><a href="https://www.amazon.com/dp/B0045QEPYM?tag=eloabder-20&linkCode=osi&th=1&psc=1">View Product</a></div><div class="product"><a href="https://www.amazon.com/dp/B0BSG6JTC1?tag=eloabder-20&linkCode=osi&th=1&psc=1"><img src="https://m.media-amazon.com/images/I/41DhHtBXtUL._SL500_.jpg" alt="Product Image"></a><p>Nuwave Double Induction Cooktop, Powerful 1800W, 2 Large 8” Heating Coils, Independent Controls, 94 Temp Settings from 100°F to 575°F in 5°F Increments, 2 x 11.5” Shatter-Proof Ceramic Glass Surface</p><p> -13% 0FF </p><p>$200.31</p><a href="https://www.amazon.com/dp/B0BSG6JTC1?tag=eloabder-20&linkCode=osi&th=1&psc=1">View Product</a></div><div class="product"><a href="https://www.amazon.com/dp/B0B4J6PXPN?tag=eloabder-20&linkCode=osi&th=1&psc=1"><img src="https://m.media-amazon.com/images/I/41kump2F4aL._SL500_.jpg" alt="Product Image"></a><p>ChangBERT Induction Cooktop, Commercial Grade Portable Cooker, Large 8” Heating Coil, 18/10 Stainless Steel Countertop Burner with NSF Certified, 10 Hours Timer, Powerful 1800W Professional Hot Plate</p><p> -23% 0FF </p><p>$119.99</p><a href="https://www.amazon.com/dp/B0B4J6PXPN?tag=eloabder-20&linkCode=osi&th=1&psc=1">View Product</a></div>
<div class="product"><a href="https://www.amazon.com/dp/B09Q88QQHL?tag=eloabder-20&linkCode=osi&th=1&psc=1"><img src="https://m.media-amazon.com/images/I/41cDQKq5xXL._SL500_.jpg" alt="Product Image"></a><p>Gevi One-Touch Button Electric Coffee Grinder Coffee Bean Grinder for Coffee Espresso Latte Mochas, Noiseless Operation Coffee Serving Sets</p><p> -22% 0FF </p><p>$12.99 ($12.99 / 1)</p><a href="https://www.amazon.com/dp/B09Q88QQHL?tag=eloabder-20&linkCode=osi&th=1&psc=1">View Product</a></div><div class="product"><a href="https://www.amazon.com/dp/B079PMWD1B?tag=eloabder-20&linkCode=osi&th=1&psc=1"><img src="https://m.media-amazon.com/images/I/41bLrL-p8jL._SL500_.jpg" alt="Product Image"></a><p>Secura Electric Coffee Grinder and Spice Grinder with 2 Stainless Steel Blades Removable Bowls</p><p> -27% 0FF </p><p>$39.99</p><a href="https://www.amazon.com/dp/B079PMWD1B?tag=eloabder-20&linkCode=osi&th=1&psc=1">View Product</a></div><div class="product"><a href="https://www.amazon.com/dp/B07LG33LV3?tag=eloabder-20&linkCode=osi&th=1&psc=1"><img src="https://m.media-amazon.com/images/I/415qB6lyWgL._SL500_.jpg" alt="Product Image"></a><p>SHARDOR Coffee Grinder Electric, Spice Grinder Electric, Herb Grinder, Grinder for Coffee Bean Spices and Seeds with 2 Removable Stainless Steel Bowls, Black</p><p> -15% 0FF </p><p>$39.99</p><a href="https://www.amazon.com/dp/B07LG33LV3?tag=eloabder-20&linkCode=osi&th=1&psc=1">View Product</a></div><div class="product"><a href="https://www.amazon.com/dp/B00LU2I46E?tag=eloabder-20&linkCode=osi&th=1&psc=1"><img src="https://m.media-amazon.com/images/I/51eoYTzS22L._SL500_.jpg" alt="Product Image"></a><p>BLACK+DECKER 12-Cup Mill and Brew Coffe Maker, CM5000B, 24-Hour Programble, Built-in Grinder, Sneak-A-Cup, Permanent Washable Fitler</p><p> -20% 0FF </p><p>$79.99</p><a href="https://www.amazon.com/dp/B00LU2I46E?tag=eloabder-20&linkCode=osi&th=1&psc=1">View Product</a></div>
<div class="product"><a href="https://www.amazon.com/dp/B07GK7XKJK?tag=eloabder-20&linkCode=osi&th=1&psc=1"><img src="https://m.media-amazon.com/images/I/41MydiUACIL._SL500_.jpg" alt="Product Image"></a><p>KitchenAid KSMMGA Metal Food Grinder Attachment, Silver</p><p> -25% 0FF </p><p>$74.95</p><a href="https://www.amazon.com/dp/B07GK7XKJK?tag=eloabder-20&linkCode=osi&th=1&psc=1">View Product</a></div><div class="product"><a href="https://www.amazon.com/dp/B0CFXXGRLX?tag=eloabder-20&linkCode=osi&th=1&psc=1"><img src="https://m.media-amazon.com/images/I/41C1H8gjr9L._SL500_.jpg" alt="Product Image"></a><p>Electric Meat Grinder, Sausage Stuffer Maker 450W(3000W Max) Food Grinder with Blade & 3 Plates, Sausage Stuffer Tubes & Kubbe Kit, Stainless Steel Heavy Duty Meat Mincer Machine for Home Kitchen Use</p><p> -14% 0FF </p><p>$69.99</p><a href="https://www.amazon.com/dp/B0CFXXGRLX?tag=eloabder-20&linkCode=osi&th=1&psc=1">View Product</a></div><div class="product"><a href="https://www.amazon.com/dp/B0DCVND85W?tag=eloabder-20&linkCode=osi&th=1&psc=1"><img src="https://m.media-amazon.com/images/I/41P1HRElb0L._SL500_.jpg" alt="Product Image"></a><p>AAOBOSI Meat Grinder, 4-In-1 Meat Grinder Electric [2800W Max] with 3 Slice, Shred Blades,2 Blades,4 Plates,Sausage Stuffer,Kubbe Kit, for Home Kitchen Use, Stainless Steel</p><p> -9% 0FF </p><p>$99.99</p><a href="https://www.amazon.com/dp/B0DCVND85W?tag=eloabder-20&linkCode=osi&th=1&psc=1">View Product</a></div><div class="product"><a href="https://www.amazon.com/dp/B08GHFBX7P?tag=eloabder-20&linkCode=osi&th=1&psc=1"><img src="https://m.media-amazon.com/images/I/41go97GVl0L._SL500_.jpg" alt="Product Image"></a><p>Electric Meat Grinder, Heavy Duty Meat Mincer, Sausage Stuffer Maker, Food Grinder with Sausage & Kubbe Kit, 2 Grinder Plates, Stainless Steel (Black)</p><p> -22% 0FF </p><p>$69.99</p><a href="https://www.amazon.com/dp/B08GHFBX7P?tag=eloabder-20&linkCode=osi&th=1&psc=1">View Product</a></div>
<div class="product"><a href="https://www.amazon.com/dp/B0BXXKFJK2?tag=eloabder-20&linkCode=osi&th=1&psc=1"><img src="https://m.media-amazon.com/images/I/41WmZf5IgvL._SL500_.jpg" alt="Product Image"></a><p>Silonn Ice Maker Countertop, Portable Ice Machine with Carry Handle, Self-Cleaning Ice Makers with Basket and Scoop, 9 Cubes in 6 Mins, 26 lbs per Day, Ideal for Home, Kitchen, Camping, RV</p><p> -6% 0FF </p><p>$103.02</p><a href="https://www.amazon.com/dp/B0BXXKFJK2?tag=eloabder-20&linkCode=osi&th=1&psc=1">View Product</a></div><div class="product"><a href="https://www.amazon.com/dp/B0DBHN7WSN?tag=eloabder-20&linkCode=osi&th=1&psc=1"><img src="https://m.media-amazon.com/images/I/411SrTdFoYL._SL500_.jpg" alt="Product Image"></a><p>Nugget Ice Makers Countertop with Soft Chewable Pellet Ice, 7 Mins Ice Making, 35.5Lbs/24Hrs, Pebble Ice Maker Machine with Self-Cleaning/Ice Basket/Ice Scoop for Home/Office/Bar, Black</p><p> -12% 0FF </p><p>$149.00</p><a href="https://www.amazon.com/dp/B0DBHN7WSN?tag=eloabder-20&linkCode=osi&th=1&psc=1">View Product</a></div><div class="product"><a href="https://www.amazon.com/dp/B08ZYJ8CRX?tag=eloabder-20&linkCode=osi&th=1&psc=1"><img src="https://m.media-amazon.com/images/I/41oHlJFaHrL._SL500_.jpg" alt="Product Image"></a><p>Silonn Ice Maker Countertop, 9 Cubes Ready in 6 Mins, 26lbs in 24Hrs, Self-Cleaning Ice Machine with Ice Scoop and Basket, 2 Sizes of Bullet Ice for Home Kitchen Office Bar Party</p><p> -23% 0FF </p><p>$84.98</p><a href="https://www.amazon.com/dp/B08ZYJ8CRX?tag=eloabder-20&linkCode=osi&th=1&psc=1">View Product</a></div><div class="product"><a href="https://www.amazon.com/dp/B0964BF4N7?tag=eloabder-20&linkCode=osi&th=1&psc=1"><img src="https://m.media-amazon.com/images/I/41P6Pg4IlDL._SL500_.jpg" alt="Product Image"></a><p>GE Profile Opal 2.0 with 0.75 Gallon Tank, Chewable Crunchable Countertop Nugget Ice Maker, Scoop included, 38 lbs in 24 hours, Pellet Ice Machine with WiFi & Smart Connected, Stainless Steel</p><p> -19% 0FF </p><p>$487.00</p><a href="https://www.amazon.com/dp/B0964BF4N7?tag=eloabder-20&linkCode=osi&th=1&psc=1">View Product</a></div><div class="product"><a href="https://www.amazon.com/dp/B004VV8GOQ?tag=eloabder-20&linkCode=osi&th=1&psc=1"><img src="https://m.media-amazon.com/images/I/417MZhHcvfL._SL500_.jpg" alt="Product Image"></a><p>Frigidaire EFIC103-AMZ-SC Counter Top Maker with Over-Sized Ice Bucket, Stainless Steel, Self Cleaning Function, Heavy Duty, Stainless</p><p> -31% 0FF </p><p>$89.96</p><a href="https://www.amazon.com/dp/B004VV8GOQ?tag=eloabder-20&linkCode=osi&th=1&psc=1">View Product</a></div><div class="product"><a href="https://www.amazon.com/dp/B0CNVL19YJ?tag=eloabder-20&linkCode=osi&th=1&psc=1"><img src="https://m.media-amazon.com/images/I/415SM2A141L._SL500_.jpg" alt="Product Image"></a><p>AGLUCKY Ice Makers Countertop with Handle,26.5Lbs/24H,9 Cubes in 6 Mins,2 Sizes of Bullet Ice,Portable Ice Maker Machine with Self-Cleaning,Perfect for Home Kitchen(Black)</p><p> -11% 0FF </p><p>$79.99</p><a href="https://www.amazon.com/dp/B0CNVL19YJ?tag=eloabder-20&linkCode=osi&th=1&psc=1">View Product</a></div><div class="product"><a href="https://www.amazon.com/dp/B0BPSW1K11?tag=eloabder-20&linkCode=osi&th=1&psc=1"><img src="https://m.media-amazon.com/images/I/41+T7GsSO2L._SL500_.jpg" alt="Product Image"></a><p>Countertop Ice Maker, Ice Maker Machine 6 Mins 9 Ice, 26.5lbs/24Hrs, Portable Ice Maker Machine with Self-Cleaning, Ice Scoop, and Basket, Compact Ice Maker for Home/Kitchen/Office/Party</p><p> -10% 0FF </p><p>$89.99</p><a href="https://www.amazon.com/dp/B0BPSW1K11?tag=eloabder-20&linkCode=osi&th=1&psc=1">View Product</a></div>
<div class="product"><a href="https://www.amazon.com/dp/B08K93NJP8?tag=eloabder-20&linkCode=osi&th=1&psc=1"><img src="https://m.media-amazon.com/images/I/41RhvK8Yd4L._SL500_.jpg" alt="Product Image"></a><p>ROVSUN 18 Bottle Wine Fridge, Freestanding Compressor Wine Cooler Refrigerator, Beverage Wine Chiller with Digital Temperature Control & Double-layer Glass Door for Red White Wine, Champagne, Beer</p><p> -11% 0FF </p><p>$169.99</p><a href="https://www.amazon.com/dp/B08K93NJP8?tag=eloabder-20&linkCode=osi&th=1&psc=1">View Product</a></div><div class="product"><a href="https://www.amazon.com/dp/B00QSJRSM0?tag=eloabder-20&linkCode=osi&th=1&psc=1"><img src="https://m.media-amazon.com/images/I/31Ugidkf02L._SL500_.jpg" alt="Product Image"></a><p>Koolatron 6 Bottle Refrigerator Black Thermoelectric Wine cooler Freestanding Wine Cellar Red White and Sparkling Wine fridge Ideal for Small Kitchens Apartments RVs</p><p> -35% 0FF </p><p>$129.99</p><a href="https://www.amazon.com/dp/B00QSJRSM0?tag=eloabder-20&linkCode=osi&th=1&psc=1">View Product</a></div><div class="product"><a href="https://www.amazon.com/dp/B00QSJRR4Y?tag=eloabder-20&linkCode=osi&th=1&psc=1"><img src="https://m.media-amazon.com/images/I/41UPTwoGc7L._SL500_.jpg" alt="Product Image"></a><p>Koolatron 20 Bottle Refrigerator Wine Cooler Black Thermoelectric Wine Fridge Under Counter Wine Cellar for Red White Sparkling Wine Storage in Home Bar Apartment</p><p> -33% 0FF </p><p>$199.99</p><a href="https://www.amazon.com/dp/B00QSJRR4Y?tag=eloabder-20&linkCode=osi&th=1&psc=1">View Product</a></div><div class="product"><a href="https://www.amazon.com/dp/B0CQYFQKFX?tag=eloabder-20&linkCode=osi&th=1&psc=1"><img src="https://m.media-amazon.com/images/I/41ckgpC+TLL._SL500_.jpg" alt="Product Image"></a><p>Kalamera Mini Fridge 24” Beverage and Wine Cooler Built-in or Freestanding - 118 Cans & 16 Bottles Capacity Wine Refrigerator Cooler</p><p> -20% 0FF </p><p>$479.98</p><a href="https://www.amazon.com/dp/B0CQYFQKFX?tag=eloabder-20&linkCode=osi&th=1&psc=1">View Product</a></div>
<div class="product"><a href="https://www.amazon.com/dp/B0CHW317SG?tag=eloabder-20&linkCode=osi&th=1&psc=1"><img src="https://m.media-amazon.com/images/I/41KZKC5wMwL._SL500_.jpg" alt="Product Image"></a><p>EUHOMY 48 Can Beverage Refrigerator cooler-Mini Fridge Glass Door for Beer Drinks Wines, Countertop Beverage Fridge with Adjustable Shelves Blue LED for Home/Office/Dorm/Bar, 1.3 cu.ft</p><p> -20% 0FF </p><p>$116.09</p><a href="https://www.amazon.com/dp/B0CHW317SG?tag=eloabder-20&linkCode=osi&th=1&psc=1">View Product</a></div><div class="product"><a href="https://www.amazon.com/dp/B0DGLF3KJY?tag=eloabder-20&linkCode=osi&th=1&psc=1"><img src="https://m.media-amazon.com/images/I/51GSGBxBzSL._SL500_.jpg" alt="Product Image"></a><p>Zibbizo Upgraded Mini Fridge for Bedroom 3.2 Cu.Ft Small Refrigerator with Freezer for Dorm Office, Compact Single Door Adjustable Thermostat Low Noise, 17.5" D x 17.7" W x 31.5" H, Black</p><p> -10% 0FF </p><p>$134.99</p><a href="https://www.amazon.com/dp/B0DGLF3KJY?tag=eloabder-20&linkCode=osi&th=1&psc=1">View Product</a></div><div class="product"><a href="https://www.amazon.com/dp/B08NQ5CPPG?tag=eloabder-20&linkCode=osi&th=1&psc=1"><img src="https://m.media-amazon.com/images/I/31t78TW8XCL._SL500_.jpg" alt="Product Image"></a><p>Frigidaire EFMIS175 Retro 9-Can Mini Personal Fridge Portable Cooler for Car, Office, Bedroom, Dorm Room, or Cabin, 11.8"D x 7.1"W x 10.1"H, Pink</p><p> -17% 0FF </p><p>$33.13</p><a href="https://www.amazon.com/dp/B08NQ5CPPG?tag=eloabder-20&linkCode=osi&th=1&psc=1">View Product</a></div><div class="product"><a href="https://www.amazon.com/dp/B09DTM1NZW?tag=eloabder-20&linkCode=osi&th=1&psc=1"><img src="https://m.media-amazon.com/images/I/311losY-FFL._SL500_.jpg" alt="Product Image"></a><p>FRIGIDAIRE Black EFR176- AMZ Retro Mini Refrigerator-Energy Saving-Adjustable Thermostat Control-Side Mounted Bottle Opener-Ideal for Dorm, Office, RV, Garage, Apartment 1.6 Cubic Feet</p><p> -12% 0FF </p><p>$123.14</p><a href="https://www.amazon.com/dp/B09DTM1NZW?tag=eloabder-20&linkCode=osi&th=1&psc=1">View Product</a></div>
<div class="product"><a href="https://www.amazon.com/dp/B000EW7LGA?tag=eloabder-20&linkCode=osi&th=1&psc=1"><img src="https://m.media-amazon.com/images/I/31RD0Qf0CyL._SL500_.jpg" alt="Product Image"></a><p>InSinkErator Badger 5XP Garbage Disposal, Standard Series 3/4 HP Continuous Feed Food Waste Disposer, Black / Stainless</p><p> -56% 0FF </p><p>$119.99</p><a href="https://www.amazon.com/dp/B000EW7LGA?tag=eloabder-20&linkCode=osi&th=1&psc=1">View Product</a></div><div class="product"><a href="https://www.amazon.com/dp/B000LNIK6C?tag=eloabder-20&linkCode=osi&th=1&psc=1"><img src="https://m.media-amazon.com/images/I/41r60mVDVjL._SL500_.jpg" alt="Product Image"></a><p>Waste King 1/2 HP Garbage Disposal with Power Cord for Kitchen Sink Food Waste, L-1001</p><p> -11% 0FF </p><p>$78.03</p><a href="https://www.amazon.com/dp/B000LNIK6C?tag=eloabder-20&linkCode=osi&th=1&psc=1">View Product</a></div><div class="product"><a href="https://www.amazon.com/dp/B00004U9JO?tag=eloabder-20&linkCode=osi&th=1&psc=1"><img src="https://m.media-amazon.com/images/I/31rMP7d81sL._SL500_.jpg" alt="Product Image"></a><p>InSinkErator Badger 5 Garbage Disposal, Standard Series 1/2 HP Continuous Feed Food Waste Disposer, Black, Set of 1</p><p> -41% 0FF </p><p>$115.96</p><a href="https://www.amazon.com/dp/B00004U9JO?tag=eloabder-20&linkCode=osi&th=1&psc=1">View Product</a></div><div class="product"><a href="https://www.amazon.com/dp/B0CDMH8PVY?tag=eloabder-20&linkCode=osi&th=1&psc=1"><img src="https://m.media-amazon.com/images/I/31LFQmfgZHL._SL500_.jpg" alt="Product Image"></a><p>InSinkErator EVOLUTION 0.75HP 3/4 HP, Advanced Series EZ Connect Continuous Feed Food Waste Garbage Disposal, Gray</p><p> -41% 0FF </p><p>$235.42</p><a href="https://www.amazon.com/dp/B0CDMH8PVY?tag=eloabder-20&linkCode=osi&th=1&psc=1">View Product</a></div><div class="product"><a href="https://www.amazon.com/dp/B0CDMH72DY?tag=eloabder-20&linkCode=osi&th=1&psc=1"><img src="https://m.media-amazon.com/images/I/311HrVUr9jL._SL500_.jpg" alt="Product Image"></a><p>InSinkErator Power 1HP, 1 HP Garbage Disposal, Power Series EZ Connect Continuous Feed Food Waste Disposer, Black</p><p> -44% 0FF </p><p>$199.36</p><a href="https://www.amazon.com/dp/B0CDMH72DY?tag=eloabder-20&linkCode=osi&th=1&psc=1">View Product</a></div>
<div class="product"><a href="https://www.amazon.com/dp/B07RSZSYNC?tag=eloabder-20&linkCode=osi&th=1&psc=1"><img src="https://m.media-amazon.com/images/I/41R-l5eAIuL._SL500_.jpg" alt="Product Image"></a><p>LEVOIT Core 300-P Air Purifier Replacement Filter, 3-In-1 Filter, Efficiency Activated Carbon, Core 300-RF, 1 Pack, White</p><p> -20% 0FF </p><p>$23.99</p><a href="https://www.amazon.com/dp/B07RSZSYNC?tag=eloabder-20&linkCode=osi&th=1&psc=1">View Product</a></div>
<div class="product"><a href="https://www.amazon.com/dp/B07T2TYPSB?tag=eloabder-20&linkCode=osi&th=1&psc=1"><img src="https://m.media-amazon.com/images/I/41ZBBLMHatL._SL500_.jpg" alt="Product Image"></a><p>Schneider Industries Micro Vacuum Attachment 7 Piece Kit</p><p> -37% 0FF </p><p>$8.87</p><a href="https://www.amazon.com/dp/B07T2TYPSB?tag=eloabder-20&linkCode=osi&th=1&psc=1">View Product</a></div><div class="product"><a href="https://www.amazon.com/dp/B000BSJCLY?tag=eloabder-20&linkCode=osi&th=1&psc=1"><img src="https://m.media-amazon.com/images/I/41AoF04bprL._SL500_.jpg" alt="Product Image"></a><p>Schneider Industries Micro Vacuum Attachment 7 Piece Kit, 0.5 Liters, Black</p><p> -27% 0FF </p><p>$9.95</p><a href="https://www.amazon.com/dp/B000BSJCLY?tag=eloabder-20&linkCode=osi&th=1&psc=1">View Product</a></div><div class="product"><a href="https://www.amazon.com/dp/B0CRN52G7Z?tag=eloabder-20&linkCode=osi&th=1&psc=1"><img src="https://m.media-amazon.com/images/I/41DuITrcwkL._SL500_.jpg" alt="Product Image"></a><p>KUIFORTI Ironing Board Covers Standard Size Cute Sewing Machine Pattern Ironing Board Covers with Padding Novelty Gifts for Tailor Seamstress Iron Board Cover Replacement</p><p> -19% 0FF </p><p>$12.99</p><a href="https://www.amazon.com/dp/B0CRN52G7Z?tag=eloabder-20&linkCode=osi&th=1&psc=1">View Product</a></div><div class="product"><a href="https://www.amazon.com/dp/B09LM5F3TM?tag=eloabder-20&linkCode=osi&th=1&psc=1"><img src="https://m.media-amazon.com/images/I/31V8xl2YzoL._SL500_.jpg" alt="Product Image"></a><p>JUKI A9838-090-0A0 JUKI Professional Sewing Machine Zipper Press</p><p> -5% 0FF </p><p>$9.48</p><a href="https://www.amazon.com/dp/B09LM5F3TM?tag=eloabder-20&linkCode=osi&th=1&psc=1">View Product</a></div>
<div class="product"><a href="https://www.amazon.com/dp/B0932K1LR7?tag=eloabder-20&linkCode=osi&th=1&psc=1"><img src="https://m.media-amazon.com/images/I/21feg31K-AS._SL500_.jpg" alt="Product Image"></a><p>LG Styler Steam Closet | Clothes Steamer for Garments and Household Item Care | Sanitize, Deodorize, Freshen & Dry with Steam Technology & Moving Hangers| Easy Install | Wi-Fi enabled| Mirror (S3MFBN)</p><p> -12% 0FF </p><p>$1,495.00</p><a href="https://www.amazon.com/dp/B0932K1LR7?tag=eloabder-20&linkCode=osi&th=1&psc=1">View Product</a></div><div class="product"><a href="https://www.amazon.com/dp/B0CDN1RB64?tag=eloabder-20&linkCode=osi&th=1&psc=1"><img src="https://m.media-amazon.com/images/I/31piNYNA75L._SL500_.jpg" alt="Product Image"></a><p>LG Styler Steam Closet with TrueSteam Technology and Exclusive Moving Hangers (S5WBC), Cream White</p><p> -32% 0FF </p><p>$1,298.00</p><a href="https://www.amazon.com/dp/B0CDN1RB64?tag=eloabder-20&linkCode=osi&th=1&psc=1">View Product</a></div><div class="product"><a href="https://www.amazon.com/dp/B0C55F8L9V?tag=eloabder-20&linkCode=osi&th=1&psc=1"><img src="https://m.media-amazon.com/images/I/31WVZxkPdLL._SL500_.jpg" alt="Product Image"></a><p>Garment Steamer Ironing Gloves and Garment hanger for steaming clothes,Steam rack for clothes,Handheld garment steamer rack,Clothes hanger for steam ironing</p><p> -10% 0FF </p><p>$26.99</p><a href="https://www.amazon.com/dp/B0C55F8L9V?tag=eloabder-20&linkCode=osi&th=1&psc=1">View Product</a></div>

<div class="product"><a href="https://www.amazon.com/dp/B0C2CJWJKJ?tag=eloabder-20&linkCode=osi&th=1&psc=1"><img src="https://m.media-amazon.com/images/I/51RVoLJhhmL._SL500_.jpg" alt="Product Image"></a><p>Metal Pasta Maker Attachment for KitchenAid Mixers -Kitchen aid Mixer Accessories Pasta Attachment 3-in-1 Includes Pasta Roller, Spaghetti Cutter, and Fettuccine Cutter</p><p> -11% 0FF </p><p>$79.99</p><a href="https://www.amazon.com/dp/B0C2CJWJKJ?tag=eloabder-20&linkCode=osi&th=1&psc=1">View Product</a></div><div class="product"><a href="https://www.amazon.com/dp/B01ENK4UV2?tag=eloabder-20&linkCode=osi&th=1&psc=1"><img src="https://m.media-amazon.com/images/I/314A-DNnPtL._SL500_.jpg" alt="Product Image"></a><p>KitchenAid KSMPEXTA Gourmet Pasta Press Attachment with 6 Interchangeable Pasta Plates, White</p><p> -23% 0FF </p><p>$169.99</p><a href="https://www.amazon.com/dp/B01ENK4UV2?tag=eloabder-20&linkCode=osi&th=1&psc=1">View Product</a></div><div class="product"><a href="https://www.amazon.com/dp/B0D41P1V2X?tag=eloabder-20&linkCode=osi&th=1&psc=1"><img src="https://m.media-amazon.com/images/I/41HVCvDVCtL._SL500_.jpg" alt="Product Image"></a><p>FavorKit Pasta Maker Attachment 3 in 1 Set Compatible for KitchenAid Mixers Plus Hub Knob Screw Accessory Included Pasta Sheet Roller, Spaghetti Cutter, Fettuccine Cutter and Cleaning Brush</p><p> -45% 0FF </p><p>$59.99</p><a href="https://www.amazon.com/dp/B0D41P1V2X?tag=eloabder-20&linkCode=osi&th=1&psc=1">View Product</a></div><div class="product"><a href="https://www.amazon.com/dp/B08LX43YVF?tag=eloabder-20&linkCode=osi&th=1&psc=1"><img src="https://m.media-amazon.com/images/I/311wopN+2tL._SL500_.jpg" alt="Product Image"></a><p>Cuisinart Bread, Pasta & Dough Maker Machine, White, PM-1</p><p> -28% 0FF </p><p>$143.99</p><a href="https://www.amazon.com/dp/B08LX43YVF?tag=eloabder-20&linkCode=osi&th=1&psc=1">View Product</a></div><div class="product"><a href="https://www.amazon.com/dp/B0DJMC1XJ8?tag=eloabder-20&linkCode=osi&th=1&psc=1"><img src="https://m.media-amazon.com/images/I/31xmE4brazL._SL500_.jpg" alt="Product Image"></a><p>Pasta Maker Attachment for KitchenAid Stand Mixers with 6 Different Shapes of Pasta Outlet, Durable Pasta Press Attachments</p><p> -44% 0FF </p><p>$49.99</p><a href="https://www.amazon.com/dp/B0DJMC1XJ8?tag=eloabder-20&linkCode=osi&th=1&psc=1">View Product</a></div>
<div class="product"><a href="https://www.amazon.com/dp/B0BQ9F56WV?tag=eloabder-20&linkCode=osi&th=1&psc=1"><img src="https://m.media-amazon.com/images/I/41B6Pr8rUVL._SL500_.jpg" alt="Product Image"></a><p>Anova Culinary Sous Vide Precision Cooker 3.0 (WiFi), 1100 Watts</p><p> -40% 0FF </p><p>$119.00</p><a href="https://www.amazon.com/dp/B0BQ9F56WV?tag=eloabder-20&linkCode=osi&th=1&psc=1">View Product</a></div><div class="product"><a href="https://www.amazon.com/dp/B09BJ5VGM4?tag=eloabder-20&linkCode=osi&th=1&psc=1"><img src="https://m.media-amazon.com/images/I/31lWAHFnoYL._SL500_.jpg" alt="Product Image"></a><p>Sous Vide Machines, Immersion Circulators, Precision Cooker, with Recipe,Temperature and Time Digital Display Control, 1000W</p><p> -17% 0FF </p><p>$49.77</p><a href="https://www.amazon.com/dp/B09BJ5VGM4?tag=eloabder-20&linkCode=osi&th=1&psc=1">View Product</a></div><div class="product"><a href="https://www.amazon.com/dp/B07RNWJZNR?tag=eloabder-20&linkCode=osi&th=1&psc=1"><img src="https://m.media-amazon.com/images/I/51RpzG8PCdL._SL500_.jpg" alt="Product Image"></a><p>Inkbird WIFI Sous Vide Machine ISV-100W, 1000 Watts Sous-Vide Cooker Immersion Circulator with 14 Preset Recipes on APP & Calibration Function, Thermal Immersion, Fast-Heating with Timer |Best Gift</p><p> -21% 0FF </p><p>$69.49</p><a href="https://www.amazon.com/dp/B07RNWJZNR?tag=eloabder-20&linkCode=osi&th=1&psc=1">View Product</a></div><div class="product"><a href="https://www.amazon.com/dp/B07QFC6LN6?tag=eloabder-20&linkCode=osi&th=1&psc=1"><img src="https://m.media-amazon.com/images/I/41XFRVF7U4L._SL500_.jpg" alt="Product Image"></a><p>Anova Culinary Sous Vide Precision Cooker Pro, 1200 Watts, Black and Silver</p><p> -42% 0FF </p><p>$231.50</p><a href="https://www.amazon.com/dp/B07QFC6LN6?tag=eloabder-20&linkCode=osi&th=1&psc=1">View Product</a></div><div class="product"><a href="https://www.amazon.com/dp/B0C384T4P2?tag=eloabder-20&linkCode=osi&th=1&psc=1"><img src="https://m.media-amazon.com/images/I/217eMQhOaUL._SL500_.jpg" alt="Product Image"></a><p>Breville the Joule Turbo Sous Vide Machine, Sous Vide Cooker, Immersion Circulator, BSV600PSS, Polished Stainless Steel</p><p> -20% 0FF </p><p>$199.99</p><a href="https://www.amazon.com/dp/B0C384T4P2?tag=eloabder-20&linkCode=osi&th=1&psc=1">View Product</a></div><div class="product"><a href="https://www.amazon.com/dp/B08S316BZ8?tag=eloabder-20&linkCode=osi&th=1&psc=1"><img src="https://m.media-amazon.com/images/I/419Nj871gPL._SL500_.jpg" alt="Product Image"></a><p>Greater Goods Kitchen Sous Vide Machine - Precision Cooker, Immersion Circulator, Brushless Motor, 1100 Watts (Onyx Black)</p><p> -23% 0FF </p><p>$99.99</p><a href="https://www.amazon.com/dp/B08S316BZ8?tag=eloabder-20&linkCode=osi&th=1&psc=1">View Product</a></div><div class="product"><a href="https://www.amazon.com/dp/B0BK12LRCM?tag=eloabder-20&linkCode=osi&th=1&psc=1"><img src="https://m.media-amazon.com/images/I/415kAnZQbQL._SL500_.jpg" alt="Product Image"></a><p>KitchenBoss WIFI Sous Vide Cooker: Ultra-Quiet Sous-vide Cooking Machine 1100 Watts Stainless Steel Immersion Circulator for Kitchen with TFT Preset Recipes, Black</p><p> -24% 0FF </p><p>$135.99</p><a href="https://www.amazon.com/dp/B0BK12LRCM?tag=eloabder-20&linkCode=osi&th=1&psc=1">View Product</a></div>
<div class="product"><a href="https://www.amazon.com/dp/B089DCC9JR?tag=eloabder-20&linkCode=osi&th=1&psc=1"><img src="https://m.media-amazon.com/images/I/413t3P7zaRL._SL500_.jpg" alt="Product Image"></a><p>Navaris Electric Plate Warmer - 10 Plate Blanket Heater Pockets for Warming Dinner Plates to 165 Degrees in 10 Minutes - Thin Folding Design - Black</p><p> -8% 0FF </p><p>$33.99</p><a href="https://www.amazon.com/dp/B089DCC9JR?tag=eloabder-20&linkCode=osi&th=1&psc=1">View Product</a></div>
<div class="product"><a href="https://www.amazon.com/dp/B0C1N9PFXT?tag=eloabder-20&linkCode=osi&th=1&psc=1"><img src="https://m.media-amazon.com/images/I/51iiV--e5wL._SL500_.jpg" alt="Product Image"></a><p>Christmas Stove Top Covers, Extra Large Stove Top Cover for Electric, Anti-Slip Waterproof Mat for Glass Stove Top Protector Heat Resistant Square Pad Multipurpose Foldable Cooktop Cover</p><p> -8% 0FF </p><p>$23.99</p><a href="https://www.amazon.com/dp/B0C1N9PFXT?tag=eloabder-20&linkCode=osi&th=1&psc=1">View Product</a></div>

<div class="product"><a href="https://www.amazon.com/dp/B0932ZV12J?tag=eloabder-20&linkCode=osi&th=1&psc=1"><img src="https://m.media-amazon.com/images/I/41qhisDRAIL._SL500_.jpg" alt="Product Image"></a><p>TP01 True HEPA Replacement Filter Compatible with Dyson Tower Purifier Pure Cool Link TP01, TP02, TP03, AM11, BP01 Models, Compare to Part 968126-03, 2 Pack</p><p> -15% 0FF </p><p>$27.95 ($13.98 / Count)</p><a href="https://www.amazon.com/dp/B0932ZV12J?tag=eloabder-20&linkCode=osi&th=1&psc=1">View Product</a></div><div class="product"><a href="https://www.amazon.com/dp/B0D6D5Q5L2?tag=eloabder-20&linkCode=osi&th=1&psc=1"><img src="https://m.media-amazon.com/images/I/21URyRtgElL._SL500_.jpg" alt="Product Image"></a><p>Lasko Filter Replacement 3 Pack for DST100 Pinnacle Tower Fan, Plant-Based Filters, Remove Hair, Dust, VOCs and Odors from Home, Black, 21”, CXF42</p><p> -9% 0FF </p><p>$13.57 ($4.52 / Count)</p><a href="https://www.amazon.com/dp/B0D6D5Q5L2?tag=eloabder-20&linkCode=osi&th=1&psc=1">View Product</a></div><div class="product"><a href="https://www.amazon.com/dp/B0C16KXRNH?tag=eloabder-20&linkCode=osi&th=1&psc=1"><img src="https://m.media-amazon.com/images/I/41WJFefZ4ZL._SL500_.jpg" alt="Product Image"></a><p>Amalfy 2 Pack of 360° Glass HEPA Filter Replacement Compatible with Dyson Pure Cool Link TP01/TP02 Purifying Tower Fan, Dyson Pure Cool Me BP01 Personal Purifying Fan</p><p> -7% 0FF </p><p>$26.88 ($13.44 / Count)</p><a href="https://www.amazon.com/dp/B0C16KXRNH?tag=eloabder-20&linkCode=osi&th=1&psc=1">View Product</a></div><div class="product"><a href="https://www.amazon.com/dp/B0BR59XXWM?tag=eloabder-20&linkCode=osi&th=1&psc=1"><img src="https://m.media-amazon.com/images/I/41tUzZA5emL._SL500_.jpg" alt="Product Image"></a><p>Netezza TP01 HEPA Filter for Dyson,Replacement Filter for Dyson Tower Purifier Pure Cool Link TP01, TP02, TP03, AM11, BP01 Tower Air Purifier, Compare to Part 968126-03,2 Pack</p><p> -20% 0FF </p><p>$21.99 ($11.00 / Count)</p><a href="https://www.amazon.com/dp/B0BR59XXWM?tag=eloabder-20&linkCode=osi&th=1&psc=1">View Product</a></div>
<div class="product"><a href="https://www.amazon.com/dp/B07NQ7SX96?tag=eloabder-20&linkCode=osi&th=1&psc=1"><img src="https://m.media-amazon.com/images/I/31Mp+dZaF4L._SL500_.jpg" alt="Product Image"></a><p>Lutron Pico Smart Remote for Caseta Smart Fan Speed Control, PJ2-3BRL-GIV-F01, Ivory</p><p> -25% 0FF </p><p>$25.45</p><a href="https://www.amazon.com/dp/B07NQ7SX96?tag=eloabder-20&linkCode=osi&th=1&psc=1">View Product</a></div>
<div class="product"><a href="https://www.amazon.com/dp/B08G1MTK16?tag=eloabder-20&linkCode=osi&th=1&psc=1"><img src="https://m.media-amazon.com/images/I/41SAcC6OyGL._SL500_.jpg" alt="Product Image"></a><p>Dotlite Bronze Ceiling Fan Pull Chain Set, Decorative Fan Pull Chain Pendant Extension, 12 Inches Lighting & Fan Beaded Ball Chain Extender with Connector (2 Pack)</p><p> -30% 0FF </p><p>$6.99 ($3.50 / Count)</p><a href="https://www.amazon.com/dp/B08G1MTK16?tag=eloabder-20&linkCode=osi&th=1&psc=1">View Product</a></div>
<div class="product"><a href="https://www.amazon.com/dp/B0924J3XJ5?tag=eloabder-20&linkCode=osi&th=1&psc=1"><img src="https://m.media-amazon.com/images/I/21TiicLaafL._SL500_.jpg" alt="Product Image"></a><p>Comfee' CVU30W2AST 30 Inch Ducted Ductless Vent Durable Stainless Steel Kitchen Reusable Filter, 200 CFM, 2 Speed Exhaust Fan Under Cabinet Range Hood</p><p> -22% 0FF </p><p>$69.99</p><a href="https://www.amazon.com/dp/B0924J3XJ5?tag=eloabder-20&linkCode=osi&th=1&psc=1">View Product</a></div><div class="product"><a href="https://www.amazon.com/dp/B00QW2CUGC?tag=eloabder-20&linkCode=osi&th=1&psc=1"><img src="https://m.media-amazon.com/images/I/51evCHlA3yL._SL500_.jpg" alt="Product Image"></a><p>Broan-NuTone S97012026 Fan</p><p> -32% 0FF </p><p>$33.99</p><a href="https://www.amazon.com/dp/B00QW2CUGC?tag=eloabder-20&linkCode=osi&th=1&psc=1">View Product</a></div><div class="product"><a href="https://www.amazon.com/dp/B09JZZJ2Y1?tag=eloabder-20&linkCode=osi&th=1&psc=1"><img src="https://m.media-amazon.com/images/I/41fdKM9nvxL._SL500_.jpg" alt="Product Image"></a><p>Broan-NuTone PM300SS Custom Power Pack Range Hood Insert with 2-Speed Exhaust Fan and Light, 300 Max Blower CFM, Stainless Steel, 21-Inch Built</p><p> -7% 0FF </p><p>$203.10</p><a href="https://www.amazon.com/dp/B09JZZJ2Y1?tag=eloabder-20&linkCode=osi&th=1&psc=1">View Product</a></div><div class="product"><a href="https://www.amazon.com/dp/B000KKO6E6?tag=eloabder-20&linkCode=osi&th=1&psc=1"><img src="https://m.media-amazon.com/images/I/31t4veALoUL._SL500_.jpg" alt="Product Image"></a><p>Broan-NuTone F403623 Exhaust Fan for Under Cabinet Two-Speed Four-Way Range Hood, 36-Inch, Black</p><p> -15% 0FF </p><p>$79.54</p><a href="https://www.amazon.com/dp/B000KKO6E6?tag=eloabder-20&linkCode=osi&th=1&psc=1">View Product</a></div>
<div class="product"><a href="https://www.amazon.com/dp/B07FDJMC9Q?tag=eloabder-20&linkCode=osi&th=1&psc=1"><img src="https://m.media-amazon.com/images/I/31MBSKiZOPL._SL500_.jpg" alt="Product Image"></a><p>Ninja Air Fryer, Roast, Bake, Air Fry, Roast, Broil, Reheats, & Dehydrates, 4-in-1, Fries, Frozen Food, Veggies, and Juicy Meat, Less Oil, Easy Meals, Healthy Meals, Compact, 4 QT, Grey, AF101</p><p> -11% 0FF </p><p>$79.99</p><a href="https://www.amazon.com/dp/B07FDJMC9Q?tag=eloabder-20&linkCode=osi&th=1&psc=1">View Product</a></div><div class="product"><a href="https://www.amazon.com/dp/B0B15Q3HCQ?tag=eloabder-20&linkCode=osi&th=1&psc=1"><img src="https://m.media-amazon.com/images/I/41iJ87aPT8L._SL500_.jpg" alt="Product Image"></a><p>Ninja Air Fryer, Thermometer, Roast, Bake, Air Fry, Crisps, Broil, Reheats, Keep Warm, 10-in-1, Fries, Frozen Food, Veggies, and Meat, Quick Meals, Healthy Meals, Less Oil, 10 QT, Grey, DZ550​</p><p> -18% 0FF </p><p>$204.78</p><a href="https://www.amazon.com/dp/B0B15Q3HCQ?tag=eloabder-20&linkCode=osi&th=1&psc=1">View Product</a></div><div class="product"><a href="https://www.amazon.com/dp/B0BDFRZX3F?tag=eloabder-20&linkCode=osi&th=1&psc=1"><img src="https://m.media-amazon.com/images/I/41pyLTPPKOL._SL500_.jpg" alt="Product Image"></a><p>COSORI 2.1Qt Air Fryer, Small 4-in-1 Air Fryer Perfect for Simple Meals and Snack, Easy to Leftover Food to Crispy, 97% Less Oil, 30 In-App Recipes, Nonstick & Dishwasher Safe Basket</p><p> -17% 0FF </p><p>$49.99</p><a href="https://www.amazon.com/dp/B0BDFRZX3F?tag=eloabder-20&linkCode=osi&th=1&psc=1">View Product</a></div><div class="product"><a href="https://www.amazon.com/dp/B0936FGLQS?tag=eloabder-20&linkCode=osi&th=1&psc=1"><img src="https://m.media-amazon.com/images/I/41TKOcGeZzL._SL500_.jpg" alt="Product Image"></a><p>COSORI Air Fryer 9-in-1, Compact 5-Qt, Perect for Meat Enthusiasts with 450°F Max Heat Function , 130+ In-App Recipes, Little to No Oil, Easy Clean Glass Touch Panel & Nonstick Basket, Gray</p><p> -20% 0FF </p><p>$79.94</p><a href="https://www.amazon.com/dp/B0936FGLQS?tag=eloabder-20&linkCode=osi&th=1&psc=1">View Product</a></div><div class="product"><a href="https://www.amazon.com/dp/B0CGRYRBL7?tag=eloabder-20&linkCode=osi&th=1&psc=1"><img src="https://m.media-amazon.com/images/I/41jspc2TDCL._SL500_.jpg" alt="Product Image"></a><p>West Bend Compact Air Fryer 5-Quart Capacity with Digital Controls and 10 Cooking Presets, Nonstick Frying Basket, 1500-Watts, Black</p><p> -21% 0FF </p><p>$47.29</p><a href="https://www.amazon.com/dp/B0CGRYRBL7?tag=eloabder-20&linkCode=osi&th=1&psc=1">View Product</a></div><div class="product"><a href="https://www.amazon.com/dp/B08DKYBTPH?tag=eloabder-20&linkCode=osi&th=1&psc=1"><img src="https://m.media-amazon.com/images/I/51PO1kLlN6L._SL500_.jpg" alt="Product Image"></a><p>Chefman TurboFry® Touch Air Fryer, XL 8-Qt Family Size, One-Touch Digital Control Presets, French Fries, Chicken, Meat, Fish, Nonstick Dishwasher-Safe Parts, Automatic Shutoff, Stainless Steel</p><p> -29% 0FF </p><p>$84.98</p><a href="https://www.amazon.com/dp/B08DKYBTPH?tag=eloabder-20&linkCode=osi&th=1&psc=1">View Product</a></div>
<div class="product"><a href="https://www.amazon.com/dp/B000EX16RY?tag=eloabder-20&linkCode=osi&th=1&psc=1"><img src="https://m.media-amazon.com/images/I/41LqsX6dEML._SL500_.jpg" alt="Product Image"></a><p>Euro Cuisine YM80 Electric Yogurt Maker Machine- Promote Gut Health with Probiotic Rich Homemade Yogurt -Home Yogurt Incubator with Glass Jars, White</p><p> -40% 0FF </p><p>$29.99</p><a href="https://www.amazon.com/dp/B000EX16RY?tag=eloabder-20&linkCode=osi&th=1&psc=1">View Product</a></div><div class="product"><a href="https://www.amazon.com/dp/B085XS69L5?tag=eloabder-20&linkCode=osi&th=1&psc=1"><img src="https://m.media-amazon.com/images/I/41JEca97hnL._SL500_.jpg" alt="Product Image"></a><p>Bear Yogurt Maker, Greek Yogurt Maker Machine with Strainer and Timer Control, Stainless Steel Inner Pot, Automatic Digital with 2 Glass Jars 1 Quart for Home Organic Yogurt, Cheese, Fruit Wine</p><p> -19% 0FF </p><p>$64.99</p><a href="https://www.amazon.com/dp/B085XS69L5?tag=eloabder-20&linkCode=osi&th=1&psc=1">View Product</a></div><div class="product"><a href="https://www.amazon.com/dp/B09MP8BK8P?tag=eloabder-20&linkCode=osi&th=1&psc=1"><img src="https://m.media-amazon.com/images/I/41ORh3ZvMrL._SL500_.jpg" alt="Product Image"></a><p>JoyMech Yogurt Maker, Compact Greek Yogurt Maker Machine with Constant Temperature Control, Stainless Steel Container, 1 Quart for Home Organic Yogurt</p><p> -25% 0FF </p><p>$29.99</p><a href="https://www.amazon.com/dp/B09MP8BK8P?tag=eloabder-20&linkCode=osi&th=1&psc=1">View Product</a></div>
<div class="product"><a href="https://www.amazon.com/dp/B0BXSKHL8D?tag=eloabder-20&linkCode=osi&th=1&psc=1"><img src="https://m.media-amazon.com/images/I/419rzQjVpiL._SL500_.jpg" alt="Product Image"></a><p>Mesliese Vacuum Sealer Machine Powerful 90Kpa Precision 6-in-1 Compact Food Preservation System with Cutter, 2 Bag Rolls & 5 Pre-cut Bags, Widened 12mm Sealing Strip, Dry&Moist Modes (Silver)</p><p> -42% 0FF </p><p>$69.99</p><a href="https://www.amazon.com/dp/B0BXSKHL8D?tag=eloabder-20&linkCode=osi&th=1&psc=1">View Product</a></div><div class="product"><a href="https://www.amazon.com/dp/B08BRN1B7Q?tag=eloabder-20&linkCode=osi&th=1&psc=1"><img src="https://m.media-amazon.com/images/I/41B5yUrv3IL._SL500_.jpg" alt="Product Image"></a><p>POTANE Precision Vacuum Sealer Machine, Powerful Pro Vacuum Food Sealer, 8-in-1 Easy Presets, 4 Food Modes, Dry&Moist&Soft&Delicate with Starter Kit, Compact Design(Silver)</p><p> -29% 0FF </p><p>$84.98</p><a href="https://www.amazon.com/dp/B08BRN1B7Q?tag=eloabder-20&linkCode=osi&th=1&psc=1">View Product</a></div><div class="product"><a href="https://www.amazon.com/dp/B0CW2G9W1T?tag=eloabder-20&linkCode=osi&th=1&psc=1"><img src="https://m.media-amazon.com/images/I/51IAX5BLMkL._SL500_.jpg" alt="Product Image"></a><p>Bonsenkitchen Vacuum Sealer Machine, Fast-Compact Food Sealer, Multi-Functional Food Vacuum Sealer with 5 Vacuum Bags & Accessory Hose, Globefish Technology for High-Speed Continuous Working, Silver</p><p> -40% 0FF </p><p>$29.99</p><a href="https://www.amazon.com/dp/B0CW2G9W1T?tag=eloabder-20&linkCode=osi&th=1&psc=1">View Product</a></div><div class="product"><a href="https://www.amazon.com/dp/B0D8BB83Y1?tag=eloabder-20&linkCode=osi&th=1&psc=1"><img src="https://m.media-amazon.com/images/I/41pEdOT1LVL._SL500_.jpg" alt="Product Image"></a><p>Mesliese Vacuum Sealer Machine, 85kPa 120W Automatic Food Sealer, Powerful Sealing System, Build-in Cutter | Bags Storage | Moist Mode and Air Suction Hose | 2 Bag Rolls and 5pcs Pre-cut Bags</p><p> -23% 0FF </p><p>$99.99</p><a href="https://www.amazon.com/dp/B0D8BB83Y1?tag=eloabder-20&linkCode=osi&th=1&psc=1">View Product</a></div><div class="product"><a href="https://www.amazon.com/dp/B07B4W5PMB?tag=eloabder-20&linkCode=osi&th=1&psc=1"><img src="https://m.media-amazon.com/images/I/41c7aLA6wtL._SL500_.jpg" alt="Product Image"></a><p>GERYON Vacuum Sealer, Vacuum Sealer Machine for Food Storage with Sealer Bags & Roll, Automatic Food Sealer for Sous Vide, Compact Design, LED Lights, Easy to Clean, Dry & Moist Modes (Silver)</p><p> -15% 0FF </p><p>$35.70</p><a href="https://www.amazon.com/dp/B07B4W5PMB?tag=eloabder-20&linkCode=osi&th=1&psc=1">View Product</a></div><div class="product"><a href="https://www.amazon.com/dp/B01KCK9W1K?tag=eloabder-20&linkCode=osi&th=1&psc=1"><img src="https://m.media-amazon.com/images/I/41imUh6Fx+L._SL500_.jpg" alt="Product Image"></a><p>Nesco Deluxe Food VS-12 Vacuum Sealer, 130 Watts, Kit Bags & Viewing Lid, Compact, Silver</p><p> -18% 0FF </p><p>$114.69 ($114.69 / count)</p><a href="https://www.amazon.com/dp/B01KCK9W1K?tag=eloabder-20&linkCode=osi&th=1&psc=1">View Product</a></div><div class="product"><a href="https://www.amazon.com/dp/B08XJW5LHG?tag=eloabder-20&linkCode=osi&th=1&psc=1"><img src="https://m.media-amazon.com/images/I/51XpZ5cHWqL._SL500_.jpg" alt="Product Image"></a><p>2023 Updated Vacuum Sealer Machine, MEGAWISE Food Sealer w/Starter Kit, Dry & Moist Food Modes, Compact Design with 10 Vacuum Bags & Bulit-in Cutter(Grey)</p><p> -24% 0FF </p><p>$25.10</p><a href="https://www.amazon.com/dp/B08XJW5LHG?tag=eloabder-20&linkCode=osi&th=1&psc=1">View Product</a></div><div class="product"><a href="https://www.amazon.com/dp/B0DF7F9QNG?tag=eloabder-20&linkCode=osi&th=1&psc=1"><img src="https://m.media-amazon.com/images/I/51W8Bchue6L._SL500_.jpg" alt="Product Image"></a><p>BEYUAM Vacuum Sealer Machine: Upgraded 5 in1 Food Vacuum Sealer with Dry&Moist Modes, LED Indicator Lights, Compact Design, Includes 15PCS Vacuum Seal Bags,1 Air Suction Hose, 1Cutter</p><p> -30% 0FF </p><p>$20.99</p><a href="https://www.amazon.com/dp/B0DF7F9QNG?tag=eloabder-20&linkCode=osi&th=1&psc=1">View Product</a></div>
<div class="product"><a href="https://www.amazon.com/dp/B01AKTFK6Y?tag=eloabder-20&linkCode=osi&th=1&psc=1"><img src="https://m.media-amazon.com/images/I/31ayy5SDEeL._SL500_.jpg" alt="Product Image"></a><p>Avalon Bottom Loading Water Cooler Water Dispenser with BioGuard- 3 Temperature Settings - Hot, Cold & Room Water, Durable Stainless Steel Construction, Anti-Microbial Coating- UL Listed</p><p> -11% 0FF </p><p>$177.05</p><a href="https://www.amazon.com/dp/B01AKTFK6Y?tag=eloabder-20&linkCode=osi&th=1&psc=1">View Product</a></div><div class="product"><a href="https://www.amazon.com/dp/B06XJ86F7L?tag=eloabder-20&linkCode=osi&th=1&psc=1"><img src="https://m.media-amazon.com/images/I/41ZROGKK8KL._SL500_.jpg" alt="Product Image"></a><p>Avalon Self Cleaning Bottleless Water Cooler Water Dispenser - 3 Temperature Settings - Hot, Cold & Room Water, Durable Stainless Steel Cabinet, NSF Certified Filter- UL Listed</p><p> -33% 0FF </p><p>$199.99</p><a href="https://www.amazon.com/dp/B06XJ86F7L?tag=eloabder-20&linkCode=osi&th=1&psc=1">View Product</a></div><div class="product"><a href="https://www.amazon.com/dp/B01J1W7S34?tag=eloabder-20&linkCode=osi&th=1&psc=1"><img src="https://m.media-amazon.com/images/I/31-F2Hf3T3L._SL500_.jpg" alt="Product Image"></a><p>Avalon Limited Edition Self Cleaning Water Cooler Water Dispenser - 3 Temperature Settings - Hot, Cold & Room Water, Durable Stainless Steel Construction, Bottom Loading - UL Listed</p><p> -50% 0FF </p><p>$150.00</p><a href="https://www.amazon.com/dp/B01J1W7S34?tag=eloabder-20&linkCode=osi&th=1&psc=1">View Product</a></div><div class="product"><a href="https://www.amazon.com/dp/B0DK1BRVFH?tag=eloabder-20&linkCode=osi&th=1&psc=1"><img src="https://m.media-amazon.com/images/I/213Scb+FXHL._SL500_.jpg" alt="Product Image"></a><p>Tehanld Top Loading Water Cooler Dispenser Hot Cold & Cool Water Dispenser for 3 or 5 Gallon Bottles, Child Safety Lock, Simple Quite Design, Ideal for Home, Office, Living Room</p><p> -6% 0FF </p><p>$119.99</p><a href="https://www.amazon.com/dp/B0DK1BRVFH?tag=eloabder-20&linkCode=osi&th=1&psc=1">View Product</a></div>
<div class="product"><a href="https://www.amazon.com/dp/B0786TJC33?tag=eloabder-20&linkCode=osi&th=1&psc=1"><img src="https://m.media-amazon.com/images/I/41frLdkbpPL._SL500_.jpg" alt="Product Image"></a><p>hOmeLabs Beverage Refrigerator and Cooler - 120 Can Mini Fridge with Glass Door for Soda Beer or Wine - Small Drink Dispenser Machine for Office or Bar with Adjustable Removable Shelves</p><p> -14% 0FF </p><p>$299.99</p><a href="https://www.amazon.com/dp/B0786TJC33?tag=eloabder-20&linkCode=osi&th=1&psc=1">View Product</a></div><div class="product"><a href="https://www.amazon.com/dp/B07F9PH82Z?tag=eloabder-20&linkCode=osi&th=1&psc=1"><img src="https://m.media-amazon.com/images/I/41DBsObCijL._SL500_.jpg" alt="Product Image"></a><p>Antarctic Star 26 Bottle 130 Can Wine Cooler/Cabinet Beverage Refrigerator Mini Wine Cellar Beer Soda Clear Glass Door Bar Fridge Quiet Compressor Adjust Temp Freestanding Indoor Use 3.2cu.ft Black</p><p> -7% 0FF </p><p>$249.98</p><a href="https://www.amazon.com/dp/B07F9PH82Z?tag=eloabder-20&linkCode=osi&th=1&psc=1">View Product</a></div><div class="product"><a href="https://www.amazon.com/dp/B0C1S3RB9Q?tag=eloabder-20&linkCode=osi&th=1&psc=1"><img src="https://m.media-amazon.com/images/I/519o+StfLML._SL500_.jpg" alt="Product Image"></a><p>Antarctic Star Beverage Refrigerator Cooler 68 Can, Mini Fridge with Glass Door for Beer Drinks Wine,Freestanding Small Fridge with Electronic Temperature Control for Home and Bar,1.7 cu.ft</p><p> -10% 0FF </p><p>$152.99</p><a href="https://www.amazon.com/dp/B0C1S3RB9Q?tag=eloabder-20&linkCode=osi&th=1&psc=1">View Product</a></div>
<div class="product"><a href="https://www.amazon.com/dp/B0864P1L3Y?tag=eloabder-20&linkCode=osi&th=1&psc=1"><img src="https://m.media-amazon.com/images/I/41YjtUvRvIL._SL500_.jpg" alt="Product Image"></a><p>Ivation 18 Bottle Compressor Wine Cooler Refrigerator w/Lock, Large Freestanding Wine Cellar For Red, White, Champagne or Sparkling Wine, 41f-64f Digital Temperature Control Fridge Glass Door Black</p><p> -32% 0FF </p><p>$224.99</p><a href="https://www.amazon.com/dp/B0864P1L3Y?tag=eloabder-20&linkCode=osi&th=1&psc=1">View Product</a></div><div class="product"><a href="https://www.amazon.com/dp/B0C2F2JY88?tag=eloabder-20&linkCode=osi&th=1&psc=1"><img src="https://m.media-amazon.com/images/I/41CVJtUWA9L._SL500_.jpg" alt="Product Image"></a><p>DUURA Elite DE430WCDZSS Wine Cooler Designer Series Dual-Zone, 46-Bottle, Metallic</p><p> -10% 0FF </p><p>$262.81</p><a href="https://www.amazon.com/dp/B0C2F2JY88?tag=eloabder-20&linkCode=osi&th=1&psc=1">View Product</a></div>
<div class="product"><a href="https://www.amazon.com/dp/B0C4NH7Q1Z?tag=eloabder-20&linkCode=osi&th=1&psc=1"><img src="https://m.media-amazon.com/images/I/41huzzh73qL._SL500_.jpg" alt="Product Image"></a><p>VEVOR Beer Kegerator, Single Tap Draft Beer Dispenser, Full Size Keg Refrigerator With Shelves, CO2 Cylinder, Drip Tray & Rail, 32°F- 50°F Temperature Control, Holds 1/6, 1/4, 1/2 Barrels, Black</p><p> -14% 0FF </p><p>$528.27</p><a href="https://www.amazon.com/dp/B0C4NH7Q1Z?tag=eloabder-20&linkCode=osi&th=1&psc=1">View Product</a></div><div class="product"><a href="https://www.amazon.com/dp/B0170O0D82?tag=eloabder-20&linkCode=osi&th=1&psc=1"><img src="https://m.media-amazon.com/images/I/31niLclMC1L._SL500_.jpg" alt="Product Image"></a><p>EdgeStar KC2000TWIN Full Size Dual Tap Kegerator & Draft Beer Dispenser - Black</p><p> -7% 0FF </p><p>$719.00</p><a href="https://www.amazon.com/dp/B0170O0D82?tag=eloabder-20&linkCode=osi&th=1&psc=1">View Product</a></div><div class="product"><a href="https://www.amazon.com/dp/B00E7N4CXM?tag=eloabder-20&linkCode=osi&th=1&psc=1"><img src="https://m.media-amazon.com/images/I/31tI6VySYqL._SL500_.jpg" alt="Product Image"></a><p>Kegco K309B-1 Kegerator Black, 2 Faucet</p><p> -9% 0FF </p><p>$828.14</p><a href="https://www.amazon.com/dp/B00E7N4CXM?tag=eloabder-20&linkCode=osi&th=1&psc=1">View Product</a></div><div class="product"><a href="https://www.amazon.com/dp/B00E93XXZ8?tag=eloabder-20&linkCode=osi&th=1&psc=1"><img src="https://m.media-amazon.com/images/I/31K6I3DKW6L._SL500_.jpg" alt="Product Image"></a><p>Kegco K309SS-1 Keg Dispenser, Stainless Steel</p><p> -5% 0FF </p><p>$845.33</p><a href="https://www.amazon.com/dp/B00E93XXZ8?tag=eloabder-20&linkCode=osi&th=1&psc=1">View Product</a></div>
<div class="product"><a href="https://www.amazon.com/dp/B0D78LGPXY?tag=eloabder-20&linkCode=osi&th=1&psc=1"><img src="https://m.media-amazon.com/images/I/41bekd23sDL._SL500_.jpg" alt="Product Image"></a><p>ikare Manual Trash Compactor for 60-100L Bins, Trash Compactor for Kitchen, Portable Small Trash Compactor, Waste Bin Compactor for Fast Food Restaurant</p><p> -34% 0FF </p><p>$38.99</p><a href="https://www.amazon.com/dp/B0D78LGPXY?tag=eloabder-20&linkCode=osi&th=1&psc=1">View Product</a></div><div class="product"><a href="https://www.amazon.com/dp/B075DJ4ZVQ?tag=eloabder-20&linkCode=osi&th=1&psc=1"><img src="https://m.media-amazon.com/images/I/51Vaek4I89L._SL500_.jpg" alt="Product Image"></a><p>Dano Pre-Cuffed Compactor Bags</p><p> -18% 0FF </p><p>$32.95 ($2.75 / Count)</p><a href="https://www.amazon.com/dp/B075DJ4ZVQ?tag=eloabder-20&linkCode=osi&th=1&psc=1">View Product</a></div>
<div class="product"><a href="https://www.amazon.com/dp/B07HJS45XQ?tag=eloabder-20&linkCode=osi&th=1&psc=1"><img src="https://m.media-amazon.com/images/I/31NTMREf9kL._SL500_.jpg" alt="Product Image"></a><p>iRobot Authentic Replacement Parts - 3 Count (Pack of 1) Dirt Disposal Bags Compatible with Roomba Clean Base Models i1+, i3+, i4+, i5+, i7+, i8+, Combo j8+, j9+</p><p> -15% 0FF </p><p>$14.43 ($4.81 / Count)</p><a href="https://www.amazon.com/dp/B07HJS45XQ?tag=eloabder-20&linkCode=osi&th=1&psc=1">View Product</a></div><div class="product"><a href="https://www.amazon.com/dp/B09CV3QGF2?tag=eloabder-20&linkCode=osi&th=1&psc=1"><img src="https://m.media-amazon.com/images/I/31VQqEzbeJL._SL500_.jpg" alt="Product Image"></a><p>iRobot Authentic Replacement Parts - Replenishment Kit for Roomba e, i, and j Series and Roomba Combo i5 and j5 Series, Not Compatible with Roomba Combo j7+ or Roomba Combo j9+</p><p> -51% 0FF </p><p>$31.57</p><a href="https://www.amazon.com/dp/B09CV3QGF2?tag=eloabder-20&linkCode=osi&th=1&psc=1">View Product</a></div><div class="product"><a href="https://www.amazon.com/dp/B07C4SGM54?tag=eloabder-20&linkCode=osi&th=1&psc=1"><img src="https://m.media-amazon.com/images/I/41ZWLocYKkL._SL500_.jpg" alt="Product Image"></a><p>iRobot 4502233 Robot Vacuum, Black</p><p> -6% 0FF </p><p>$84.50</p><a href="https://www.amazon.com/dp/B07C4SGM54?tag=eloabder-20&linkCode=osi&th=1&psc=1">View Product</a></div>
<div class="product"><a href="https://www.amazon.com/dp/B01NHEU1DJ?tag=eloabder-20&linkCode=osi&th=1&psc=1"><img src="https://m.media-amazon.com/images/I/21CK7T8v9HS._SL500_.jpg" alt="Product Image"></a><p>BLACK+DECKER HFS115J10 Lithium Floor Sweeper 50 Min Lithium Floor Sweeper, Powder White</p><p> -30% 0FF </p><p>$34.81</p><a href="https://www.amazon.com/dp/B01NHEU1DJ?tag=eloabder-20&linkCode=osi&th=1&psc=1">View Product</a></div>
<div class="product"><a href="https://www.amazon.com/dp/B088M3G7QH?tag=eloabder-20&linkCode=osi&th=1&psc=1"><img src="https://m.media-amazon.com/images/I/41qSwWLksEL._SL500_.jpg" alt="Product Image"></a><p>Yocada Carpet Sweeper Cleaner for Home Office Low Carpets Rugs Undercoat Carpets Pet Hair Dust Scraps Paper Small Rubbish Cleaning with a Brush Green</p><p> -13% 0FF </p><p>$25.99</p><a href="https://www.amazon.com/dp/B088M3G7QH?tag=eloabder-20&linkCode=osi&th=1&psc=1">View Product</a></div><div class="product"><a href="https://www.amazon.com/dp/B087M125SV?tag=eloabder-20&linkCode=osi&th=1&psc=1"><img src="https://m.media-amazon.com/images/I/31FnLu2oAAL._SL500_.jpg" alt="Product Image"></a><p>JEHONN Carpet Floor Sweeper with Horsehair, Non Electric Manual Sweeping, Rotor Brush Heavy Duty for Pet Hair Clean</p><p> -22% 0FF </p><p>$24.99</p><a href="https://www.amazon.com/dp/B087M125SV?tag=eloabder-20&linkCode=osi&th=1&psc=1">View Product</a></div><div class="product"><a href="https://www.amazon.com/dp/B07HGWZ7LG?tag=eloabder-20&linkCode=osi&th=1&psc=1"><img src="https://m.media-amazon.com/images/I/31-FhS9ID4L._SL500_.jpg" alt="Product Image"></a><p>Dttery 3 Post + 3 Foam & Felt Filters Kit Replacement for Shark Rocket Ultra-Light Vacuum HV292, HV300, HV300W, HV301, HV302, HV303, HV305, HV308, HV310, UV450 Part XFFV300</p><p> -25% 0FF </p><p>$11.97 ($3.99 / Count)</p><a href="https://www.amazon.com/dp/B07HGWZ7LG?tag=eloabder-20&linkCode=osi&th=1&psc=1">View Product</a></div>
<div class="product"><a href="https://www.amazon.com/dp/B004FJTMO2?tag=eloabder-20&linkCode=osi&th=1&psc=1"><img src="https://m.media-amazon.com/images/I/41Y9YbOYswL._SL500_.jpg" alt="Product Image"></a><p>Collections Etc Grandma Upright Vacuum Cleaner Cover</p><p> -9% 0FF </p><p>$29.98</p><a href="https://www.amazon.com/dp/B004FJTMO2?tag=eloabder-20&linkCode=osi&th=1&psc=1">View Product</a></div><div class="product"><a href="https://www.amazon.com/dp/B00Q40F0S2?tag=eloabder-20&linkCode=osi&th=1&psc=1"><img src="https://m.media-amazon.com/images/I/41T1H0EditL._SL500_.jpg" alt="Product Image"></a><p>Kenmore 53294 6 Pack Type O HEPA Vacuum Bags for Upright Vacuums</p><p> -7% 0FF </p><p>$16.70 ($2.78 / Count)</p><a href="https://www.amazon.com/dp/B00Q40F0S2?tag=eloabder-20&linkCode=osi&th=1&psc=1">View Product</a></div><div class="product"><a href="https://www.amazon.com/dp/B00002N8DH?tag=eloabder-20&linkCode=osi&th=1&psc=1"><img src="https://m.media-amazon.com/images/I/31z6U7Xz5OL._SL500_.jpg" alt="Product Image"></a><p>Hoover Type Y Allergen Bags, for WindTunnel Vacuum Cleaners, 3-Pack, 4010100Y, White</p><p> -20% 0FF </p><p>$7.98 ($2.66 / Count)</p><a href="https://www.amazon.com/dp/B00002N8DH?tag=eloabder-20&linkCode=osi&th=1&psc=1">View Product</a></div>
<div class="product"><a href="https://www.amazon.com/dp/B0CXJ2LJP6?tag=eloabder-20&linkCode=osi&th=1&psc=1"><img src="https://m.media-amazon.com/images/I/41zVdymV5NL._SL500_.jpg" alt="Product Image"></a><p>5055 Vacuum Bags Replacement Fit for Kenmore Canister Type C/Q 50555 50558 50557 and Type C-5 C-18,16 Pack</p><p> -11% 0FF </p><p>$13.29</p><a href="https://www.amazon.com/dp/B0CXJ2LJP6?tag=eloabder-20&linkCode=osi&th=1&psc=1">View Product</a></div><div class="product"><a href="https://www.amazon.com/dp/B002BFSK6I?tag=eloabder-20&linkCode=osi&th=1&psc=1"><img src="https://m.media-amazon.com/images/I/41Z3T53G+sL._SL500_.jpg" alt="Product Image"></a><p>Vacuum Bare Surface Canister Floor Brush, Compatible with Kenmore</p><p> -55% 0FF </p><p>$8.99</p><a href="https://www.amazon.com/dp/B002BFSK6I?tag=eloabder-20&linkCode=osi&th=1&psc=1">View Product</a></div><div class="product"><a href="https://www.amazon.com/dp/B00TNDC09E?tag=eloabder-20&linkCode=osi&th=1&psc=1"><img src="https://m.media-amazon.com/images/I/41lChTXA+XL._SL500_.jpg" alt="Product Image"></a><p>Other 50104 Kenmore Vacuum Bag, Type C and Q, 8-Pack Genuine Original Equipment Manufacturer (OEM) Part</p><p> -14% 0FF </p><p>$12.67 ($1.58 / Count)</p><a href="https://www.amazon.com/dp/B00TNDC09E?tag=eloabder-20&linkCode=osi&th=1&psc=1">View Product</a></div><div class="product"><a href="https://www.amazon.com/dp/B00QGD3SBI?tag=eloabder-20&linkCode=osi&th=1&psc=1"><img src="https://m.media-amazon.com/images/I/51xw0asyqTL._SL500_.jpg" alt="Product Image"></a><p>EnviroCare Replacement Vacuum Bags made to fit Kenmore Canister Type C or Q 50555, 50558, 50557 and Panasonic Type C-5 Vacuums, 9 pack</p><p> -11% 0FF </p><p>$9.79</p><a href="https://www.amazon.com/dp/B00QGD3SBI?tag=eloabder-20&linkCode=osi&th=1&psc=1">View Product</a></div><div class="product"><a href="https://www.amazon.com/dp/B09PC16J91?tag=eloabder-20&linkCode=osi&th=1&psc=1"><img src="https://m.media-amazon.com/images/I/41rz-xT6tIL._SL500_.jpg" alt="Product Image"></a><p>Compatible with Kenmore 53292 Type Q - C HEPA Canister Vacuum Bags,6-Pack (white)</p><p> -24% 0FF </p><p>$22.89 ($3.82 / Count)</p><a href="https://www.amazon.com/dp/B09PC16J91?tag=eloabder-20&linkCode=osi&th=1&psc=1">View Product</a></div><div class="product"><a href="https://www.amazon.com/dp/B0CWTR85TZ?tag=eloabder-20&linkCode=osi&th=1&psc=1"><img src="https://m.media-amazon.com/images/I/41lmqedxXSL._SL500_.jpg" alt="Product Image"></a><p>20 Pack Style MM Vacuum Bags Compatible with Eureka Style MM Eureka Mighty Mite 3670 and 3680 Series Canister Vacuums, Replaces Part # 60295, 60295A, 60295B 60295C, 60296 & 60297A</p><p> -5% 0FF </p><p>$18.98</p><a href="https://www.amazon.com/dp/B0CWTR85TZ?tag=eloabder-20&linkCode=osi&th=1&psc=1">View Product</a></div>

<div class="product"><a href="https://www.amazon.com/dp/B07H3MYZLD?tag=eloabder-20&linkCode=osi&th=1&psc=1"><img src="https://m.media-amazon.com/images/I/511p6MPxQ0L._SL500_.jpg" alt="Product Image"></a><p>Flammi Steam Pocket Mop Replacement Pads for Shark S3500 Series S3501 S3601 S3550 S3901 SE450 S3801CO S3601D S2901 S2902 Steam Pocket Mop, 4 Pack</p><p> -23% 0FF </p><p>$16.97 ($4.24 / Count)</p><a href="https://www.amazon.com/dp/B07H3MYZLD?tag=eloabder-20&linkCode=osi&th=1&psc=1">View Product</a></div><div class="product"><a href="https://www.amazon.com/dp/B08S7283SJ?tag=eloabder-20&linkCode=osi&th=1&psc=1"><img src="https://m.media-amazon.com/images/I/41TAxpXWPLL._SL500_.jpg" alt="Product Image"></a><p>Steam & Go - Demineralized Water for Steam Cleaner, PVC-Free Floor Cleaner Liquid Compatible With Any Steam Mop, Ready-to-Use Multisurface Cleaner, Scented Mop Solution, Eucalyptus Mint, 32 oz</p><p> -35% 0FF </p><p>$12.99</p><a href="https://www.amazon.com/dp/B08S7283SJ?tag=eloabder-20&linkCode=osi&th=1&psc=1">View Product</a></div><div class="product"><a href="https://www.amazon.com/dp/B07GT9VB9X?tag=eloabder-20&linkCode=osi&th=1&psc=1"><img src="https://m.media-amazon.com/images/I/41IokheYtNL._SL500_.jpg" alt="Product Image"></a><p>6 Pack 1940 Bissell Steam Mop Pads for Bissell PowerFresh Steam Mop 1806 1544 1440 2075A 2685A 1940W 19404 Series, Model 19402 19408 1940a 1940f 1940q 1940t B0006 B0017, Part #5938#203-2633</p><p> -14% 0FF </p><p>$17.99 ($3.00 / Count)</p><a href="https://www.amazon.com/dp/B07GT9VB9X?tag=eloabder-20&linkCode=osi&th=1&psc=1">View Product</a></div><div class="product"><a href="https://www.amazon.com/dp/B09NM5T11N?tag=eloabder-20&linkCode=osi&th=1&psc=1"><img src="https://m.media-amazon.com/images/I/51p54JxUpYL._SL500_.jpg" alt="Product Image"></a><p>AIR U+ 8 Pack Replacement Steam Mop Pads for Shark S7001 S8001 S8201 S7201 S7000AMZ S7000 S7005 S7020 S7001C Steam Mop, Steam & Scrub All-in-One Scrubbing and Sanitizing, Dirt Grip Scrub Washable Pad</p><p> -20% 0FF </p><p>$17.99</p><a href="https://www.amazon.com/dp/B09NM5T11N?tag=eloabder-20&linkCode=osi&th=1&psc=1">View Product</a></div><div class="product"><a href="https://www.amazon.com/dp/B0CBC1HQQN?tag=eloabder-20&linkCode=osi&th=1&psc=1"><img src="https://m.media-amazon.com/images/I/51eAx7S-+2L._SL500_.jpg" alt="Product Image"></a><p>Upgraded Scrub Steam Mop Pad for Shark Steam Pocket Mop S3501 S3601 S2901 S2902 S3550 S3801 S3901 SE450 S3601D S3901D, Steam Mop Replacement Pads for All Hard Floors, 3 Pack</p><p> -5% 0FF </p><p>$18.99</p><a href="https://www.amazon.com/dp/B0CBC1HQQN?tag=eloabder-20&linkCode=osi&th=1&psc=1">View Product</a></div>
<div class="product"><a href="https://www.amazon.com/dp/B0D2QFVY7H?tag=eloabder-20&linkCode=osi&th=1&psc=1"><img src="https://m.media-amazon.com/images/I/417B7H+vvML._SL500_.jpg" alt="Product Image"></a><p>Kenmore KS1010 Deep Clean & Revitalize Pet Carpet Cleaner Formula, 64 oz, White, 64 Fl Oz</p><p> -13% 0FF </p><p>$19.99 ($0.31 / Fl Oz)</p><a href="https://www.amazon.com/dp/B0D2QFVY7H?tag=eloabder-20&linkCode=osi&th=1&psc=1">View Product</a></div><div class="product"><a href="https://www.amazon.com/dp/B07TN5DGP9?tag=eloabder-20&linkCode=osi&th=1&psc=1"><img src="https://m.media-amazon.com/images/I/41ObG6UBMvL._SL500_.jpg" alt="Product Image"></a><p>Eyliden Carpet Sweeper, Mini Size Lightweight Hand Push Carpet Sweepers - No Noise, Non-Electric - Easy Manual Sweeping, Automatic Compact Broom Only for Carpet Cleaning</p><p> -21% 0FF </p><p>$25.99</p><a href="https://www.amazon.com/dp/B07TN5DGP9?tag=eloabder-20&linkCode=osi&th=1&psc=1">View Product</a></div><div class="product"><a href="https://www.amazon.com/dp/B07R27JLKQ?tag=eloabder-20&linkCode=osi&th=1&psc=1"><img src="https://m.media-amazon.com/images/I/41Puyen2y4L._SL500_.jpg" alt="Product Image"></a><p>Bissell Pet Multi-Surface Febreze Freshness for Crosswave and Spinwave (64 oz), 22951, 64 Ounce, 64 Fl Oz</p><p> -5% 0FF </p><p>$17.99 ($0.28 / Fl Oz)</p><a href="https://www.amazon.com/dp/B07R27JLKQ?tag=eloabder-20&linkCode=osi&th=1&psc=1">View Product</a></div><div class="product"><a href="https://www.amazon.com/dp/B0D2RGW219?tag=eloabder-20&linkCode=osi&th=1&psc=1"><img src="https://m.media-amazon.com/images/I/41gD+82tnAL._SL500_.jpg" alt="Product Image"></a><p>Vacmaster Clean & Restore Carpet Cleaner Formula – CCS03</p><p> -25% 0FF </p><p>$14.99 ($0.23 / Fl Oz)</p><a href="https://www.amazon.com/dp/B0D2RGW219?tag=eloabder-20&linkCode=osi&th=1&psc=1">View Product</a></div>



<div class="product"><a href="https://www.amazon.com/dp/B00162723O?tag=eloabder-20&linkCode=osi&th=1&psc=1"><img src="https://m.media-amazon.com/images/I/31K5PNJ3AbL._SL500_.jpg" alt="Product Image"></a><p>A/C Safe AC-160 Universal Heavy Duty Window Air Conditioner Support</p><p> -47% 0FF </p><p>$24.99</p><a href="https://www.amazon.com/dp/B00162723O?tag=eloabder-20&linkCode=osi&th=1&psc=1">View Product</a></div>
<div class="product"><a href="https://www.amazon.com/dp/B0D3TMW987?tag=eloabder-20&linkCode=osi&th=1&psc=1"><img src="https://m.media-amazon.com/images/I/417Mm6n1nqL._SL500_.jpg" alt="Product Image"></a><p>HOXHA Portable Air Conditioner Hose with Insulated Hose Cover Warp 5.9 Inch AC Exhaust Vent Duct Hose with Sleeve Fit 5 Inch to 5.9 Inch Universal AC Tube Hose Kit Parts Accessories</p><p> -29% 0FF </p><p>$16.99</p><a href="https://www.amazon.com/dp/B0D3TMW987?tag=eloabder-20&linkCode=osi&th=1&psc=1">View Product</a></div><div class="product"><a href="https://www.amazon.com/dp/B093WC1936?tag=eloabder-20&linkCode=osi&th=1&psc=1"><img src="https://m.media-amazon.com/images/I/41+7dH1N4oS._SL500_.jpg" alt="Product Image"></a><p>Portable Air conditioner Window Kit, Adjustable Vertical/Horizontal Sliding Window Kit Plate for AC Unit, AC Window Vent Kit, AC Window Seal Suitable for 5.9” AC Exhaust Hose</p><p> -22% 0FF </p><p>$24.99</p><a href="https://www.amazon.com/dp/B093WC1936?tag=eloabder-20&linkCode=osi&th=1&psc=1">View Product</a></div><div class="product"><a href="https://www.amazon.com/dp/B08B5Y83XZ?tag=eloabder-20&linkCode=osi&th=1&psc=1"><img src="https://m.media-amazon.com/images/I/4162pkNHTYL._SL500_.jpg" alt="Product Image"></a><p>TURBRO Portable Air Conditioner Universal Exhaust Hose - 5.9 Inch Diameter, 78 Inch Length, Clockwise Thread</p><p> -17% 0FF </p><p>$19.99</p><a href="https://www.amazon.com/dp/B08B5Y83XZ?tag=eloabder-20&linkCode=osi&th=1&psc=1">View Product</a></div>
<div class="product"><a href="https://www.amazon.com/dp/B0CS3HRFLB?tag=eloabder-20&linkCode=osi&th=1&psc=1"><img src="https://m.media-amazon.com/images/I/31-rGPG7x2L._SL500_.jpg" alt="Product Image"></a><p>Eastrexon Mini Split Ground Stand, Adjustable Anti-Vibration Mini Split Stand w/ 400LBS Load Capacity, Heavy Duty AC Stand for 9,000-18,000 BTU Ductless Mini Split Air Conditioner Heat Pump</p><p> -11% 0FF </p><p>$79.99</p><a href="https://www.amazon.com/dp/B0CS3HRFLB?tag=eloabder-20&linkCode=osi&th=1&psc=1">View Product</a></div>
<div class="product"><a href="https://www.amazon.com/dp/B0D3DRYGSY?tag=eloabder-20&linkCode=osi&th=1&psc=1"><img src="https://m.media-amazon.com/images/I/41X8-PVRBjL._SL500_.jpg" alt="Product Image"></a><p>Air Conditioning Motor WZDK20-38G (ZKFP-20-8-6) OEM DC Brushless Fan Motor, 20W Inverter Air Conditioner Brushless DC Motor for Central air Conditioner, CCW 1300rpm DC280V 0.10A</p><p> -11% 0FF </p><p>$40.99</p><a href="https://www.amazon.com/dp/B0D3DRYGSY?tag=eloabder-20&linkCode=osi&th=1&psc=1">View Product</a></div><div class="product"><a href="https://www.amazon.com/dp/B0BQQZC7J8?tag=eloabder-20&linkCode=osi&th=1&psc=1"><img src="https://m.media-amazon.com/images/I/31BhDXXE59L._SL500_.jpg" alt="Product Image"></a><p>AKB73598009 Replace AC Remote Control Compatible with LG Dual Inverter Smart Window Air Conditioner LW1222IVSM LW1817IVSM LW2217IVSM LW1822IVSM LW2422IVSM LW1517IVSM LW1019IVSM</p><p> -8% 0FF </p><p>$11.94</p><a href="https://www.amazon.com/dp/B0BQQZC7J8?tag=eloabder-20&linkCode=osi&th=1&psc=1">View Product</a></div><div class="product"><a href="https://www.amazon.com/dp/B0D3DTXSVY?tag=eloabder-20&linkCode=osi&th=1&psc=1"><img src="https://m.media-amazon.com/images/I/41WKhBV4qfL._SL500_.jpg" alt="Product Image"></a><p>New Air Conditioning Motor (OEM) WZDK30-38G (RD-310-30-8T) DC Brushless Fan Motor, 30W Inverter air Conditioner Motor DC Motor for Conditioner,DC310V 0.14A 1300RPM CCW</p><p> -12% 0FF </p><p>$52.95</p><a href="https://www.amazon.com/dp/B0D3DTXSVY?tag=eloabder-20&linkCode=osi&th=1&psc=1">View Product</a></div>
<div class="product"><a href="https://www.amazon.com/dp/B0CNK7MSLC?tag=eloabder-20&linkCode=osi&th=1&psc=1"><img src="https://m.media-amazon.com/images/I/41R2RQNaV2L._SL500_.jpg" alt="Product Image"></a><p>Travel Electric Kettle Portable Small Kettle,Mini Hotel Camping Hot Water Boiler for Tea Coffee,4 Warmable Temperature Control,304 Stainless Steel& Auto Shut-Off& Boil Dry Protection(White,380ml)</p><p> -17% 0FF </p><p>$24.99</p><a href="https://www.amazon.com/dp/B0CNK7MSLC?tag=eloabder-20&linkCode=osi&th=1&psc=1">View Product</a></div>
<div class="product"><a href="https://www.amazon.com/dp/B08LZWP29P?tag=eloabder-20&linkCode=osi&th=1&psc=1"><img src="https://m.media-amazon.com/images/I/41NLuzzFW9L._SL500_.jpg" alt="Product Image"></a><p>Chromex Tankless Water Heater Descaling Solution | Highly Effective Descaler Restores Heating Efficiency, Quart, 32 fl oz (1)</p><p> -7% 0FF </p><p>$24.99</p><a href="https://www.amazon.com/dp/B08LZWP29P?tag=eloabder-20&linkCode=osi&th=1&psc=1">View Product</a></div><div class="product"><a href="https://www.amazon.com/dp/B0CQDCW3PT?tag=eloabder-20&linkCode=osi&th=1&psc=1"><img src="https://m.media-amazon.com/images/I/51UjKRV2nXL._SL500_.jpg" alt="Product Image"></a><p>CMI Inc - 3/4 Inch Tankless Water Heater Installation Kit – With Isolation Valves, Pressure Relief Valves, Ball Valves, and Inline Flush Parts – Cold & Hot Water Plumbing Repair Kit – FNPT X FNPT</p><p> -11% 0FF </p><p>$80.80</p><a href="https://www.amazon.com/dp/B0CQDCW3PT?tag=eloabder-20&linkCode=osi&th=1&psc=1">View Product</a></div>

<div class="product"><a href="https://www.amazon.com/dp/B0BPN7G43T?tag=eloabder-20&linkCode=osi&th=1&psc=1"><img src="https://m.media-amazon.com/images/I/413kXvvbUhL._SL500_.jpg" alt="Product Image"></a><p>Elite Gourmet EC008 Classic Stovetop Coffee Percolator, Glass Clear Brew Progress Knob, Cool-Touch Handle, Cordless Serve, 8-Cup, Stainless Steel</p><p> -8% 0FF </p><p>$23.07</p><a href="https://www.amazon.com/dp/B0BPN7G43T?tag=eloabder-20&linkCode=osi&th=1&psc=1">View Product</a></div><div class="product"><a href="https://www.amazon.com/dp/B09MMN1CCP?tag=eloabder-20&linkCode=osi&th=1&psc=1"><img src="https://m.media-amazon.com/images/I/31UyuaVNkbL._SL500_.jpg" alt="Product Image"></a><p>Elite Gourmet EC812 Electric 12-Cup Coffee Percolator with Keep Warm, Clear Brew Progress Knob Cool-Touch Handle Cord-less Serve, Stainless Steel</p><p> -23% 0FF </p><p>$36.99</p><a href="https://www.amazon.com/dp/B09MMN1CCP?tag=eloabder-20&linkCode=osi&th=1&psc=1">View Product</a></div><div class="product"><a href="https://www.amazon.com/dp/B0009PUQSM?tag=eloabder-20&linkCode=osi&th=1&psc=1"><img src="https://m.media-amazon.com/images/I/41maPldn1NL._SL500_.jpg" alt="Product Image"></a><p>Coleman Stainless Steel Coffee Percolator 12 Cup</p><p> -38% 0FF </p><p>$33.87</p><a href="https://www.amazon.com/dp/B0009PUQSM?tag=eloabder-20&linkCode=osi&th=1&psc=1">View Product</a></div>
<div class="product"><a href="https://www.amazon.com/dp/B0BTN3VYW9?tag=eloabder-20&linkCode=osi&th=1&psc=1"><img src="https://m.media-amazon.com/images/I/41Li6k0UIrL._SL500_.jpg" alt="Product Image"></a><p>De'Longhi TrueBrew Drip Coffee Maker, Built in Grinder, Single Serve, 8 oz to 24 oz, Hot or Iced Coffee, Stainless, CAM51025MB</p><p> -29% 0FF </p><p>$355.00</p><a href="https://www.amazon.com/dp/B0BTN3VYW9?tag=eloabder-20&linkCode=osi&th=1&psc=1">View Product</a></div><div class="product"><a href="https://www.amazon.com/dp/B09HDFLF2X?tag=eloabder-20&linkCode=osi&th=1&psc=1"><img src="https://m.media-amazon.com/images/I/41ttEVV0DhL._SL500_.jpg" alt="Product Image"></a><p>Cuisinart Single Serve Coffee Maker + Coffee Grinder, 48-Ounce Removable Reservoir, Black, DGB-2</p><p> -9% 0FF </p><p>$136.95</p><a href="https://www.amazon.com/dp/B09HDFLF2X?tag=eloabder-20&linkCode=osi&th=1&psc=1">View Product</a></div><div class="product"><a href="https://www.amazon.com/dp/B0D2MMGHM8?tag=eloabder-20&linkCode=osi&th=1&psc=1"><img src="https://m.media-amazon.com/images/I/41z2U4+t1fL._SL500_.jpg" alt="Product Image"></a><p>Gevi 10-Cup Drip Coffee Maker with Built-in Grinder, Programmable Brew Coffee Machine with Timer, Reusable Filter, 1.5L Water Tank, Coffee Pot, Warming Plate Burr Grinder Combo</p><p> -6% 0FF </p><p>$169.99</p><a href="https://www.amazon.com/dp/B0D2MMGHM8?tag=eloabder-20&linkCode=osi&th=1&psc=1">View Product</a></div><div class="product"><a href="https://www.amazon.com/dp/B000T9SCZ2?tag=eloabder-20&linkCode=osi&th=1&psc=1"><img src="https://m.media-amazon.com/images/I/51E3eEOPg7L._SL500_.jpg" alt="Product Image"></a><p>Cuisinart Grind & Brew 12 Cup Coffeemaker, Chrome</p><p> -11% 0FF </p><p>$189.81 ($15.82 / Count)</p><a href="https://www.amazon.com/dp/B000T9SCZ2?tag=eloabder-20&linkCode=osi&th=1&psc=1">View Product</a></div><div class="product"><a href="https://www.amazon.com/dp/B0CG2NLVPK?tag=eloabder-20&linkCode=osi&th=1&psc=1"><img src="https://m.media-amazon.com/images/I/41PlW5iZ9cL._SL500_.jpg" alt="Product Image"></a><p>Café Specialty Grind and Brew Coffee Maker, Single-Serve to 10-Cup Thermal Carafe, with Built-In Bean Grinder & Removable 75oz Water Reservoir, WiFi & Smart Connected, SCA Certified, Matte White</p><p> -19% 0FF </p><p>$267.99</p><a href="https://www.amazon.com/dp/B0CG2NLVPK?tag=eloabder-20&linkCode=osi&th=1&psc=1">View Product</a></div>
<div class="product"><a href="https://www.amazon.com/dp/B078NN17K3?tag=eloabder-20&linkCode=osi&th=1&psc=1"><img src="https://m.media-amazon.com/images/I/41MI7T21FgL._SL500_.jpg" alt="Product Image"></a><p>Keurig K-Elite Single Serve K-Cup Pod Coffee Maker, with Strength and Temperature Control, Iced Coffee Capability, 8 to 12oz Brew Size, Programmable, Brushed Slate</p><p> -37% 0FF </p><p>$119.00</p><a href="https://www.amazon.com/dp/B078NN17K3?tag=eloabder-20&linkCode=osi&th=1&psc=1">View Product</a></div><div class="product"><a href="https://www.amazon.com/dp/B0C25Y15TL?tag=eloabder-20&linkCode=osi&th=1&psc=1"><img src="https://m.media-amazon.com/images/I/41cX7EQf+HL._SL500_.jpg" alt="Product Image"></a><p>Ninja Pod & Grounds Specialty Single-Serve Coffee Maker, K-Cup Pod Compatible, Brews Grounds, Compact Design, Built-In Milk Frother, 56-oz. Reservoir, 6-oz. Cup to 24-oz. Mug Sizes, Black, PB051</p><p> -30% 0FF </p><p>$69.99</p><a href="https://www.amazon.com/dp/B0C25Y15TL?tag=eloabder-20&linkCode=osi&th=1&psc=1">View Product</a></div><div class="product"><a href="https://www.amazon.com/dp/B0892TW82K?tag=eloabder-20&linkCode=osi&th=1&psc=1"><img src="https://m.media-amazon.com/images/I/31vXpkWlRZL._SL500_.jpg" alt="Product Image"></a><p>Keurig K-Supreme Single Serve K-Cup Pod Coffee Maker, MultiStream Technology, 4 Brew Sizes, 66oz Dual-Position Removable Reservoir, Black</p><p> -41% 0FF </p><p>$99.99</p><a href="https://www.amazon.com/dp/B0892TW82K?tag=eloabder-20&linkCode=osi&th=1&psc=1">View Product</a></div><div class="product"><a href="https://www.amazon.com/dp/B014W1C2VM?tag=eloabder-20&linkCode=osi&th=1&psc=1"><img src="https://m.media-amazon.com/images/I/41lgFMhEj5L._SL500_.jpg" alt="Product Image"></a><p>Cuisinart Coffee Maker, Single Serve 72-Ounce Reservoir Coffee Machine, Programmable Brewing & Hot Water Dispenser, Stainless Steel, SS-10P1,Silver</p><p> -5% 0FF </p><p>$142.74</p><a href="https://www.amazon.com/dp/B014W1C2VM?tag=eloabder-20&linkCode=osi&th=1&psc=1">View Product</a></div><div class="product"><a href="https://www.amazon.com/dp/B083248S3B?tag=eloabder-20&linkCode=osi&th=1&psc=1"><img src="https://m.media-amazon.com/images/I/31AI86Z78OL._SL500_.jpg" alt="Product Image"></a><p>Keurig K-Slim Single Serve K-Cup Pod Coffee Maker, Multistream Technology, 3 Brew Sizes, Slim and Sleek Design, 46oz Removable Reservoir, Black</p><p> -38% 0FF </p><p>$79.99</p><a href="https://www.amazon.com/dp/B083248S3B?tag=eloabder-20&linkCode=osi&th=1&psc=1">View Product</a></div><div class="product"><a href="https://www.amazon.com/dp/B0BV9HKMNT?tag=eloabder-20&linkCode=osi&th=1&psc=1"><img src="https://m.media-amazon.com/images/I/41Nsl9jGGaL._SL500_.jpg" alt="Product Image"></a><p>Keurig K-Compact Single-Serve K-Cup Pod Coffee Maker, with 3 Brew Sizes, Smart Start Feature, 36oz Removable Reservoir, Black</p><p> -30% 0FF </p><p>$69.99</p><a href="https://www.amazon.com/dp/B0BV9HKMNT?tag=eloabder-20&linkCode=osi&th=1&psc=1">View Product</a></div>
<div class="product"><a href="https://www.amazon.com/dp/B085NLFY9F?tag=eloabder-20&linkCode=osi&th=1&psc=1"><img src="https://m.media-amazon.com/images/I/41shkY558zL._SL500_.jpg" alt="Product Image"></a><p>Taylor Swoden 12-Cup Programmable Coffee Maker, Regular & Strong Brew Drip Coffee Machine for Home and Office, Glass Carafe, Pause & Serve, Auto Shut Off, Black & Stainless Steel</p><p> -18% 0FF </p><p>$39.99</p><a href="https://www.amazon.com/dp/B085NLFY9F?tag=eloabder-20&linkCode=osi&th=1&psc=1">View Product</a></div><div class="product"><a href="https://www.amazon.com/dp/B07X43VXZV?tag=eloabder-20&linkCode=osi&th=1&psc=1"><img src="https://m.media-amazon.com/images/I/41H6O9zkknL._SL500_.jpg" alt="Product Image"></a><p>KRUPS Simply Brew 5 Cup Coffee Maker, Cold Brew, Drip Free & Keep Warm Functions, Stainless Steel Coffee Maker Silver and Black</p><p> -18% 0FF </p><p>$32.85</p><a href="https://www.amazon.com/dp/B07X43VXZV?tag=eloabder-20&linkCode=osi&th=1&psc=1">View Product</a></div>

<div class="product"><a href="https://www.amazon.com/dp/B0C7WTKWZN?tag=eloabder-20&linkCode=osi&th=1&psc=1"><img src="https://m.media-amazon.com/images/I/417z+KFuxAL._SL500_.jpg" alt="Product Image"></a><p>Ninja Programmable XL 14-Cup Coffee Maker PRO, 14-Cup Glass Carafe, Freshness Timer, with Permanent Filter, Black Stainless Steel, DCM201BK</p><p> -20% 0FF </p><p>$79.99</p><a href="https://www.amazon.com/dp/B0C7WTKWZN?tag=eloabder-20&linkCode=osi&th=1&psc=1">View Product</a></div><div class="product"><a href="https://www.amazon.com/dp/B0C2JK9Y8V?tag=eloabder-20&linkCode=osi&th=1&psc=1"><img src="https://m.media-amazon.com/images/I/4177Pg-DiWS._SL500_.jpg" alt="Product Image"></a><p>BLACK+DECKER 12 Cup Thermal Programmable Coffee Maker with Brew Strength and VORTEX Technology, Black/Steel</p><p> -14% 0FF </p><p>$60.00 ($5.00 / Count)</p><a href="https://www.amazon.com/dp/B0C2JK9Y8V?tag=eloabder-20&linkCode=osi&th=1&psc=1">View Product</a></div>
<div class="product"><a href="https://www.amazon.com/dp/B0CJ7DMVW6?tag=eloabder-20&linkCode=osi&th=1&psc=1"><img src="https://m.media-amazon.com/images/I/41Et+b9QSzL._SL500_.jpg" alt="Product Image"></a><p>Xylanor Cold Brew Coffee Maker Pitcher, 64 OZ Heavy Duty Glass Wide Mouth Mason Jar Pour Spout Airtight Lid with Stainless Steel Infuser Filter for Iced Coffee, Ice Tea, Brewed Making</p><p> -50% 0FF </p><p>$12.49</p><a href="https://www.amazon.com/dp/B0CJ7DMVW6?tag=eloabder-20&linkCode=osi&th=1&psc=1">View Product</a></div><div class="product"><a href="https://www.amazon.com/dp/B07C36HVWK?tag=eloabder-20&linkCode=osi&th=1&psc=1"><img src="https://m.media-amazon.com/images/I/31dPKeu1VqL._SL500_.jpg" alt="Product Image"></a><p>Takeya Patented Deluxe Cold Brew Coffee Maker with Black Lid Airtight Pitcher, 2 Quart, Black</p><p> -26% 0FF </p><p>$27.99</p><a href="https://www.amazon.com/dp/B07C36HVWK?tag=eloabder-20&linkCode=osi&th=1&psc=1">View Product</a></div><div class="product"><a href="https://www.amazon.com/dp/B086V1QXNM?tag=eloabder-20&linkCode=osi&th=1&psc=1"><img src="https://m.media-amazon.com/images/I/31BHMrB0QSL._SL500_.jpg" alt="Product Image"></a><p>Primula Burke Deluxe Cold Brew Iced Coffee Maker, Comfort Grip Handle, Durable Glass Carafe, Removable Mesh Filter, Perfect 6 Cup Size, Dishwasher Safe, 1.6 qt, Blue</p><p> -35% 0FF </p><p>$11.74</p><a href="https://www.amazon.com/dp/B086V1QXNM?tag=eloabder-20&linkCode=osi&th=1&psc=1">View Product</a></div><div class="product"><a href="https://www.amazon.com/dp/B0BNN7GGKR?tag=eloabder-20&linkCode=osi&th=1&psc=1"><img src="https://m.media-amazon.com/images/I/51p17-SYzvL._SL500_.jpg" alt="Product Image"></a><p>JunVpic Cold Brew Coffee Maker Jar - 64oz Thick Glass Multipurpose Mason Pitcher Spout Lid with Handle & Stainless Steel Filter for Iced Coffee, Lemonade, Ice Tea, Homemade Fruit Drinks Container</p><p> -5% 0FF </p><p>$18.98 ($18.98 / Count)</p><a href="https://www.amazon.com/dp/B0BNN7GGKR?tag=eloabder-20&linkCode=osi&th=1&psc=1">View Product</a></div><div class="product"><a href="https://www.amazon.com/dp/B0CGWS1M51?tag=eloabder-20&linkCode=osi&th=1&psc=1"><img src="https://m.media-amazon.com/images/I/410ZIkV0HFL._SL500_.jpg" alt="Product Image"></a><p>QHH Cold Brew Coffee Maker, 64 oz Wide Mouth Mason Jar Pitcher with Stainless Steel Filter, Pour Spout Handle Lid, Heavy Duty Glass Airtight & Leak-Proof Pitcher for iced coffee & Tea Lemonade</p><p> -20% 0FF </p><p>$18.49</p><a href="https://www.amazon.com/dp/B0CGWS1M51?tag=eloabder-20&linkCode=osi&th=1&psc=1">View Product</a></div><div class="product"><a href="https://www.amazon.com/dp/B0CVLJ2NQK?tag=eloabder-20&linkCode=osi&th=1&psc=1"><img src="https://m.media-amazon.com/images/I/51lQGHFBfPL._SL500_.jpg" alt="Product Image"></a><p>Zulay Kitchen 1 Gallon Cold Brew Coffee Maker - Large Iced Tea & Cold Brew Pitcher with Extra-Thick Glass & Stainless Steel Infuser - Cold Brew Coffee Maker with Airtight Lid & Spout (Silver)</p><p> -20% 0FF </p><p>$39.99</p><a href="https://www.amazon.com/dp/B0CVLJ2NQK?tag=eloabder-20&linkCode=osi&th=1&psc=1">View Product</a></div><div class="product"><a href="https://www.amazon.com/dp/B0D929JTC9?tag=eloabder-20&linkCode=osi&th=1&psc=1"><img src="https://m.media-amazon.com/images/I/41WA4B3VkCL._SL500_.jpg" alt="Product Image"></a><p>Cold Brew Coffee Maker,64oz Food Grade Glass Cold Brew Pitcher,Strong Sealing Cold Brew Maker With Fine Filter,Cold Brew Coffee Pitcher For Ice Tea&Fruit Drinks,Easy To Wash Iced Coffee Pitcher Grey</p><p> -27% 0FF </p><p>$15.99</p><a href="https://www.amazon.com/dp/B0D929JTC9?tag=eloabder-20&linkCode=osi&th=1&psc=1">View Product</a></div><div class="product"><a href="https://www.amazon.com/dp/B07VJJJ764?tag=eloabder-20&linkCode=osi&th=1&psc=1"><img src="https://m.media-amazon.com/images/I/41xKFEtM8EL._SL500_.jpg" alt="Product Image"></a><p>County Line Kitchen Glass Cold Brew Coffee Maker with Lid - Wide Mouth, 2 Quart (64 oz) - Heavy Duty, Leak Proof - Sun & Iced Tea Pitcher, Cold Brew Coffee, Breast Milk Storage, Water - Gray</p><p> -25% 0FF </p><p>$29.99</p><a href="https://www.amazon.com/dp/B07VJJJ764?tag=eloabder-20&linkCode=osi&th=1&psc=1">View Product</a></div><div class="product"><a href="https://www.amazon.com/dp/B0CKN6MCLD?tag=eloabder-20&linkCode=osi&th=1&psc=1"><img src="https://m.media-amazon.com/images/I/510bfugc5jL._SL500_.jpg" alt="Product Image"></a><p>DWTS DANWEITESI Cold Brew Coffee Maker 64 oz,2-Quart Wide Mouth Cold Brew Maker with Stainless Steel Cold Brew Filter-Mason Jar Pitcher with Lid and Spout for Coffee,Iced Coffee Accessories(Black)</p><p> -24% 0FF </p><p>$12.99</p><a href="https://www.amazon.com/dp/B0CKN6MCLD?tag=eloabder-20&linkCode=osi&th=1&psc=1">View Product</a></div>

<div class="product"><a href="https://www.amazon.com/dp/B099J3J6VJ?tag=eloabder-20&linkCode=osi&th=1&psc=1"><img src="https://m.media-amazon.com/images/I/41ecdckFeFL._SL500_.jpg" alt="Product Image"></a><p>Eurolux Percolator Coffee Maker Pot - 9 Cups | Durable Stainless Steel Material | Brew Coffee On Fire, Grill or Stovetop | No Electricity, No Bad Plastic Taste | Ideal for Home, Camping & Travel</p><p> -13% 0FF </p><p>$34.99 ($3.89 / Count)</p><a href="https://www.amazon.com/dp/B099J3J6VJ?tag=eloabder-20&linkCode=osi&th=1&psc=1">View Product</a></div><div class="product"><a href="https://www.amazon.com/dp/B0C9VW3N1X?tag=eloabder-20&linkCode=osi&th=1&psc=1"><img src="https://m.media-amazon.com/images/I/31YYKk0EaiL._SL500_.jpg" alt="Product Image"></a><p>Primula Stovetop Coffee Percolator, Premium Stainless Steel Coffee Maker with Reusable Filter Basket, Non-Drip Spout, Glass Knob Brew Indicator and Heat Resistant Handle, Dishwasher Safe, 8 Cup</p><p> -6% 0FF </p><p>$28.17</p><a href="https://www.amazon.com/dp/B0C9VW3N1X?tag=eloabder-20&linkCode=osi&th=1&psc=1">View Product</a></div><div class="product"><a href="https://www.amazon.com/dp/B0DFXBGKQW?tag=eloabder-20&linkCode=osi&th=1&psc=1"><img src="https://m.media-amazon.com/images/I/41HwFOR87NL._SL500_.jpg" alt="Product Image"></a><p>VERDETECH Glass Coffee Percolator - The Nonna | Non-Electric Borosilicate Glass & Stainless Steel | Eco-Friendly Coffee Gift | BPA Free | Stovetop Glass Percolator (1 Unit)</p><p> -14% 0FF </p><p>$59.99</p><a href="https://www.amazon.com/dp/B0DFXBGKQW?tag=eloabder-20&linkCode=osi&th=1&psc=1">View Product</a></div>

<div class="product"><a href="https://www.amazon.com/dp/B009PCI2JU?tag=eloabder-20&linkCode=osi&th=1&psc=1"><img src="https://m.media-amazon.com/images/I/319P4iuozKL._SL500_.jpg" alt="Product Image"></a><p>GE RPWFE Refrigerator Water Filter, Genuine Replacement Filter, Certified to Reduce Lead, Sulfur, and 50+ Other Impurities, Replace Every 6 Months for Best Results, Pack of 1</p><p> -11% 0FF </p><p>$49.00</p><a href="https://www.amazon.com/dp/B009PCI2JU?tag=eloabder-20&linkCode=osi&th=1&psc=1">View Product</a></div><div class="product"><a href="https://www.amazon.com/dp/B00UXG4WR8?tag=eloabder-20&linkCode=osi&th=1&psc=1"><img src="https://m.media-amazon.com/images/I/317c+XdM3jL._SL500_.jpg" alt="Product Image"></a><p>everydrop by Whirlpool Ice and Water Refrigerator Filter 1, EDR1RXD1, Single-Pack , Purple</p><p> -30% 0FF </p><p>$41.99</p><a href="https://www.amazon.com/dp/B00UXG4WR8?tag=eloabder-20&linkCode=osi&th=1&psc=1">View Product</a></div><div class="product"><a href="https://www.amazon.com/dp/B0882ZJ48W?tag=eloabder-20&linkCode=osi&th=1&psc=1"><img src="https://m.media-amazon.com/images/I/31sBIpG9D+L._SL500_.jpg" alt="Product Image"></a><p>GE XWFE Refrigerator Water Filter, Genuine Replacement Filter, Certified to Reduce Lead, Sulfur, and 50+ Other Impurities, Replace Every 6 Months for Best Results, Pack of 1</p><p> -9% 0FF </p><p>$49.95</p><a href="https://www.amazon.com/dp/B0882ZJ48W?tag=eloabder-20&linkCode=osi&th=1&psc=1">View Product</a></div><div class="product"><a href="https://www.amazon.com/dp/B08V6JB9R7?tag=eloabder-20&linkCode=osi&th=1&psc=1"><img src="https://m.media-amazon.com/images/I/31f6HhVENHL._SL500_.jpg" alt="Product Image"></a><p>Frigidaire FPPWFU01 PurePour PWF-1 Water Filter 1 Count (Pack of 1)</p><p> -28% 0FF </p><p>$38.99</p><a href="https://www.amazon.com/dp/B08V6JB9R7?tag=eloabder-20&linkCode=osi&th=1&psc=1">View Product</a></div><div class="product"><a href="https://www.amazon.com/dp/B074HLRXMP?tag=eloabder-20&linkCode=osi&th=1&psc=1"><img src="https://m.media-amazon.com/images/I/21pHfBmff3L._SL500_.jpg" alt="Product Image"></a><p>LG LT1000P - 6 Month / 200 Gallon Capacity Replacement Refrigerator Water Filter (NSF42, NSF53, and NSF401) ADQ74793501, ADQ75795105, AGF80300704, or AGF80300705 White</p><p> -19% 0FF </p><p>$44.59</p><a href="https://www.amazon.com/dp/B074HLRXMP?tag=eloabder-20&linkCode=osi&th=1&psc=1">View Product</a></div><div class="product"><a href="https://www.amazon.com/dp/B01BKWSHHE?tag=eloabder-20&linkCode=osi&th=1&psc=1"><img src="https://m.media-amazon.com/images/I/31le9xXAImL._SL500_.jpg" alt="Product Image"></a><p>Frigidaire EPTWFU01 Water Filtration Filter, 1 Count, White</p><p> -8% 0FF </p><p>$49.00</p><a href="https://www.amazon.com/dp/B01BKWSHHE?tag=eloabder-20&linkCode=osi&th=1&psc=1">View Product</a></div><div class="product"><a href="https://www.amazon.com/dp/B00VBP8QPO?tag=eloabder-20&linkCode=osi&th=1&psc=1"><img src="https://m.media-amazon.com/images/I/31NokdYCZOL._SL500_.jpg" alt="Product Image"></a><p>Everydrop by Whirlpool Ice and Water Refrigerator Filter 2, EDR2RXD1, Single-Pack</p><p> -20% 0FF </p><p>$47.99</p><a href="https://www.amazon.com/dp/B00VBP8QPO?tag=eloabder-20&linkCode=osi&th=1&psc=1">View Product</a></div><div class="product"><a href="https://www.amazon.com/dp/B00UB38V2A?tag=eloabder-20&linkCode=osi&th=1&psc=1"><img src="https://m.media-amazon.com/images/I/317IAqOtFtL._SL500_.jpg" alt="Product Image"></a><p>everydrop by Whirlpool Ice and Water Refrigerator Filter 4, EDR4RXD1, Single-Pack</p><p> -23% 0FF </p><p>$46.32 ($27.09 / Pound)</p><a href="https://www.amazon.com/dp/B00UB38V2A?tag=eloabder-20&linkCode=osi&th=1&psc=1">View Product</a></div><div class="product"><a href="https://www.amazon.com/dp/B071NFVVNG?tag=eloabder-20&linkCode=osi&th=1&psc=1"><img src="https://m.media-amazon.com/images/I/41uJIz7wOSL._SL500_.jpg" alt="Product Image"></a><p>SAMSUNG Genuine Filter for Refrigerator Water and Ice, Carbon Block Filtration, Reduces 99% of Harmful Contaminants for Clean, Clear Drinking Water, 6-Month Life, HAF-QIN/EXP, 1 Pack</p><p> -30% 0FF </p><p>$34.99</p><a href="https://www.amazon.com/dp/B071NFVVNG?tag=eloabder-20&linkCode=osi&th=1&psc=1">View Product</a></div><div class="product"><a href="https://www.amazon.com/dp/B0045LLC7K?tag=eloabder-20&linkCode=osi&th=1&psc=1"><img src="https://m.media-amazon.com/images/I/61KMsxTZCzL._SL500_.jpg" alt="Product Image"></a><p>Frigidaire WF3CB Puresource3 Refrigerator Water Filter , White, 1 Count (Pack of 1)</p><p> -12% 0FF </p><p>$42.00</p><a href="https://www.amazon.com/dp/B0045LLC7K?tag=eloabder-20&linkCode=osi&th=1&psc=1">View Product</a></div>
<div class="product"><a href="https://www.amazon.com/dp/B0CCK33WLB?tag=eloabder-20&linkCode=osi&th=1&psc=1"><img src="https://m.media-amazon.com/images/I/41EyKRnAWNL._SL500_.jpg" alt="Product Image"></a><p>Ninja Thirsti Drink System, Soda Maker, Create Unique Sparkling & Still Drinks, Personalize Size & Flavor, Carbonated Water Machine, 60L CO2 Cylinder & Variety of Flavored Water Drops, Black WC1001</p><p> -44% 0FF </p><p>$99.99</p><a href="https://www.amazon.com/dp/B0CCK33WLB?tag=eloabder-20&linkCode=osi&th=1&psc=1">View Product</a></div><div class="product"><a href="https://www.amazon.com/dp/B09K81HGGD?tag=eloabder-20&linkCode=osi&th=1&psc=1"><img src="https://m.media-amazon.com/images/I/41iyFiXEpmL._SL500_.jpg" alt="Product Image"></a><p>PHILIPS Sparkling Water Maker Soda Maker Soda Streaming Machine for Carbonating with 1L Carbonating Bottle, Seltzer Fizzy Water Maker, Compatible with Any Screw-in 60L CO2 Carbonator(NOT Included)</p><p> -20% 0FF </p><p>$53.97 ($53.97 / Count)</p><a href="https://www.amazon.com/dp/B09K81HGGD?tag=eloabder-20&linkCode=osi&th=1&psc=1">View Product</a></div><div class="product"><a href="https://www.amazon.com/dp/B08HR72YN1?tag=eloabder-20&linkCode=osi&th=1&psc=1"><img src="https://m.media-amazon.com/images/I/41m9KO8snqL._SL500_.jpg" alt="Product Image"></a><p>aarke - Carbonator III Premium Carbonator-Sparkling & Seltzer Water Maker-Soda Maker with PET Bottle (Stainless Steel)</p><p> -16% 0FF </p><p>$189.99</p><a href="https://www.amazon.com/dp/B08HR72YN1?tag=eloabder-20&linkCode=osi&th=1&psc=1">View Product</a></div><div class="product"><a href="https://www.amazon.com/dp/B01MAVUI17?tag=eloabder-20&linkCode=osi&th=1&psc=1"><img src="https://m.media-amazon.com/images/I/31hwDO28c+L._SL500_.jpg" alt="Product Image"></a><p>iSi North America Soda Siphon Classic Mesh Sodamaker for Making Carbonating Beverages, 1 Quart, Stainless Steel,Silver</p><p> -27% 0FF </p><p>$91.24</p><a href="https://www.amazon.com/dp/B01MAVUI17?tag=eloabder-20&linkCode=osi&th=1&psc=1">View Product</a></div><div class="product"><a href="https://www.amazon.com/dp/B097TD8V5P?tag=eloabder-20&linkCode=osi&th=1&psc=1"><img src="https://m.media-amazon.com/images/I/41waAUN4cYL._SL500_.jpg" alt="Product Image"></a><p>SodaStream Terra Sparkling Water Maker (Black) with CO2 and DWS Bottle</p><p> -18% 0FF </p><p>$81.99</p><a href="https://www.amazon.com/dp/B097TD8V5P?tag=eloabder-20&linkCode=osi&th=1&psc=1">View Product</a></div><div class="product"><a href="https://www.amazon.com/dp/B0CG8W3YTG?tag=eloabder-20&linkCode=osi&th=1&psc=1"><img src="https://m.media-amazon.com/images/I/41o-dYH8ZFL._SL500_.jpg" alt="Product Image"></a><p>spoonlemon Sparkling Water Maker,Soda Streaming Machine for Home Use, Carbonated Water Machine with BPA Free 1L PET Bottle, Compatible with Any Screw-in 60L CO2 Exchange Carbonator, Black</p><p> -40% 0FF </p><p>$29.99</p><a href="https://www.amazon.com/dp/B0CG8W3YTG?tag=eloabder-20&linkCode=osi&th=1&psc=1">View Product</a></div>
<div class="product"><a href="https://www.amazon.com/dp/B0CNV1ZVFY?tag=eloabder-20&linkCode=osi&th=1&psc=1"><img src="https://m.media-amazon.com/images/I/51-GQToXwtL._SL500_.jpg" alt="Product Image"></a><p>Zulay Powerful Milk Frother (4 Duracell Batteries Included) - Handheld Milk Frother Wand Drink Mixer for Coffee - Powerful Milk Foamer for Cappuccino, Frappe, Matcha & Coffee Creamer - Black</p><p> -27% 0FF </p><p>$15.99</p><a href="https://www.amazon.com/dp/B0CNV1ZVFY?tag=eloabder-20&linkCode=osi&th=1&psc=1">View Product</a></div><div class="product"><a href="https://www.amazon.com/dp/B0CQS3ZS76?tag=eloabder-20&linkCode=osi&th=1&psc=1"><img src="https://m.media-amazon.com/images/I/41Qi-eOYOAL._SL500_.jpg" alt="Product Image"></a><p>5-in-1 Milk Frother and Steamer - Upgraded Automatic Milk Steamer 11.8oz Hot & Cold Foam Maker and Milk Warmer with LED Display Touch Screen & Two Whisks for Latte,Cappuccinos,Silent Working</p><p> -20% 0FF </p><p>$36.98</p><a href="https://www.amazon.com/dp/B0CQS3ZS76?tag=eloabder-20&linkCode=osi&th=1&psc=1">View Product</a></div><div class="product"><a href="https://www.amazon.com/dp/B0CT43RWPQ?tag=eloabder-20&linkCode=osi&th=1&psc=1"><img src="https://m.media-amazon.com/images/I/3113HSHcJUL._SL500_.jpg" alt="Product Image"></a><p>Keurig® SimpleCafé Milk Frother</p><p> -20% 0FF </p><p>$23.99</p><a href="https://www.amazon.com/dp/B0CT43RWPQ?tag=eloabder-20&linkCode=osi&th=1&psc=1">View Product</a></div>
<div class="product"><a href="https://www.amazon.com/dp/B00ZGCKLE2?tag=eloabder-20&linkCode=osi&th=1&psc=1"><img src="https://m.media-amazon.com/images/I/31i6YnOvfAL._SL500_.jpg" alt="Product Image"></a><p>DASH Deluxe Rapid Egg Cooker for Hard Boiled, Poached, Scrambled Eggs, Omelets, Steamed Vegetables, Dumplings & More, 12 capacity, with Auto Shut Off Feature - Black</p><p> -8% 0FF </p><p>$22.94</p><a href="https://www.amazon.com/dp/B00ZGCKLE2?tag=eloabder-20&linkCode=osi&th=1&psc=1">View Product</a></div><div class="product"><a href="https://www.amazon.com/dp/B09YFBKGCS?tag=eloabder-20&linkCode=osi&th=1&psc=1"><img src="https://m.media-amazon.com/images/I/31eiNcNseHL._SL500_.jpg" alt="Product Image"></a><p>Elite Gourmet Easy Electric 7 Egg Capacity Soft, Medium, Hard-Boiled Cooker Poacher, Scrambled, Omelet Maker with Auto Shut-Off and Buzzer, BPA Free</p><p> -7% 0FF </p><p>$13.99</p><a href="https://www.amazon.com/dp/B09YFBKGCS?tag=eloabder-20&linkCode=osi&th=1&psc=1">View Product</a></div>
<div class="product"><a href="https://www.amazon.com/dp/B0D69JWL18?tag=eloabder-20&linkCode=osi&th=1&psc=1"><img src="https://m.media-amazon.com/images/I/41kYQfIKwhL._SL500_.jpg" alt="Product Image"></a><p>Electric Meat Grinder, Sausage Stuffer Maker 450W(3000W Max) Food Grinder with Blade & 3 Plates, Sausage Stuffer Tubes & Kubbe Kit, Stainless Steel Heavy Duty Meat Mincer Machine for Home Kitchen Use</p><p> -15% 0FF </p><p>$68.99</p><a href="https://www.amazon.com/dp/B0D69JWL18?tag=eloabder-20&linkCode=osi&th=1&psc=1">View Product</a></div>
<div class="product"><a href="https://www.amazon.com/dp/B0DFMVWB9L?tag=eloabder-20&linkCode=osi&th=1&psc=1"><img src="https://m.media-amazon.com/images/I/419rFpp0fLL._SL500_.jpg" alt="Product Image"></a><p>Dough Mixer 7L Large Capacity Electric Dough Maker with Ferment Function for Baking Bread Dough&Pizza Dough - Dough whisk 304 Stainless Steel Blender Add water/seasoning with Top Small Window</p><p> -33% 0FF </p><p>$93.99</p><a href="https://www.amazon.com/dp/B0DFMVWB9L?tag=eloabder-20&linkCode=osi&th=1&psc=1">View Product</a></div><div class="product"><a href="https://www.amazon.com/dp/B09BVDKSTN?tag=eloabder-20&linkCode=osi&th=1&psc=1"><img src="https://m.media-amazon.com/images/I/41Y7r4SvteL._SL500_.jpg" alt="Product Image"></a><p>Kitchen in the box Stand Mixer,3.2Qt Small Electric Food Mixer,6 Speeds Portable Lightweight Kitchen Mixer for Daily Use with Egg Whisk,Dough Hook,Flat Beater (Blue)</p><p> -20% 0FF </p><p>$79.99</p><a href="https://www.amazon.com/dp/B09BVDKSTN?tag=eloabder-20&linkCode=osi&th=1&psc=1">View Product</a></div><div class="product"><a href="https://www.amazon.com/dp/B0DDT7GKZS?tag=eloabder-20&linkCode=osi&th=1&psc=1"><img src="https://m.media-amazon.com/images/I/41l9zrpiWsL._SL500_.jpg" alt="Product Image"></a><p>Electric Dough Maker with Ferment Function, 5L(5.2QT) Dough Mixer Machine with 304 Stainless Steel Bowl, Microcomputer Timing, Kitchen Stand Mixers, Household Flour Kneading Machine for Pizza Bread</p><p> -10% 0FF </p><p>$89.99</p><a href="https://www.amazon.com/dp/B0DDT7GKZS?tag=eloabder-20&linkCode=osi&th=1&psc=1">View Product</a></div>
<div class="product"><a href="https://www.amazon.com/dp/B006N453NQ?tag=eloabder-20&linkCode=osi&th=1&psc=1"><img src="https://m.media-amazon.com/images/I/311EqpHCn9L._SL500_.jpg" alt="Product Image"></a><p>IMUSA USA Tortilla Press, 8 Inch, Silver</p><p> -38% 0FF </p><p>$12.39</p><a href="https://www.amazon.com/dp/B006N453NQ?tag=eloabder-20&linkCode=osi&th=1&psc=1">View Product</a></div><div class="product"><a href="https://www.amazon.com/dp/B00455NTOU?tag=eloabder-20&linkCode=osi&th=1&psc=1"><img src="https://m.media-amazon.com/images/I/41OXJbbz3fL._SL500_.jpg" alt="Product Image"></a><p>CucinaPro Electric Tortilla Maker - 10" Pitas, Chapati, Roti, Flatbread, Non-Stick Cooking Plates with Ready Light and Cord Wrap</p><p> -12% 0FF </p><p>$61.65</p><a href="https://www.amazon.com/dp/B00455NTOU?tag=eloabder-20&linkCode=osi&th=1&psc=1">View Product</a></div><div class="product"><a href="https://www.amazon.com/dp/B00IFDGST6?tag=eloabder-20&linkCode=osi&th=1&psc=1"><img src="https://m.media-amazon.com/images/I/41gVmZedZML._SL500_.jpg" alt="Product Image"></a><p>Manual Corn Tortilla Maker by Monarca</p><p> -29% 0FF </p><p>$105.78</p><a href="https://www.amazon.com/dp/B00IFDGST6?tag=eloabder-20&linkCode=osi&th=1&psc=1">View Product</a></div><div class="product"><a href="https://www.amazon.com/dp/B0CRF6ZZDJ?tag=eloabder-20&linkCode=osi&th=1&psc=1"><img src="https://m.media-amazon.com/images/I/41NLGn3m6PL._SL500_.jpg" alt="Product Image"></a><p>10inch Roti Maker by StarBlue with FREE Roti Warmer and Removable Handle - The automatic Stainless Steel Non-Stick Electric machine to make Indian style Chapati, Tortilla, Roti AC 110V 50/60Hz 1200W</p><p> -13% 0FF </p><p>$69.99</p><a href="https://www.amazon.com/dp/B0CRF6ZZDJ?tag=eloabder-20&linkCode=osi&th=1&psc=1">View Product</a></div><div class="product"><a href="https://www.amazon.com/dp/B06XWNDKW7?tag=eloabder-20&linkCode=osi&th=1&psc=1"><img src="https://m.media-amazon.com/images/I/41nx+omSxCL._SL500_.jpg" alt="Product Image"></a><p>Made in Mexico Manual Corn Tortilla Maker GONZALEZ Maquina Tortilladora Aluminum 5.5" Automatic Cutting Machine</p><p> -5% 0FF </p><p>$209.87</p><a href="https://www.amazon.com/dp/B06XWNDKW7?tag=eloabder-20&linkCode=osi&th=1&psc=1">View Product</a></div>
<div class="product"><a href="https://www.amazon.com/dp/B0C82BY7CK?tag=eloabder-20&linkCode=osi&th=1&psc=1"><img src="https://m.media-amazon.com/images/I/51c+eLUrDVL._SL500_.jpg" alt="Product Image"></a><p>nutrichef Electric Crepe Maker Pan & Griddle, 12 Inch Nonstick Cooktop, LED Indicators & Adjustable Temperature Control, Includes Spatula, Batter Spreader, Cooks Crepes, Roti & Pancakes</p><p> -17% 0FF </p><p>$24.99</p><a href="https://www.amazon.com/dp/B0C82BY7CK?tag=eloabder-20&linkCode=osi&th=1&psc=1">View Product</a></div><div class="product"><a href="https://www.amazon.com/dp/B000WW46QA?tag=eloabder-20&linkCode=osi&th=1&psc=1"><img src="https://m.media-amazon.com/images/I/41CY+mgFAmL._SL500_.jpg" alt="Product Image"></a><p>CucinaPro Cordless Crepe Maker- FREE Recipe Guide, NonStick Dipping Plate plus Electric Base & Batter Spatula, Portable Compact Baker, Homemade Holiday Morning Breakfast or Dessert Treat, Gift for Her</p><p> -20% 0FF </p><p>$39.95</p><a href="https://www.amazon.com/dp/B000WW46QA?tag=eloabder-20&linkCode=osi&th=1&psc=1">View Product</a></div><div class="product"><a href="https://www.amazon.com/dp/B07GSFVVDB?tag=eloabder-20&linkCode=osi&th=1&psc=1"><img src="https://m.media-amazon.com/images/I/51XKEoqpDBL._SL500_.jpg" alt="Product Image"></a><p>Crepe Maker Machine (Easy to Use), Pancake Griddle – Nonstick 12” Electric Griddle – Pancake Maker, Batter Spreader, Wooden Spatula – Crepe Pan for Crepes Roti, Tortilla, Blintzes – Portable, Compact</p><p> -36% 0FF </p><p>$31.99 ($0.77 / oz)</p><a href="https://www.amazon.com/dp/B07GSFVVDB?tag=eloabder-20&linkCode=osi&th=1&psc=1">View Product</a></div><div class="product"><a href="https://www.amazon.com/dp/B001EZCJL8?tag=eloabder-20&linkCode=osi&th=1&psc=1"><img src="https://m.media-amazon.com/images/I/51Ih03aFGjL._SL500_.jpg" alt="Product Image"></a><p>12" Griddle & Crepe Maker, Non-Stick Electric Crepe Pan w Batter Spreader & Recipe Guide- Dual Use for Blintzes Eggs Pancakes, Portable, Adjustable Temperature Settings - Holiday Breakfast, Xmas Gift</p><p> -20% 0FF </p><p>$39.95</p><a href="https://www.amazon.com/dp/B001EZCJL8?tag=eloabder-20&linkCode=osi&th=1&psc=1">View Product</a></div>
<div class="product"><a href="https://www.amazon.com/dp/B000FZ4TZC?tag=eloabder-20&linkCode=osi&th=1&psc=1"><img src="https://m.media-amazon.com/images/I/31nyHOkItNL._SL500_.jpg" alt="Product Image"></a><p>Nostalgia 3 Tier Electric Chocolate Fondue Fountain Machine for Parties - Melts Cheese, Queso, Candy, and Liqueur - Dip Strawberries, Apple Wedges, Vegetables, and More - 24-Ounce - Black, Small</p><p> -13% 0FF </p><p>$34.99</p><a href="https://www.amazon.com/dp/B000FZ4TZC?tag=eloabder-20&linkCode=osi&th=1&psc=1">View Product</a></div><div class="product"><a href="https://www.amazon.com/dp/B0D7SZXBRW?tag=eloabder-20&linkCode=osi&th=1&psc=1"><img src="https://m.media-amazon.com/images/I/41+DhKbj5zL._SL500_.jpg" alt="Product Image"></a><p>Electric Chocolate Fondue Fountain Machine, 3-Tier Chocolate and Cheese Melting Fountain with 10oz Capacity, Stainless Steel Mini Chocolate Fountain for Parties, Weddings, Birthdays, and Events</p><p> -24% 0FF </p><p>$18.99</p><a href="https://www.amazon.com/dp/B0D7SZXBRW?tag=eloabder-20&linkCode=osi&th=1&psc=1">View Product</a></div>
<div class="product"><a href="https://www.amazon.com/dp/B0888F15LM?tag=eloabder-20&linkCode=osi&th=1&psc=1"><img src="https://m.media-amazon.com/images/I/41Ikd-J1tpL._SL500_.jpg" alt="Product Image"></a><p>Taylor Swoden Electric Kettle with Tea Infuser, 1L Small Electric Tea Kettle with Keep Warm, LED Light Hot Water Boiler & Heater for Coffee & Tea, Auto Shut-Off & Boil Dry Protection, BPA Free, Black</p><p> -7% 0FF </p><p>$27.99</p><a href="https://www.amazon.com/dp/B0888F15LM?tag=eloabder-20&linkCode=osi&th=1&psc=1">View Product</a></div>
<div class="product"><a href="https://www.amazon.com/dp/B07X6C6J25?tag=eloabder-20&linkCode=osi&th=1&psc=1"><img src="https://m.media-amazon.com/images/I/41RaGumc3qL._SL500_.jpg" alt="Product Image"></a><p>ALINK 5-Pack Bottle Brush Cleaner - Long Bamboo Handle Water Bottle Straw Cleaning Brush for Washing Narrow Neck Beer Wine Decanter, Sports Bottle, Thermos, Flask</p><p> -29% 0FF </p><p>$9.99</p><a href="https://www.amazon.com/dp/B07X6C6J25?tag=eloabder-20&linkCode=osi&th=1&psc=1">View Product</a></div><div class="product"><a href="https://www.amazon.com/dp/B0BQLGCQVD?tag=eloabder-20&linkCode=osi&th=1&psc=1"><img src="https://m.media-amazon.com/images/I/3144LGFz9-L._SL500_.jpg" alt="Product Image"></a><p>5 Pcs Bottle Brush with Stainless Steel and Long Handle, Specialized for Sports Bottles, Baby Bottle, Cups, Coffee Mugs, Glasswares, Tumblers, Wine Decanters Cleaning</p><p> -25% 0FF </p><p>$1.50</p><a href="https://www.amazon.com/dp/B0BQLGCQVD?tag=eloabder-20&linkCode=osi&th=1&psc=1">View Product</a></div>
<div class="product"><a href="https://www.amazon.com/dp/B01EVHWNVG?tag=eloabder-20&linkCode=osi&th=1&psc=1"><img src="https://m.media-amazon.com/images/I/41DiyhHQuzL._SL500_.jpg" alt="Product Image"></a><p>Zojirushi NS-LGC05XB Micom Rice Cooker & Warmer, 3-Cups (uncooked), Stainless Black</p><p> -27% 0FF </p><p>$142.14</p><a href="https://www.amazon.com/dp/B01EVHWNVG?tag=eloabder-20&linkCode=osi&th=1&psc=1">View Product</a></div><div class="product"><a href="https://www.amazon.com/dp/B098BVDKYK?tag=eloabder-20&linkCode=osi&th=1&psc=1"><img src="https://m.media-amazon.com/images/I/31LwHSfartL._SL500_.jpg" alt="Product Image"></a><p>Aroma Housewares 4-Cups (Cooked) / 1Qt. Rice & Grain Cooker (ARC-302NGP), Pink</p><p> -20% 0FF </p><p>$19.99</p><a href="https://www.amazon.com/dp/B098BVDKYK?tag=eloabder-20&linkCode=osi&th=1&psc=1">View Product</a></div><div class="product"><a href="https://www.amazon.com/dp/B091BZQMMT?tag=eloabder-20&linkCode=osi&th=1&psc=1"><img src="https://m.media-amazon.com/images/I/31L3e+bmJ3L._SL500_.jpg" alt="Product Image"></a><p>GreenLife 4-Cup Digital Rice Cooker, PFAS & PFOA-Free Removable Ceramic Dishwasher Safe Pot, Healthy Cooking Oats Grains & More, Auto Presets, Touch-screen, Delay & Keep Warm, Paddle Included, White</p><p> -34% 0FF </p><p>$33.00</p><a href="https://www.amazon.com/dp/B091BZQMMT?tag=eloabder-20&linkCode=osi&th=1&psc=1">View Product</a></div><div class="product"><a href="https://www.amazon.com/dp/B00007J5U7?tag=eloabder-20&linkCode=osi&th=1&psc=1"><img src="https://m.media-amazon.com/images/I/31wuPFARpOS._SL500_.jpg" alt="Product Image"></a><p>Zojirushi NS-ZCC10 5-1/2-Cup Neuro Fuzzy Rice Cooker and Warmer, Premium White</p><p> -18% 0FF </p><p>$199.99</p><a href="https://www.amazon.com/dp/B00007J5U7?tag=eloabder-20&linkCode=osi&th=1&psc=1">View Product</a></div>
<div class="product"><a href="https://www.amazon.com/dp/B01LYR6VNZ?tag=eloabder-20&linkCode=osi&th=1&psc=1"><img src="https://m.media-amazon.com/images/I/51BYZ5qkPBL._SL500_.jpg" alt="Product Image"></a><p>BLACK+DECKER 1.5-Cup Electric Food Chopper, One Touch Pulse, 150W Motor, Stay-Sharp Blade, Dishwasher Safe</p><p> -15% 0FF </p><p>$16.99</p><a href="https://www.amazon.com/dp/B01LYR6VNZ?tag=eloabder-20&linkCode=osi&th=1&psc=1">View Product</a></div><div class="product"><a href="https://www.amazon.com/dp/B01LX8I3R3?tag=eloabder-20&linkCode=osi&th=1&psc=1"><img src="https://m.media-amazon.com/images/I/31OuiPMscGL._SL500_.jpg" alt="Product Image"></a><p>KitchenAid KFC3516CU 3.5 Cup Food Chopper, Contour Silver</p><p> -25% 0FF </p><p>$44.95</p><a href="https://www.amazon.com/dp/B01LX8I3R3?tag=eloabder-20&linkCode=osi&th=1&psc=1">View Product</a></div><div class="product"><a href="https://www.amazon.com/dp/B00006IUX0?tag=eloabder-20&linkCode=osi&th=1&psc=1"><img src="https://m.media-amazon.com/images/I/41DiC1LmvUL._SL500_.jpg" alt="Product Image"></a><p>Proctor Silex Durable Electric Vegetable Chopper & Mini Food Processor for Chopping, Puree & Emulsify, 1.5 Cup, 1.5 cups, White</p><p> -17% 0FF </p><p>$14.99</p><a href="https://www.amazon.com/dp/B00006IUX0?tag=eloabder-20&linkCode=osi&th=1&psc=1">View Product</a></div><div class="product"><a href="https://www.amazon.com/dp/B0CSYVGP9S?tag=eloabder-20&linkCode=osi&th=1&psc=1"><img src="https://m.media-amazon.com/images/I/41kBleyq34L._SL500_.jpg" alt="Product Image"></a><p>DEVINC Food Processor, Electric Food Chopper with 2 Bowls (8 Cup+8 Cup), 2 Sets Blades, 500W Meat Grinder & Veggie Chopper, 2 Speed for Baby food &Family Use Blue</p><p> -40% 0FF </p><p>$29.99</p><a href="https://www.amazon.com/dp/B0CSYVGP9S?tag=eloabder-20&linkCode=osi&th=1&psc=1">View Product</a></div>
<div class="product"><a href="https://www.amazon.com/dp/B07D7TFTVN?tag=eloabder-20&linkCode=osi&th=1&psc=1"><img src="https://m.media-amazon.com/images/I/31ZeQnL1X4L._SL500_.jpg" alt="Product Image"></a><p>Elite Gourmet EMT-625B Ultimate Precision Electric Deli Food Meat Slicer Removable Stainless Steel Blade, Adjustable Thickness, Ideal for Cold Cuts, Hard Cheese, Vegetables & Bread, 7.5”, Black</p><p> -25% 0FF </p><p>$60.24</p><a href="https://www.amazon.com/dp/B07D7TFTVN?tag=eloabder-20&linkCode=osi&th=1&psc=1">View Product</a></div><div class="product"><a href="https://www.amazon.com/dp/B0CLDD8DHP?tag=eloabder-20&linkCode=osi&th=1&psc=1"><img src="https://m.media-amazon.com/images/I/41ScDNLkLAL._SL500_.jpg" alt="Product Image"></a><p>Meat Slicer,TOKASS Electric Deli Food Slicer with Removable 7.5’’ Stainless Steel Blade, Adjustable Thickness Meat Slicer for Home Use, Child Lock Protection, Easy to Clean, Food Slicer Machine-Silver</p><p> -5% 0FF </p><p>$89.99</p><a href="https://www.amazon.com/dp/B0CLDD8DHP?tag=eloabder-20&linkCode=osi&th=1&psc=1">View Product</a></div><div class="product"><a href="https://www.amazon.com/dp/B08FWZ9J18?tag=eloabder-20&linkCode=osi&th=1&psc=1"><img src="https://m.media-amazon.com/images/I/41YjSPaAYwL._SL500_.jpg" alt="Product Image"></a><p>Meat Slicer, Techwood Electric Deil Food Slicer with Removable 9” Stainless Steel Blade, Deli Cheese Fruit Vegetable Bread Cutter with Adjustable Knob for Thickness, Food Carriage & Non-Slip Feet</p><p> -22% 0FF </p><p>$139.98</p><a href="https://www.amazon.com/dp/B08FWZ9J18?tag=eloabder-20&linkCode=osi&th=1&psc=1">View Product</a></div>
<div class="product"><a href="https://www.amazon.com/dp/B00XPRRHYW?tag=eloabder-20&linkCode=osi&th=1&psc=1"><img src="https://m.media-amazon.com/images/I/31dUvP1wfeL._SL500_.jpg" alt="Product Image"></a><p>KitchenAid Fruit and Vegetable Spiralizer Attachment Stand Mixer, Polished Aluminum</p><p> -46% 0FF </p><p>$69.99</p><a href="https://www.amazon.com/dp/B00XPRRHYW?tag=eloabder-20&linkCode=osi&th=1&psc=1">View Product</a></div>
<div class="product"><a href="https://www.amazon.com/dp/B07DD3CPMW?tag=eloabder-20&linkCode=osi&th=1&psc=1"><img src="https://m.media-amazon.com/images/I/415ikDbvbCL._SL500_.jpg" alt="Product Image"></a><p>OVENTE Portable 5 Speed Mixing Electric Hand Mixer with Stainless Steel Whisk Beater Attachments & Snap Storage Case, Compact Lightweight 150 Watt Powerful Blender for Baking & Cooking, Red HM151R</p><p> -8% 0FF </p><p>$15.63</p><a href="https://www.amazon.com/dp/B07DD3CPMW?tag=eloabder-20&linkCode=osi&th=1&psc=1">View Product</a></div><div class="product"><a href="https://www.amazon.com/dp/B009N68ULS?tag=eloabder-20&linkCode=osi&th=1&psc=1"><img src="https://m.media-amazon.com/images/I/31pxKM3rl7L._SL500_.jpg" alt="Product Image"></a><p>KitchenAid 5 Speed Ultra Power Hand Mixer, Onyx Black</p><p> -25% 0FF </p><p>$44.95</p><a href="https://www.amazon.com/dp/B009N68ULS?tag=eloabder-20&linkCode=osi&th=1&psc=1">View Product</a></div><div class="product"><a href="https://www.amazon.com/dp/B09JV8DBX5?tag=eloabder-20&linkCode=osi&th=1&psc=1"><img src="https://m.media-amazon.com/images/I/31rRc0J8DTL._SL500_.jpg" alt="Product Image"></a><p>KitchenAid 6 Speed Hand Mixer with Flex Edge Beaters - KHM6118</p><p> -25% 0FF </p><p>$59.99</p><a href="https://www.amazon.com/dp/B09JV8DBX5?tag=eloabder-20&linkCode=osi&th=1&psc=1">View Product</a></div><div class="product"><a href="https://www.amazon.com/dp/B0BS75GLH2?tag=eloabder-20&linkCode=osi&th=1&psc=1"><img src="https://m.media-amazon.com/images/I/31Dss3HeqwL._SL500_.jpg" alt="Product Image"></a><p>Electric Egg Beater, Cordless Hand Mixer 3 Speeds for Home Baking (Black)</p><p> -11% 0FF </p><p>$15.97</p><a href="https://www.amazon.com/dp/B0BS75GLH2?tag=eloabder-20&linkCode=osi&th=1&psc=1">View Product</a></div><div class="product"><a href="https://www.amazon.com/dp/B075X1KPLZ?tag=eloabder-20&linkCode=osi&th=1&psc=1"><img src="https://m.media-amazon.com/images/I/515aqZsYz-L._SL500_.jpg" alt="Product Image"></a><p>Mueller Immersion Blender Handheld - 8 Speed Stainless Steel Electric Hand Blender, 3 in 1 Emulsion Blender Handheld with Turbo Mode, Stick Blender Emulsifier for Kitchen for Soup, Smoothie, Puree</p><p> -13% 0FF </p><p>$34.99</p><a href="https://www.amazon.com/dp/B075X1KPLZ?tag=eloabder-20&linkCode=osi&th=1&psc=1">View Product</a></div>
<div class="product"><a href="https://www.amazon.com/dp/B07GJXFCGR?tag=eloabder-20&linkCode=osi&th=1&psc=1"><img src="https://m.media-amazon.com/images/I/41bfOIwQ93L._SL500_.jpg" alt="Product Image"></a><p>Whisk Wiper® PRO compatible with KitchenAid Bowl-Lift Stand Mixers - Mix Without The Mess - The Ultimate Stand Mixer Accessory - Only Compatible With 6-Wire Whisks (Glass Blue)</p><p> -5% 0FF </p><p>$18.95</p><a href="https://www.amazon.com/dp/B07GJXFCGR?tag=eloabder-20&linkCode=osi&th=1&psc=1">View Product</a></div><div class="product"><a href="https://www.amazon.com/dp/B07796MWGN?tag=eloabder-20&linkCode=osi&th=1&psc=1"><img src="https://m.media-amazon.com/images/I/41GMDDQ6GWL._SL500_.jpg" alt="Product Image"></a><p>Whisk Wiper® PRO for Stand Mixers - Mix Without The Mess - The Ultimate Stand Mixer Accessory - Compatible With KitchenAid Tilt-Head Stand Mixers - 4.5qt, 5qt (Color: Clear)</p><p> -5% 0FF </p><p>$18.95</p><a href="https://www.amazon.com/dp/B07796MWGN?tag=eloabder-20&linkCode=osi&th=1&psc=1">View Product</a></div><div class="product"><a href="https://www.amazon.com/dp/B091F4PDNH?tag=eloabder-20&linkCode=osi&th=1&psc=1"><img src="https://m.media-amazon.com/images/I/31sUVweurbL._SL500_.jpg" alt="Product Image"></a><p>3- in-1 Immersion Hand blender, Powerful MOTOR & Stainless Steel Stick Blender, 4 Sharpe Blades with Whisk, Milk Frother Attachments</p><p> -16% 0FF </p><p>$22.80</p><a href="https://www.amazon.com/dp/B091F4PDNH?tag=eloabder-20&linkCode=osi&th=1&psc=1">View Product</a></div><div class="product"><a href="https://www.amazon.com/dp/B0CH4YZMTN?tag=eloabder-20&linkCode=osi&th=1&psc=1"><img src="https://m.media-amazon.com/images/I/41Q0AfduopL._SL500_.jpg" alt="Product Image"></a><p>Double Whisk Milk Frother, Handheld Electric Blender stick, Drink Mixer with Food Grade Stainless Steel Stirrer, Battery Operated Foam Maker for Coffee, Cappuccino, Matcha,Hot Chocolate Latte, in Pink</p><p> -20% 0FF </p><p>$7.99</p><a href="https://www.amazon.com/dp/B0CH4YZMTN?tag=eloabder-20&linkCode=osi&th=1&psc=1">View Product</a></div>
<div class="product"><a href="https://www.amazon.com/dp/B072TNMLNF?tag=eloabder-20&linkCode=osi&th=1&psc=1"><img src="https://m.media-amazon.com/images/I/41OnUdyH+sL._SL500_.jpg" alt="Product Image"></a><p>KitchenAid Vegetable Sheet Cutter, 1, Metallic</p><p> -38% 0FF </p><p>$79.99</p><a href="https://www.amazon.com/dp/B072TNMLNF?tag=eloabder-20&linkCode=osi&th=1&psc=1">View Product</a></div><div class="product"><a href="https://www.amazon.com/dp/B08GS17PFW?tag=eloabder-20&linkCode=osi&th=1&psc=1"><img src="https://m.media-amazon.com/images/I/41wT8q2I1aL._SL500_.jpg" alt="Product Image"></a><p>Spiralizer Attachment (5 Blades) Compatible with KitchenAid Stand Mixer, Comes with Peel, Core and Slice (Not KitchenAid Brand Spiralizer)</p><p> -22% 0FF </p><p>$69.98</p><a href="https://www.amazon.com/dp/B08GS17PFW?tag=eloabder-20&linkCode=osi&th=1&psc=1">View Product</a></div><div class="product"><a href="https://www.amazon.com/dp/B07H4K499J?tag=eloabder-20&linkCode=osi&th=1&psc=1"><img src="https://m.media-amazon.com/images/I/41y9+qxAXXL._SL500_.jpg" alt="Product Image"></a><p>Electric Food Processor,Food Chopper with Garlic Peeler and Titanium Coating Blades, 5 Cup Glass Bowl for Vegetables Fruit Salad Onion Garlic Meat Ice Chopper, Silver</p><p> -7% 0FF </p><p>$41.99</p><a href="https://www.amazon.com/dp/B07H4K499J?tag=eloabder-20&linkCode=osi&th=1&psc=1">View Product</a></div><div class="product"><a href="https://www.amazon.com/dp/B0D54CYJWN?tag=eloabder-20&linkCode=osi&th=1&psc=1"><img src="https://m.media-amazon.com/images/I/41JhLwIwMEL._SL500_.jpg" alt="Product Image"></a><p>Sunvivi Electric Food Chopper, 4 in 1 Small Food Processor for Grinding Meat, Peeling Garlic & Juicing, 2 Speed Blender and Food Grinder Combo with 1.5L Glass Bowl & 2 Cups (0.4L+0.2L), Black</p><p> -17% 0FF </p><p>$49.99</p><a href="https://www.amazon.com/dp/B0D54CYJWN?tag=eloabder-20&linkCode=osi&th=1&psc=1">View Product</a></div>
<div class="product"><a href="https://www.amazon.com/dp/B0CJLKS9CR?tag=eloabder-20&linkCode=osi&th=1&psc=1"><img src="https://m.media-amazon.com/images/I/41l9Ty14tRL._SL500_.jpg" alt="Product Image"></a><p>Mason Jar Vacuum Sealer - Electric Mason Jar Sealer Vacuum Sealing Kit, Vacuum Sealer for Mason Canning Jars with Can Opener, Regular and Wide Mouth Mason Jar Lids</p><p> -63% 0FF </p><p>$21.99</p><a href="https://www.amazon.com/dp/B0CJLKS9CR?tag=eloabder-20&linkCode=osi&th=1&psc=1">View Product</a></div>
<div class="product"><a href="https://www.amazon.com/dp/B01261VEOG?tag=eloabder-20&linkCode=osi&th=1&psc=1"><img src="https://m.media-amazon.com/images/I/418kVwEu+dL._SL500_.jpg" alt="Product Image"></a><p>Secura Electric Wine Opener, Automatic Electric Wine Bottle Corkscrew Opener with Foil Cutter, Rechargeable (Stainless Steel)</p><p> -35% 0FF </p><p>$21.77</p><a href="https://www.amazon.com/dp/B01261VEOG?tag=eloabder-20&linkCode=osi&th=1&psc=1">View Product</a></div><div class="product"><a href="https://www.amazon.com/dp/B07MH2W7QS?tag=eloabder-20&linkCode=osi&th=1&psc=1"><img src="https://m.media-amazon.com/images/I/41SB3Mq+ZtL._SL500_.jpg" alt="Product Image"></a><p>Air Pressure Pump Bottle Opener With Foil Cutter,Aerator Pourer,Vacuum Stopper(4PCS),Simple Cork Remover,Efficient Corkscrew Bottle Opener,Great For Wine Lovers,Perfect Wine Gift.</p><p> -33% 0FF </p><p>$9.99</p><a href="https://www.amazon.com/dp/B07MH2W7QS?tag=eloabder-20&linkCode=osi&th=1&psc=1">View Product</a></div><div class="product"><a href="https://www.amazon.com/dp/B08D8XHNXQ?tag=eloabder-20&linkCode=osi&th=1&psc=1"><img src="https://m.media-amazon.com/images/I/412uOa7TXAL._SL500_.jpg" alt="Product Image"></a><p>COKUNST Electric Wine Opener, Battery Operated Wine Bottle Openers with Foil Cutter, One-click Button Corkscrew Remover for Home Kitchen Party Wedding</p><p> -32% 0FF </p><p>$12.99</p><a href="https://www.amazon.com/dp/B08D8XHNXQ?tag=eloabder-20&linkCode=osi&th=1&psc=1">View Product</a></div><div class="product"><a href="https://www.amazon.com/dp/B00NOPV4JO?tag=eloabder-20&linkCode=osi&th=1&psc=1"><img src="https://m.media-amazon.com/images/I/31Z5OAL71SL._SL500_.jpg" alt="Product Image"></a><p>Rabbit Automatic Electric Corkscrew Wine Bottle Opener, One Size, Shiny Black</p><p> -24% 0FF </p><p>$34.99</p><a href="https://www.amazon.com/dp/B00NOPV4JO?tag=eloabder-20&linkCode=osi&th=1&psc=1">View Product</a></div>
<div class="product"><a href="https://www.amazon.com/dp/B0C84YQTNB?tag=eloabder-20&linkCode=osi&th=1&psc=1"><img src="https://m.media-amazon.com/images/I/51eZxT5kAZL._SL500_.jpg" alt="Product Image"></a><p>OurWarm Christmas Refrigerator Handle Covers Set of 4, Christmas Kitchen Decor Nutcracker Fridge Door Handle Cover Appliance Handle Covers for Christmas Decorations</p><p> -23% 0FF </p><p>$9.99 ($2.50 / Count)</p><a href="https://www.amazon.com/dp/B0C84YQTNB?tag=eloabder-20&linkCode=osi&th=1&psc=1">View Product</a></div><div class="product"><a href="https://www.amazon.com/dp/B0DJPYJTLW?tag=eloabder-20&linkCode=osi&th=1&psc=1"><img src="https://m.media-amazon.com/images/I/41nftVACcIL._SL500_.jpg" alt="Product Image"></a><p>Yankee Candle Scentplug Diffuser, Nutcracker with Light Sensor</p><p> -13% 0FF </p><p>$19.89</p><a href="https://www.amazon.com/dp/B0DJPYJTLW?tag=eloabder-20&linkCode=osi&th=1&psc=1">View Product</a></div>
<div class="product"><a href="https://www.amazon.com/dp/B0BNQXXT2F?tag=eloabder-20&linkCode=osi&th=1&psc=1"><img src="https://m.media-amazon.com/images/I/31X0LkDwyKL._SL500_.jpg" alt="Product Image"></a><p>Hamilton Beach Electric Knife Set with Reciprocating Serrated Blades, Storage Case, Fork - For Carving Meats, Bread, Foam, More</p><p> -14% 0FF </p><p>$21.49</p><a href="https://www.amazon.com/dp/B0BNQXXT2F?tag=eloabder-20&linkCode=osi&th=1&psc=1">View Product</a></div><div class="product"><a href="https://www.amazon.com/dp/B00006IUX1?tag=eloabder-20&linkCode=osi&th=1&psc=1"><img src="https://m.media-amazon.com/images/I/21YsbXZzuqL._SL500_.jpg" alt="Product Image"></a><p>Proctor Silex Easy Slice Electric Knife for Carving Meats, Poultry, Bread, Crafting Foam and More, Lightweight with Contoured Grip, White</p><p> -5% 0FF </p><p>$18.99</p><a href="https://www.amazon.com/dp/B00006IUX1?tag=eloabder-20&linkCode=osi&th=1&psc=1">View Product</a></div>

<div class="product"><a href="https://www.amazon.com/dp/B079MJ68Y9?tag=eloabder-20&linkCode=osi&th=1&psc=1"><img src="https://m.media-amazon.com/images/I/211nSaqDuuL._SL500_.jpg" alt="Product Image"></a><p>OVENTE Electric Immersion Hand Blender 300 Watt 2 Mixing Speed with Stainless Steel Blades, Powerful Portable Easy Control Grip Stick Mixer Perfect for Smoothies, Puree Baby Food & Soup, Red HS560R</p><p> -23% 0FF </p><p>$16.96</p><a href="https://www.amazon.com/dp/B079MJ68Y9?tag=eloabder-20&linkCode=osi&th=1&psc=1">View Product</a></div><div class="product"><a href="https://www.amazon.com/dp/B08HSNGR8P?tag=eloabder-20&linkCode=osi&th=1&psc=1"><img src="https://m.media-amazon.com/images/I/510nvQxxbfL._SL500_.jpg" alt="Product Image"></a><p>Mueller Multistick 800W 4-in-1 Immersion Blender Handheld, 12 Speed Hand Mixer - Turbo Boost, Heaviest Duty Copper Motor, Titanium Blades Hand Blender, Milk Frother Wand, Whisk, Beaker, Chopper</p><p> -20% 0FF </p><p>$39.96</p><a href="https://www.amazon.com/dp/B08HSNGR8P?tag=eloabder-20&linkCode=osi&th=1&psc=1">View Product</a></div><div class="product"><a href="https://www.amazon.com/dp/B08F2SS6T2?tag=eloabder-20&linkCode=osi&th=1&psc=1"><img src="https://m.media-amazon.com/images/I/21TyV9p71CL._SL500_.jpg" alt="Product Image"></a><p>KitchenAid Variable Speed Corded Hand Blender KHBV53, Empire Red</p><p> -25% 0FF </p><p>$44.99</p><a href="https://www.amazon.com/dp/B08F2SS6T2?tag=eloabder-20&linkCode=osi&th=1&psc=1">View Product</a></div>
<div class="product"><a href="https://www.amazon.com/dp/B0DB29NMGK?tag=eloabder-20&linkCode=osi&th=1&psc=1"><img src="https://m.media-amazon.com/images/I/41zIfRgW1QL._SL500_.jpg" alt="Product Image"></a><p>Garlic Press, UHIYEE Multipurpose Garlic Grinder BPA-Free, Garlic Crusher Tool Dishwasher Safe, Easy-Clean Garlic Press Mincer, Ideal Kitchen Gifts</p><p> -14% 0FF </p><p>$18.95</p><a href="https://www.amazon.com/dp/B0DB29NMGK?tag=eloabder-20&linkCode=osi&th=1&psc=1">View Product</a></div><div class="product"><a href="https://www.amazon.com/dp/B0D969K4X6?tag=eloabder-20&linkCode=osi&th=1&psc=1"><img src="https://m.media-amazon.com/images/I/41oe5uMPzbL._SL500_.jpg" alt="Product Image"></a><p>KOIOS Food Processor, 500W Electric Food Chopper with 2 Bowls (8 Cup+8 Cup) & 2 Bi-Level Blades&, Small Electric Grinder Meat Processor for Nuts, Meat, Onion, Garlic, Baby Food, Blue</p><p> -25% 0FF </p><p>$29.99</p><a href="https://www.amazon.com/dp/B0D969K4X6?tag=eloabder-20&linkCode=osi&th=1&psc=1">View Product</a></div>
<div class="product"><a href="https://www.amazon.com/dp/B01MUTSU13?tag=eloabder-20&linkCode=osi&th=1&psc=1"><img src="https://m.media-amazon.com/images/I/41LObBw8jvL._SL500_.jpg" alt="Product Image"></a><p>KitchenAid Fresh Prep Slicer/Shredder, 1, White</p><p> -25% 0FF </p><p>$44.99</p><a href="https://www.amazon.com/dp/B01MUTSU13?tag=eloabder-20&linkCode=osi&th=1&psc=1">View Product</a></div><div class="product"><a href="https://www.amazon.com/dp/B0CRDX11GS?tag=eloabder-20&linkCode=osi&th=1&psc=1"><img src="https://m.media-amazon.com/images/I/41FzBxdrTHL._SL500_.jpg" alt="Product Image"></a><p>Heiolkako Stainless Steel Slicer Shredder Attachment for KitchenAid Stand Mixer,Cheese Grater,Salad Maker,Grinding Powder,Kitchenaid Cheese Grater Attachment with 4 Blades</p><p> -54% 0FF </p><p>$32.19</p><a href="https://www.amazon.com/dp/B0CRDX11GS?tag=eloabder-20&linkCode=osi&th=1&psc=1">View Product</a></div><div class="product"><a href="https://www.amazon.com/dp/B07H96RQDK?tag=eloabder-20&linkCode=osi&th=1&psc=1"><img src="https://m.media-amazon.com/images/I/41TaPboi9IL._SL500_.jpg" alt="Product Image"></a><p>Slicer Shredder Attachment for KitchenAid Stand Mixers, Vegetable for Kitchenaid, Cheese Grater by Gvode</p><p> -23% 0FF </p><p>$35.99</p><a href="https://www.amazon.com/dp/B07H96RQDK?tag=eloabder-20&linkCode=osi&th=1&psc=1">View Product</a></div><div class="product"><a href="https://www.amazon.com/dp/B09ZTVCN76?tag=eloabder-20&linkCode=osi&th=1&psc=1"><img src="https://m.media-amazon.com/images/I/51295QO3owL._SL500_.jpg" alt="Product Image"></a><p>FOHERE Electric Cheese Grater Salad Maker, Electric Slicer Shredder for Home Kitchen Use, One-Touch Easy Control, Electric Grater for Vegetables, Cheeses and Nuts, BPA-Free, Red</p><p> -8% 0FF </p><p>$54.99</p><a href="https://www.amazon.com/dp/B09ZTVCN76?tag=eloabder-20&linkCode=osi&th=1&psc=1">View Product</a></div><div class="product"><a href="https://www.amazon.com/dp/B00006IV0R?tag=eloabder-20&linkCode=osi&th=1&psc=1"><img src="https://m.media-amazon.com/images/I/41hdPUCSeiL._SL500_.jpg" alt="Product Image"></a><p>Presto Salad Shooter Electric Slicer/Shredder,White</p><p> -12% 0FF </p><p>$43.99</p><a href="https://www.amazon.com/dp/B00006IV0R?tag=eloabder-20&linkCode=osi&th=1&psc=1">View Product</a></div><div class="product"><a href="https://www.amazon.com/dp/B0000Z6JJG?tag=eloabder-20&linkCode=osi&th=1&psc=1"><img src="https://m.media-amazon.com/images/I/41qu0qCEbpL._SL500_.jpg" alt="Product Image"></a><p>Presto 02970 Professional SaladShooter Electric Slicer/Shredder, Black,1 count</p><p> -7% 0FF </p><p>$69.94</p><a href="https://www.amazon.com/dp/B0000Z6JJG?tag=eloabder-20&linkCode=osi&th=1&psc=1">View Product</a></div>
<div class="product"><a href="https://www.amazon.com/dp/B0CRH69TNQ?tag=eloabder-20&linkCode=osi&th=1&psc=1"><img src="https://m.media-amazon.com/images/I/41TdTRUZE+L._SL500_.jpg" alt="Product Image"></a><p>KSIFJRTO Electric Salad Spinner Large 4.75L.Vegetable Washer Dryer Dishwasher Safe.Lettuce Cleaner and Dryer.BPA Free and Easy to Use</p><p> -5% 0FF </p><p>$37.99</p><a href="https://www.amazon.com/dp/B0CRH69TNQ?tag=eloabder-20&linkCode=osi&th=1&psc=1">View Product</a></div><div class="product"><a href="https://www.amazon.com/dp/B0C8166T64?tag=eloabder-20&linkCode=osi&th=1&psc=1"><img src="https://m.media-amazon.com/images/I/51vSDD8O4XL._SL500_.jpg" alt="Product Image"></a><p>Electric Salad Spinner 6.3-Quart– Large Capacity Lettuce Spinner with Squeeze Bottle,Built-In Draining System,and Bowl & Colander – Serves 6-12 Persons Perfect for Family Meals, Parties and Gatherings</p><p> -20% 0FF </p><p>$39.99</p><a href="https://www.amazon.com/dp/B0C8166T64?tag=eloabder-20&linkCode=osi&th=1&psc=1">View Product</a></div><div class="product"><a href="https://www.amazon.com/dp/B0CBRXK8TV?tag=eloabder-20&linkCode=osi&th=1&psc=1"><img src="https://m.media-amazon.com/images/I/51F8UrWeiVL._SL500_.jpg" alt="Product Image"></a><p>Electric Salad Spinner,Automatic Salad Rotator,USB Chargeble Lettuce Spinner- Easy Water Drain System,Lettuce Cleaner and Dryer for Home Kitchen Washing & Drying Leafy Vegetables (White)</p><p> -11% 0FF </p><p>$32.99</p><a href="https://www.amazon.com/dp/B0CBRXK8TV?tag=eloabder-20&linkCode=osi&th=1&psc=1">View Product</a></div>
<div class="product"><a href="https://www.amazon.com/dp/B06XQMK2GJ?tag=eloabder-20&linkCode=osi&th=1&psc=1"><img src="https://m.media-amazon.com/images/I/31e1L9CJeZL._SL500_.jpg" alt="Product Image"></a><p>Hobart 00-270348 Tenderizer Cover, 13" Height, 13" Width, 9" Length</p><p> -43% 0FF </p><p>$153.87</p><a href="https://www.amazon.com/dp/B06XQMK2GJ?tag=eloabder-20&linkCode=osi&th=1&psc=1">View Product</a></div>
<div class="product"><a href="https://www.amazon.com/dp/B001DZ6TH4?tag=eloabder-20&linkCode=osi&th=1&psc=1"><img src="https://m.media-amazon.com/images/I/31WNioaDy-L._SL500_.jpg" alt="Product Image"></a><p>Tribest CitriStar Citrus Stainless Steel Strainer and Spout, Electric Juicer, White</p><p> -22% 0FF </p><p>$46.96</p><a href="https://www.amazon.com/dp/B001DZ6TH4?tag=eloabder-20&linkCode=osi&th=1&psc=1">View Product</a></div>
<div class="product"><a href="https://www.amazon.com/dp/B07SJQZVZS?tag=eloabder-20&linkCode=osi&th=1&psc=1"><img src="https://m.media-amazon.com/images/I/41F036om3pL._SL500_.jpg" alt="Product Image"></a><p>WEPSEN Hand Mixer Electric Mixing Bowls Set, 5 Speeds Handheld Mixer with 4 Nesting Stainless Steel Mixing Bowl, Measuring Cups Spoons 200W Kitchen Blender Whisk Beater Baking Supplies For Beginner</p><p> -5% 0FF </p><p>$40.99</p><a href="https://www.amazon.com/dp/B07SJQZVZS?tag=eloabder-20&linkCode=osi&th=1&psc=1">View Product</a></div><div class="product"><a href="https://www.amazon.com/dp/B08PYNC8T8?tag=eloabder-20&linkCode=osi&th=1&psc=1"><img src="https://m.media-amazon.com/images/I/31vrHycpiJL._SL500_.jpg" alt="Product Image"></a><p>Milk Frothing Pitcher, 12 Oz Milk Frother Steamer Cup Stainless Steel Espresso Cup</p><p> -28% 0FF </p><p>$8.69</p><a href="https://www.amazon.com/dp/B08PYNC8T8?tag=eloabder-20&linkCode=osi&th=1&psc=1">View Product</a></div><div class="product"><a href="https://www.amazon.com/dp/B08J3XXP67?tag=eloabder-20&linkCode=osi&th=1&psc=1"><img src="https://m.media-amazon.com/images/I/41OnPGc9k9L._SL500_.jpg" alt="Product Image"></a><p>EIKS 2 Pack 3oz(100ml) Glass Measuring Cups Milk Frothing Pitcher for Coffee Espresso Cappuccino Latte Juice Maker in Kitchen Restaurant</p><p> -16% 0FF </p><p>$9.99 ($5.00 / Count)</p><a href="https://www.amazon.com/dp/B08J3XXP67?tag=eloabder-20&linkCode=osi&th=1&psc=1">View Product</a></div>
<div class="product"><a href="https://www.amazon.com/dp/B0D41QZ9T2?tag=eloabder-20&linkCode=osi&th=1&psc=1"><img src="https://m.media-amazon.com/images/I/41V+hiXhcgL._SL500_.jpg" alt="Product Image"></a><p>3 in 1 Cup Lid Cleaning Brush, 2024 Multifunctional Crevice Portable Cup Lid Cleaning Brush for Bottle Gap Tight Spaces Cup (B-Green)</p><p> -60% 0FF </p><p>$3.99</p><a href="https://www.amazon.com/dp/B0D41QZ9T2?tag=eloabder-20&linkCode=osi&th=1&psc=1">View Product</a></div><div class="product"><a href="https://www.amazon.com/dp/B08ZJXMHR5?tag=eloabder-20&linkCode=osi&th=1&psc=1"><img src="https://m.media-amazon.com/images/I/31k9l0vz6VL._SL500_.jpg" alt="Product Image"></a><p>Brew Addicts Coffee Scoop Funnel for Reusable K Cups, Coffee Spoon Keurig Accessories for Keurig Brewers & Other Refillable Capsules, Dark Black</p><p> -9% 0FF </p><p>$8.99</p><a href="https://www.amazon.com/dp/B08ZJXMHR5?tag=eloabder-20&linkCode=osi&th=1&psc=1">View Product</a></div><div class="product"><a href="https://www.amazon.com/dp/B07C4TXDSL?tag=eloabder-20&linkCode=osi&th=1&psc=1"><img src="https://m.media-amazon.com/images/I/41BNPoEQz+L._SL500_.jpg" alt="Product Image"></a><p>Milk Frothing Pitcher Cup, 12oz/350ML Milk Frother Cup Stainless Steel Steaming Pitcher Milk Jug Coffee Latte Art Cappuccino Espresso Machine Accessories Barista Steam Pitchers Attached Dessert Spoons</p><p> -23% 0FF </p><p>$9.99</p><a href="https://www.amazon.com/dp/B07C4TXDSL?tag=eloabder-20&linkCode=osi&th=1&psc=1">View Product</a></div><div class="product"><a href="https://www.amazon.com/dp/B0CNVMZ2LM?tag=eloabder-20&linkCode=osi&th=1&psc=1"><img src="https://m.media-amazon.com/images/I/41j0UEM6XPL._SL500_.jpg" alt="Product Image"></a><p>Reusable Coffee Capsule Filters 3Pcs, Colorful Coffee Filters for Nescafe Dolce Gusto Brewers Machine, Reusable Refillable Coffee Pods Capsule Filter Cups Kit with Cleaning Brush and Measuring Spoon</p><p> -13% 0FF </p><p>$6.98 ($6.60 / Ounce)</p><a href="https://www.amazon.com/dp/B0CNVMZ2LM?tag=eloabder-20&linkCode=osi&th=1&psc=1">View Product</a></div>
<div class="product"><a href="https://www.amazon.com/dp/B08FB31NH5?tag=eloabder-20&linkCode=osi&th=1&psc=1"><img src="https://m.media-amazon.com/images/I/41eJZ9MTfFL._SL500_.jpg" alt="Product Image"></a><p>WEPSEN 5-Speed Electric Hand Mixer, 4 Large Mixing Bowls Set, Handheld Mixers with Whisks Beater, Stainless Steel Metal Nesting Bowl Measuring Cups Spoons Kitchen Cake Blender for Baking Supplies</p><p> -30% 0FF </p><p>$41.98</p><a href="https://www.amazon.com/dp/B08FB31NH5?tag=eloabder-20&linkCode=osi&th=1&psc=1">View Product</a></div><div class="product"><a href="https://www.amazon.com/dp/B0DF2T1HMZ?tag=eloabder-20&linkCode=osi&th=1&psc=1"><img src="https://m.media-amazon.com/images/I/41xSelvq-CL._SL500_.jpg" alt="Product Image"></a><p>5 QT Food-Grade Stainless Steel Mixer Bowl Compatible With KITCHENAID TILT-HEAD STAND MIXERS 4.5-5 Quart, with Anti-slip handle & Prominent Clasp, Stainless Steel Polished</p><p> -25% 0FF </p><p>$29.99</p><a href="https://www.amazon.com/dp/B0DF2T1HMZ?tag=eloabder-20&linkCode=osi&th=1&psc=1">View Product</a></div><div class="product"><a href="https://www.amazon.com/dp/B0C5XYPXCS?tag=eloabder-20&linkCode=osi&th=1&psc=1"><img src="https://m.media-amazon.com/images/I/31apfzgKDUL._SL500_.jpg" alt="Product Image"></a><p>KitchenAid 5 Quart Ceramic Bowl for all 4.5-5 Quart Tilt-Head Stand Mixers KSM2CB5MR, Meringue</p><p> -25% 0FF </p><p>$74.99</p><a href="https://www.amazon.com/dp/B0C5XYPXCS?tag=eloabder-20&linkCode=osi&th=1&psc=1">View Product</a></div>
<div class="product"><a href="https://www.amazon.com/dp/B097QVPFVQ?tag=eloabder-20&linkCode=osi&th=1&psc=1"><img src="https://m.media-amazon.com/images/I/31ROOH+yjAL._SL500_.jpg" alt="Product Image"></a><p>Thermoplastic Rubber Microwave Splatter Cover,Microwave Cover for Food Fruit Drainer,BPA-Free Dishwasher Safe 10.5 inch (GREY)</p><p> -20% 0FF </p><p>$7.99 ($226.35 / Ounce)</p><a href="https://www.amazon.com/dp/B097QVPFVQ?tag=eloabder-20&linkCode=osi&th=1&psc=1">View Product</a></div><div class="product"><a href="https://www.amazon.com/dp/B08N4Q6SM1?tag=eloabder-20&linkCode=osi&th=1&psc=1"><img src="https://m.media-amazon.com/images/I/41lhA8-GScL._SL500_.jpg" alt="Product Image"></a><p>4Pcs Coffee Filter,Flannel Cloth Coffee Filter Strainers with Steel Handle,Reusable Flannel Coffee Dripper,Coffee Sock Filter Bag Coffee Cloth Strainers for Home Office Kitchen Use</p><p> -11% 0FF </p><p>$10.69 ($2.67 / Count)</p><a href="https://www.amazon.com/dp/B08N4Q6SM1?tag=eloabder-20&linkCode=osi&th=1&psc=1">View Product</a></div>
<div class="product"><a href="https://www.amazon.com/dp/B00EC8PQ82?tag=eloabder-20&linkCode=osi&th=1&psc=1"><img src="https://m.media-amazon.com/images/I/21NR7t3CeGL._SL500_.jpg" alt="Product Image"></a><p>Randell RP CPH1648 Poly Cutting Board, 1/2" x 16" x 48"</p><p> -20% 0FF </p><p>$325.43</p><a href="https://www.amazon.com/dp/B00EC8PQ82?tag=eloabder-20&linkCode=osi&th=1&psc=1">View Product</a></div><div class="product"><a href="https://www.amazon.com/dp/B0BPSN8F21?tag=eloabder-20&linkCode=osi&th=1&psc=1"><img src="https://m.media-amazon.com/images/I/41YoOZe2UDL._SL500_.jpg" alt="Product Image"></a><p>GASHELL Noodle Board Stove Cover with Handles for Electric, Gas Stove Top (Acacia Wood)</p><p> -13% 0FF </p><p>$69.99</p><a href="https://www.amazon.com/dp/B0BPSN8F21?tag=eloabder-20&linkCode=osi&th=1&psc=1">View Product</a></div><div class="product"><a href="https://www.amazon.com/dp/B0D78SNV83?tag=eloabder-20&linkCode=osi&th=1&psc=1"><img src="https://m.media-amazon.com/images/I/41lHBEbfZOL._SL500_.jpg" alt="Product Image"></a><p>30 x 22 IN Large Cutting Board and Wooden Stove Top Cover, Chopping Board Noodle Boards for Electric Stove Top,Protector Board Cutting Board for Kitchen Counter & Sink cover-Black</p><p> -20% 0FF </p><p>$55.99</p><a href="https://www.amazon.com/dp/B0D78SNV83?tag=eloabder-20&linkCode=osi&th=1&psc=1">View Product</a></div><div class="product"><a href="https://www.amazon.com/dp/B0D4DJ8H4Q?tag=eloabder-20&linkCode=osi&th=1&psc=1"><img src="https://m.media-amazon.com/images/I/41h7GdA0xxL._SL500_.jpg" alt="Product Image"></a><p>Beef Jerky Slicer Kit,Stainless Steel,Adjustable Thickness,Uniform Slices,Include Cutting Board & 14-Inch Slicing Knife,Beef Jerky Making Kit for Chefs & Home Kitchens</p><p> -32% 0FF </p><p>$29.95</p><a href="https://www.amazon.com/dp/B0D4DJ8H4Q?tag=eloabder-20&linkCode=osi&th=1&psc=1">View Product</a></div><div class="product"><a href="https://www.amazon.com/dp/B0DL36NMXX?tag=eloabder-20&linkCode=osi&th=1&psc=1"><img src="https://m.media-amazon.com/images/I/51weGpaSjHL._SL500_.jpg" alt="Product Image"></a><p>Bamboo Bread Slicer for Homemade Bread, Adjustable Width Bread Slicing Guides with Sturdy Wooden Cutting Board, Compact and Foldable - Makes Cutting Bagels or Even Bread Slices Easy</p><p> -29% 0FF </p><p>$16.99</p><a href="https://www.amazon.com/dp/B0DL36NMXX?tag=eloabder-20&linkCode=osi&th=1&psc=1">View Product</a></div>
<div class="product"><a href="https://www.amazon.com/dp/B0CY27GX31?tag=eloabder-20&linkCode=osi&th=1&psc=1"><img src="https://m.media-amazon.com/images/I/51WKkplJ9BL._SL500_.jpg" alt="Product Image"></a><p>Willinglong Tortilla Press Set 8 Inch Tortilla Press Dough Scraper Rolling Pin Tortilla Warmer Pouch 300 Pcs Parchment Paper Quesadilla Flour Tortilla Maker Press for Homemade Roti Taco Press</p><p> -29% 0FF </p><p>$16.99</p><a href="https://www.amazon.com/dp/B0CY27GX31?tag=eloabder-20&linkCode=osi&th=1&psc=1">View Product</a></div><div class="product"><a href="https://www.amazon.com/dp/B0CD875X8N?tag=eloabder-20&linkCode=osi&th=1&psc=1"><img src="https://m.media-amazon.com/images/I/31WugZVklGL._SL500_.jpg" alt="Product Image"></a><p>Wooden Tortilla Press 10 Inches Wood Tortilla Press Maker, with Rolling Pin & 50 Pcs Parchment Paper, for Homemade Mexican Tortillera, Roti, Chapati, Taco, Pataconera, Burritos and Dough Press</p><p> -11% 0FF </p><p>$25.99</p><a href="https://www.amazon.com/dp/B0CD875X8N?tag=eloabder-20&linkCode=osi&th=1&psc=1">View Product</a></div><div class="product"><a href="https://www.amazon.com/dp/B0CYLFCP7W?tag=eloabder-20&linkCode=osi&th=1&psc=1"><img src="https://m.media-amazon.com/images/I/515gTtiF0CL._SL500_.jpg" alt="Product Image"></a><p>Willinglong 6 Pcs Tortilla Press Set 8inch Aluminum Alloy Tortilla Press Comal Pan Dough Scraper Rolling Pin Warmer Pouch 300 Pcs Parchment Paper Bundle of Tortilla Skillet for Making Roti Taco</p><p> -6% 0FF </p><p>$32.99</p><a href="https://www.amazon.com/dp/B0CYLFCP7W?tag=eloabder-20&linkCode=osi&th=1&psc=1">View Product</a></div><div class="product"><a href="https://www.amazon.com/dp/B0D8Q28QP2?tag=eloabder-20&linkCode=osi&th=1&psc=1"><img src="https://m.media-amazon.com/images/I/31hkwaRqBxL._SL500_.jpg" alt="Product Image"></a><p>Wooden Tortilla Press 10 Inches with Rolling Pin & 50 Pcs Parchment Paper Mexican Tortillera Presser Homemade Tortillas Roti Pataconera Dough Press</p><p> -7% 0FF </p><p>$27.99</p><a href="https://www.amazon.com/dp/B0D8Q28QP2?tag=eloabder-20&linkCode=osi&th=1&psc=1">View Product</a></div>
<div class="product"><a href="https://www.amazon.com/dp/B00K05AZ3W?tag=eloabder-20&linkCode=osi&th=1&psc=1"><img src="https://m.media-amazon.com/images/I/41PyWMwn9ZL._SL500_.jpg" alt="Product Image"></a><p>Betty Crocker Countertop Pizza Maker, 1440-Watt Pizza Maker Machine for Home, BC-2958CR</p><p> -20% 0FF </p><p>$42.99</p><a href="https://www.amazon.com/dp/B00K05AZ3W?tag=eloabder-20&linkCode=osi&th=1&psc=1">View Product</a></div><div class="product"><a href="https://www.amazon.com/dp/B0DB5HJDS8?tag=eloabder-20&linkCode=osi&th=1&psc=1"><img src="https://m.media-amazon.com/images/I/41e4O73x4IL._SL500_.jpg" alt="Product Image"></a><p>Mesliese Vacuum Sealer Machine 90Kpa 6-in-1 Compact Food Vacuum Sealing Preservation System with Cutter | 2 Bag Rolls | 5 Pre-cut Bags | Dry&Moist Modes | ETL Listed (Dark Gray)</p><p> -44% 0FF </p><p>$89.99</p><a href="https://www.amazon.com/dp/B0DB5HJDS8?tag=eloabder-20&linkCode=osi&th=1&psc=1">View Product</a></div>
<div class="product"><a href="https://www.amazon.com/dp/B001HT67AA?tag=eloabder-20&linkCode=osi&th=1&psc=1"><img src="https://m.media-amazon.com/images/I/21sfYCxrXVL._SL500_.jpg" alt="Product Image"></a><p>Samsung Tray Ice Part # Da63-02284B</p><p> -30% 0FF </p><p>$17.89</p><a href="https://www.amazon.com/dp/B001HT67AA?tag=eloabder-20&linkCode=osi&th=1&psc=1">View Product</a></div>
<div class="product"><a href="https://www.amazon.com/dp/B001U0274Q?tag=eloabder-20&linkCode=osi&th=1&psc=1"><img src="https://m.media-amazon.com/images/I/41LkyrO5JuL._SL500_.jpg" alt="Product Image"></a><p>FoodSaver Custom Fit Airtight Food Storage and Sous Vide Vacuum Sealer Bags, 8 x 20' (Pack of 3), Perfect for Meal Prep and Sous Vide Cooking</p><p> -21% 0FF </p><p>$29.99 ($10.00 / Count)</p><a href="https://www.amazon.com/dp/B001U0274Q?tag=eloabder-20&linkCode=osi&th=1&psc=1">View Product</a></div><div class="product"><a href="https://www.amazon.com/dp/B0D56W5ML2?tag=eloabder-20&linkCode=osi&th=1&psc=1"><img src="https://m.media-amazon.com/images/I/51XP-5KMw4L._SL500_.jpg" alt="Product Image"></a><p>Dreamealthy Auto Vacuum Seal Containers for Food Storage - 1L+1.5L Vacuum Coffee Canister Sets with Pump. Shatterproof & SmellProof Tritan Airtight Storage Container Kit, Reduce Plactic Vacuum Bag Use</p><p> -5% 0FF </p><p>$56.99</p><a href="https://www.amazon.com/dp/B0D56W5ML2?tag=eloabder-20&linkCode=osi&th=1&psc=1">View Product</a></div><div class="product"><a href="https://www.amazon.com/dp/B099H7J8PN?tag=eloabder-20&linkCode=osi&th=1&psc=1"><img src="https://m.media-amazon.com/images/I/31-0GJisbvL._SL500_.jpg" alt="Product Image"></a><p>ZWILLING Fresh & Save Medium Vacuum Sealer Container, Airtight Food Storage Container, Meal Prep Container, BPA-Free, Grey</p><p> -37% 0FF </p><p>$18.99</p><a href="https://www.amazon.com/dp/B099H7J8PN?tag=eloabder-20&linkCode=osi&th=1&psc=1">View Product</a></div>
<div class="product"><a href="https://www.amazon.com/dp/B07RKRK7FD?tag=eloabder-20&linkCode=osi&th=1&psc=1"><img src="https://m.media-amazon.com/images/I/31g2QgxtCuL._SL500_.jpg" alt="Product Image"></a><p>Wevac Vacuum Sealer Bags 8x50 Rolls 2 pack for Food Saver, Seal a Meal, Weston. Commercial Grade, BPA Free, Heavy Duty, Great for vac storage, Meal Prep or Sous Vide</p><p> -40% 0FF </p><p>$17.99 ($9.00 / Count)</p><a href="https://www.amazon.com/dp/B07RKRK7FD?tag=eloabder-20&linkCode=osi&th=1&psc=1">View Product</a></div><div class="product"><a href="https://www.amazon.com/dp/B00UTFZB82?tag=eloabder-20&linkCode=osi&th=1&psc=1"><img src="https://m.media-amazon.com/images/I/41WdlL5T0dL._SL500_.jpg" alt="Product Image"></a><p>Miele AirClean 3D Efficiency Dust Bag, Type FJM, 4 Bags & 2 Filters, White</p><p> -35% 0FF </p><p>$14.99</p><a href="https://www.amazon.com/dp/B00UTFZB82?tag=eloabder-20&linkCode=osi&th=1&psc=1">View Product</a></div><div class="product"><a href="https://www.amazon.com/dp/B07TV5RNQL?tag=eloabder-20&linkCode=osi&th=1&psc=1"><img src="https://m.media-amazon.com/images/I/31HJO9GuJZL._SL500_.jpg" alt="Product Image"></a><p>Wevac Vacuum Sealer Bags 100 Quart 8x12 Inch for Food Saver, Seal a Meal, Weston. Commercial Grade, BPA Free, Heavy Duty, Great for vac storage, Meal Prep or Sous Vide</p><p> -6% 0FF </p><p>$16.99</p><a href="https://www.amazon.com/dp/B07TV5RNQL?tag=eloabder-20&linkCode=osi&th=1&psc=1">View Product</a></div><div class="product"><a href="https://www.amazon.com/dp/B01D5TM5QE?tag=eloabder-20&linkCode=osi&th=1&psc=1"><img src="https://m.media-amazon.com/images/I/51qQLZaPFuL._SL500_.jpg" alt="Product Image"></a><p>FoodSaver Custom Fit Vacuum Sealer Bags, Airtight Food Storage and Sous Vide Rolls, BPA-Free, 11 x 16' , 3 Count ( Pack of 1)</p><p> -16% 0FF </p><p>$27.66 ($9.22 / Count)</p><a href="https://www.amazon.com/dp/B01D5TM5QE?tag=eloabder-20&linkCode=osi&th=1&psc=1">View Product</a></div>
<div class="product"><a href="https://www.amazon.com/dp/B0CWLC9YK6?tag=eloabder-20&linkCode=osi&th=1&psc=1"><img src="https://m.media-amazon.com/images/I/415B7NyYufL._SL500_.jpg" alt="Product Image"></a><p>Honinst Stand Mixer, 6.5QT 10-Speed Tilt-Head Electric Stand Mixer, 3-In-1 Kitchen Mixer with Bowl, Dough Hook, Whisk and Beater, Food Mixer for Baking, Cake and Most Home Cooks, Black</p><p> -37% 0FF </p><p>$169.99</p><a href="https://www.amazon.com/dp/B0CWLC9YK6?tag=eloabder-20&linkCode=osi&th=1&psc=1">View Product</a></div><div class="product"><a href="https://www.amazon.com/dp/B097SDFSKM?tag=eloabder-20&linkCode=osi&th=1&psc=1"><img src="https://m.media-amazon.com/images/I/51thZZlxEfL._SL500_.jpg" alt="Product Image"></a><p>Stand Mixer, POWWA 7.5 QT Electric Mixer, 6+P Speed 660W Household Tilt-Head Kitchen Food Mixers with Whisk, Dough Hook, Mixing Beater & Splash Guard for Baking, Cake, Cookie, Kneading (Red)</p><p> -25% 0FF </p><p>$99.98</p><a href="https://www.amazon.com/dp/B097SDFSKM?tag=eloabder-20&linkCode=osi&th=1&psc=1">View Product</a></div><div class="product"><a href="https://www.amazon.com/dp/B081SWK6HV?tag=eloabder-20&linkCode=osi&th=1&psc=1"><img src="https://m.media-amazon.com/images/I/51MRbt3XFxL._SL500_.jpg" alt="Product Image"></a><p>VIVOHOME 7.5 Quart Stand Mixer, 660W 6-Speed Tilt-Head Kitchen Electric Food Mixer with Beater, Dough Hook, Wire Whip, and Egg Separator, Red</p><p> -20% 0FF </p><p>$127.99</p><a href="https://www.amazon.com/dp/B081SWK6HV?tag=eloabder-20&linkCode=osi&th=1&psc=1">View Product</a></div>
<div class="product"><a href="https://www.amazon.com/dp/B0CJJN7N7P?tag=eloabder-20&linkCode=osi&th=1&psc=1"><img src="https://m.media-amazon.com/images/I/41YZbs5GBdL._SL500_.jpg" alt="Product Image"></a><p>MUMSUNG Sandwich Cutter and Sealer for Kids, Bread Decruster Sandwich Cutter Pancake Maker, Round Square DIY Cookie Cutters, Great for Lunchbox and Bento Box</p><p> -69% 0FF </p><p>$4.99</p><a href="https://www.amazon.com/dp/B0CJJN7N7P?tag=eloabder-20&linkCode=osi&th=1&psc=1">View Product</a></div><div class="product"><a href="https://www.amazon.com/dp/B0C8C5N1NG?tag=eloabder-20&linkCode=osi&th=1&psc=1"><img src="https://m.media-amazon.com/images/I/41IJqaPrUbL._SL500_.jpg" alt="Product Image"></a><p>Gradient Mode Sandwich Cutter and Sealer, Sandwich Cutter for Kids, Bread Sandwich Decruster, Uncrustables Sandwich Maker, DIY Cookie Cutters, Great for Lunchbox and Bento Box - Boys Girls Kids, Green</p><p> -20% 0FF </p><p>$7.99</p><a href="https://www.amazon.com/dp/B0C8C5N1NG?tag=eloabder-20&linkCode=osi&th=1&psc=1">View Product</a></div>
<div class="product"><a href="https://www.amazon.com/dp/B07JGRYG31?tag=eloabder-20&linkCode=osi&th=1&psc=1"><img src="https://m.media-amazon.com/images/I/31nd-jhgzdL._SL500_.jpg" alt="Product Image"></a><p>Coffee Grinder Cleaning Brush + Coffee Brush Wood Handle & Natural Bristles Pastry Brush</p><p> -13% 0FF </p><p>$6.99</p><a href="https://www.amazon.com/dp/B07JGRYG31?tag=eloabder-20&linkCode=osi&th=1&psc=1">View Product</a></div><div class="product"><a href="https://www.amazon.com/dp/B0D57S8PJP?tag=eloabder-20&linkCode=osi&th=1&psc=1"><img src="https://m.media-amazon.com/images/I/41yqc2Azx6L._SL500_.jpg" alt="Product Image"></a><p>EM Silicone Air Fryer Liners - Pack of 5 Reusable Air Fryer Silicone Liners Including Non- Stick Silicone Mitts, Silicone Basting Pastry Brush, Silicone Kitchen Tongs & 2 Pot Liner–3 to 5 qt</p><p> -8% 0FF </p><p>$12.00</p><a href="https://www.amazon.com/dp/B0D57S8PJP?tag=eloabder-20&linkCode=osi&th=1&psc=1">View Product</a></div><div class="product"><a href="https://www.amazon.com/dp/B0CLGXRV4V?tag=eloabder-20&linkCode=osi&th=1&psc=1"><img src="https://m.media-amazon.com/images/I/31kOdHpkIPL._SL500_.jpg" alt="Product Image"></a><p>Mixer Sliding Mat Compatible with Kitchenaid 4.5 & 5 Quart Stand Mixer, Slider Mat Compatible with 4.5 & 5Qt Kitchenaid Mixer Accessories</p><p> -21% 0FF </p><p>$9.89</p><a href="https://www.amazon.com/dp/B0CLGXRV4V?tag=eloabder-20&linkCode=osi&th=1&psc=1">View Product</a></div><div class="product"><a href="https://www.amazon.com/dp/B0CSYVZ23R?tag=eloabder-20&linkCode=osi&th=1&psc=1"><img src="https://m.media-amazon.com/images/I/41x8RjEPDyL._SL500_.jpg" alt="Product Image"></a><p>LEPCY Uncrustables Sandwich Maker Sealer Cutter, Crustless Sandwich Cutter, PB&J Uncrustable Maker - Color Grey, Square Shape</p><p> -20% 0FF </p><p>$7.99</p><a href="https://www.amazon.com/dp/B0CSYVZ23R?tag=eloabder-20&linkCode=osi&th=1&psc=1">View Product</a></div><div class="product"><a href="https://www.amazon.com/dp/B000I1UTDY?tag=eloabder-20&linkCode=osi&th=1&psc=1"><img src="https://m.media-amazon.com/images/I/213IEK132QL._SL500_.jpg" alt="Product Image"></a><p>Fino Coffee Grinder Brush, Single</p><p> -6% 0FF </p><p>$8.42</p><a href="https://www.amazon.com/dp/B000I1UTDY?tag=eloabder-20&linkCode=osi&th=1&psc=1">View Product</a></div>
<div class="product"><a href="https://www.amazon.com/dp/B089T9CH3Q?tag=eloabder-20&linkCode=osi&th=1&psc=1"><img src="https://m.media-amazon.com/images/I/21HK29dxKaL._SL500_.jpg" alt="Product Image"></a><p>Instant Pot Official Silicone Oven Mitt with Extra Grip, Heat Resistant up to 500°F, Extra Protection, Ribbed Texture for Maximum Dexterity, Compatible with 3 Qt., 6 Qt., 8 Qt. Cookers, Red</p><p> -50% 0FF </p><p>$8.99</p><a href="https://www.amazon.com/dp/B089T9CH3Q?tag=eloabder-20&linkCode=osi&th=1&psc=1">View Product</a></div><div class="product"><a href="https://www.amazon.com/dp/B0C5N35639?tag=eloabder-20&linkCode=osi&th=1&psc=1"><img src="https://m.media-amazon.com/images/I/41wEzgGF0xL._SL500_.jpg" alt="Product Image"></a><p>EM Silicone Air Fryer Liners Set of 5 – Air Fryer Liners Reusable Include Waffle Mold, Egg Bite Mold, Oven Mitts – Food-Grade Temperature Resistant Air Fryer Accessories for 3-5 Quart Air Fryers</p><p> -12% 0FF </p><p>$21.99</p><a href="https://www.amazon.com/dp/B0C5N35639?tag=eloabder-20&linkCode=osi&th=1&psc=1">View Product</a></div>
<div class="product"><a href="https://www.amazon.com/dp/B0B395B11P?tag=eloabder-20&linkCode=osi&th=1&psc=1"><img src="https://m.media-amazon.com/images/I/31tkUVs-mbL._SL500_.jpg" alt="Product Image"></a><p>SIUDANGKA Heat Resistant Mat for Air Fryer with Sliding Function, 2 Pcs 15 * 18 in Heat Resistant Pad Sliding Caddy Countertop Protector Mat Air Fryer Mat for Most XL Air Fryer Oven Microwave Oven</p><p> -7% 0FF </p><p>$17.75</p><a href="https://www.amazon.com/dp/B0B395B11P?tag=eloabder-20&linkCode=osi&th=1&psc=1">View Product</a></div>
<div class="product"><a href="https://www.amazon.com/dp/B09QCRNNK7?tag=eloabder-20&linkCode=osi&th=1&psc=1"><img src="https://m.media-amazon.com/images/I/31I-XJQCuUL._SL500_.jpg" alt="Product Image"></a><p>COKUNST Electric Wine Openers, Reusable Wine Bottle Corkscrew Opener with Foil Cutter, Battery Operated Stainless Steel Wine Remover for Home Kitchen Party Bar Restaurant</p><p> -25% 0FF </p><p>$14.99</p><a href="https://www.amazon.com/dp/B09QCRNNK7?tag=eloabder-20&linkCode=osi&th=1&psc=1">View Product</a></div><div class="product"><a href="https://www.amazon.com/dp/B00NOPV4JY?tag=eloabder-20&linkCode=osi&th=1&psc=1"><img src="https://m.media-amazon.com/images/I/31sTM1MRFWL._SL500_.jpg" alt="Product Image"></a><p>Rabbit Automatic Electric Corkscrew Wine Bottle Opener, One Size, Silver</p><p> -23% 0FF </p><p>$39.99</p><a href="https://www.amazon.com/dp/B00NOPV4JY?tag=eloabder-20&linkCode=osi&th=1&psc=1">View Product</a></div>


<div class="product"><a href="https://www.amazon.com/dp/B01FXMW4AS?tag=eloabder-20&linkCode=osi&th=1&psc=1"><img src="https://m.media-amazon.com/images/I/41Wq-KNZFDL._SL500_.jpg" alt="Product Image"></a><p>Whynter Ice Cream Maker Machine Automatic 2.1 Qt. upright with Built-in Compressor, LCD Digital Display & Timer, No Pre-Freezing, ICM-201SB, Stainless Steel</p><p> -29% 0FF </p><p>$299.00</p><a href="https://www.amazon.com/dp/B01FXMW4AS?tag=eloabder-20&linkCode=osi&th=1&psc=1">View Product</a></div><div class="product"><a href="https://www.amazon.com/dp/B002NQN0MY?tag=eloabder-20&linkCode=osi&th=1&psc=1"><img src="https://m.media-amazon.com/images/I/41K223aT3zL._SL500_.jpg" alt="Product Image"></a><p>Nemco Ice Cream Dipper Station Spadewell (Excluding Divider) - 10"</p><p> -26% 0FF </p><p>$183.70</p><a href="https://www.amazon.com/dp/B002NQN0MY?tag=eloabder-20&linkCode=osi&th=1&psc=1">View Product</a></div><div class="product"><a href="https://www.amazon.com/dp/B0CZP59DNQ?tag=eloabder-20&linkCode=osi&th=1&psc=1"><img src="https://m.media-amazon.com/images/I/41T9b8zapyL._SL500_.jpg" alt="Product Image"></a><p>1.2-Quart Touch Screen Automatic Ice Cream Maker with Compressor, No Pre-freezing, 4 Modes Frozen Yogurt Machine with LCD Display & Timer, Electric Sorbet Maker Gelato Maker, Keep Cool Function</p><p> -17% 0FF </p><p>$115.99</p><a href="https://www.amazon.com/dp/B0CZP59DNQ?tag=eloabder-20&linkCode=osi&th=1&psc=1">View Product</a></div><div class="product"><a href="https://www.amazon.com/dp/B00N63J432?tag=eloabder-20&linkCode=osi&th=1&psc=1"><img src="https://m.media-amazon.com/images/I/41wEAeSx4UL._SL500_.jpg" alt="Product Image"></a><p>Whynter Ice Cream Maker Machine Automatic 2.1 Qt with Built-in Compressor, LCD Digital Display & Timer, No Pre-Freezing, ICM-200LS, Stainless Steel</p><p> -14% 0FF </p><p>$256.79</p><a href="https://www.amazon.com/dp/B00N63J432?tag=eloabder-20&linkCode=osi&th=1&psc=1">View Product</a></div>

<div class="product"><a href="https://www.amazon.com/dp/B0DC68RRGT?tag=eloabder-20&linkCode=osi&th=1&psc=1"><img src="https://m.media-amazon.com/images/I/51VZAdAIKxL._SL500_.jpg" alt="Product Image"></a><p>Upgrade Pizza Oven,12 Inch Electric Pizza Oven Indoor Portable,Stone Pizza Oven,1200W Portable Countertop Pizza Ovens with Viewing Window</p><p> -10% 0FF </p><p>$179.99</p><a href="https://www.amazon.com/dp/B0DC68RRGT?tag=eloabder-20&linkCode=osi&th=1&psc=1">View Product</a></div><div class="product"><a href="https://www.amazon.com/dp/B0CZ4GLJ5Z?tag=eloabder-20&linkCode=osi&th=1&psc=1"><img src="https://m.media-amazon.com/images/I/51t+B-N3asL._SL500_.jpg" alt="Product Image"></a><p>PIEZANO Crispy Crust Pizza Oven by Granitestone – Electric Pizza Oven Indoor Portable, 12 Inch Indoor Pizza Oven Countertop, Pizza Maker Heats up to 800˚F for Stone Baked Pizza at Home - Red</p><p> -35% 0FF </p><p>$129.99</p><a href="https://www.amazon.com/dp/B0CZ4GLJ5Z?tag=eloabder-20&linkCode=osi&th=1&psc=1">View Product</a></div><div class="product"><a href="https://www.amazon.com/dp/B0CQ5M9FFT?tag=eloabder-20&linkCode=osi&th=1&psc=1"><img src="https://m.media-amazon.com/images/I/311GBQPr5lL._SL500_.jpg" alt="Product Image"></a><p>Cuisinart Indoor Pizza Oven – Bake 12” Pizzas in Minutes – Portable Countertop Pizza Oven – Matte Black Stainless Steel - CPZ-120MB</p><p> -50% 0FF </p><p>$199.95</p><a href="https://www.amazon.com/dp/B0CQ5M9FFT?tag=eloabder-20&linkCode=osi&th=1&psc=1">View Product</a></div><div class="product"><a href="https://www.amazon.com/dp/B0CGMGK7GK?tag=eloabder-20&linkCode=osi&th=1&psc=1"><img src="https://m.media-amazon.com/images/I/41-rJaq3d2L._SL500_.jpg" alt="Product Image"></a><p>CHEFMAN Indoor Pizza Oven - Makes 12 Inch Pizzas in Minutes, Heats up to 800°F - Countertop Electric Pizza Maker with 5 Touchscreen Presets, Pizza Stone and Peel Included - Stainless Black</p><p> -45% 0FF </p><p>$219.98</p><a href="https://www.amazon.com/dp/B0CGMGK7GK?tag=eloabder-20&linkCode=osi&th=1&psc=1">View Product</a></div><div class="product"><a href="https://www.amazon.com/dp/B0CS79GLB4?tag=eloabder-20&linkCode=osi&th=1&psc=1"><img src="https://m.media-amazon.com/images/I/41VR6CcjGiL._SL500_.jpg" alt="Product Image"></a><p>KitchenAid Digital Countertop Oven with Air Fry & Pizza Stone, KCO128CU, Contour Silver</p><p> -21% 0FF </p><p>$219.99</p><a href="https://www.amazon.com/dp/B0CS79GLB4?tag=eloabder-20&linkCode=osi&th=1&psc=1">View Product</a></div><div class="product"><a href="https://www.amazon.com/dp/B0DJW43ZLQ?tag=eloabder-20&linkCode=osi&th=1&psc=1"><img src="https://m.media-amazon.com/images/I/41Sh2kNi-oL._SL500_.jpg" alt="Product Image"></a><p>Pizza Oven, 12-Inch Pizza Oven Indoor, 1200W Portable Pizza Maker, Electric Pizza Oven with Timer, Temperature Controller, Suitable for Home, Outdoor, Pizza Shop</p><p> -37% 0FF </p><p>$119.99</p><a href="https://www.amazon.com/dp/B0DJW43ZLQ?tag=eloabder-20&linkCode=osi&th=1&psc=1">View Product</a></div><div class="product"><a href="https://www.amazon.com/dp/B0D3RX91T1?tag=eloabder-20&linkCode=osi&th=1&psc=1"><img src="https://m.media-amazon.com/images/I/41e96oobueL._SL500_.jpg" alt="Product Image"></a><p>Chefman Everything Maker & Pizza Oven – 1440W Countertop Electric Pizza Maker with 12” Nonstick Cooking Plates, Make Pizza, Quesadillas, Omelettes and More, with Indicator Lights and Vertical Storage</p><p> -30% 0FF </p><p>$41.99</p><a href="https://www.amazon.com/dp/B0D3RX91T1?tag=eloabder-20&linkCode=osi&th=1&psc=1">View Product</a></div>
<div class="product"><a href="https://www.amazon.com/dp/B0BCFHN228?tag=eloabder-20&linkCode=osi&th=1&psc=1"><img src="https://m.media-amazon.com/images/I/51EI-QKzMqL._SL500_.jpg" alt="Product Image"></a><p>Pressing Cloth for Ironing Scorch Mesh, Heat Resistant Ironing Cloth Protective Insulation Pad, Saving Ironing Protector Mesh Cloth (White - 2 Pack)</p><p> -16% 0FF </p><p>$7.59</p><a href="https://www.amazon.com/dp/B0BCFHN228?tag=eloabder-20&linkCode=osi&th=1&psc=1">View Product</a></div>
<div class="product"><a href="https://www.amazon.com/dp/B099J26M9V?tag=eloabder-20&linkCode=osi&th=1&psc=1"><img src="https://m.media-amazon.com/images/I/51VUj081IkL._SL500_.jpg" alt="Product Image"></a><p>The Original Korcci 3 Quart Microwave Glass Popcorn Popper, Borosilicate Glass, Dishwasher Safe, 3-in-1 Silicone Lid, BPA Free, Family Size (Blue)</p><p> -15% 0FF </p><p>$16.09</p><a href="https://www.amazon.com/dp/B099J26M9V?tag=eloabder-20&linkCode=osi&th=1&psc=1">View Product</a></div><div class="product"><a href="https://www.amazon.com/dp/B01LZZGH3R?tag=eloabder-20&linkCode=osi&th=1&psc=1"><img src="https://m.media-amazon.com/images/I/51zn6nlVyZL._SL500_.jpg" alt="Product Image"></a><p>BELLA Electric Skillet and Frying Pan with Glass Lid, Nonstick Coating, Cool Touch Handles, Removable Heating Probe, Dishwasher Safe, 12 x 12 inch, Copper</p><p> -23% 0FF </p><p>$26.99</p><a href="https://www.amazon.com/dp/B01LZZGH3R?tag=eloabder-20&linkCode=osi&th=1&psc=1">View Product</a></div>
<div class="product"><a href="https://www.amazon.com/dp/B0DCRZ8NKH?tag=eloabder-20&linkCode=osi&th=1&psc=1"><img src="https://m.media-amazon.com/images/I/41AZ4+X3MsL._SL500_.jpg" alt="Product Image"></a><p>Coffee Filter Holder, Coffee Filter Storage, Filter Paper Holder for Counter Table Napkin Holder Coffee Filter Paper Rack Coffee Bar Gifts Coffee Paper Container for Office Home Kitchen Restaurant</p><p> -13% 0FF </p><p>$6.99</p><a href="https://www.amazon.com/dp/B0DCRZ8NKH?tag=eloabder-20&linkCode=osi&th=1&psc=1">View Product</a></div>
<div class="product"><a href="https://www.amazon.com/dp/B0D3WPZSRF?tag=eloabder-20&linkCode=osi&th=1&psc=1"><img src="https://m.media-amazon.com/images/I/41QGqRpS8hL._SL500_.jpg" alt="Product Image"></a><p>Gypie Coffee Bar Organizer Countertop, 2 Tier Coffee Syrup Organizer Stand Nespresso Coffee Bar Syrup Rack for Coffee Station, Spice Rack for Kitchen, Black</p><p> -57% 0FF </p><p>$9.99</p><a href="https://www.amazon.com/dp/B0D3WPZSRF?tag=eloabder-20&linkCode=osi&th=1&psc=1">View Product</a></div><div class="product"><a href="https://www.amazon.com/dp/B0BKH17CG9?tag=eloabder-20&linkCode=osi&th=1&psc=1"><img src="https://m.media-amazon.com/images/I/41a4dM5cDTL._SL500_.jpg" alt="Product Image"></a><p>Electric Salt and Pepper Grinder Set - Automatic Salt and Pepper Grinder Set Rechargeable - Light Up Electronic Salt and Pepper Shakers with LED Light, Electric Pepper Grinder & Salt Grinder, Set of 2</p><p> -14% 0FF </p><p>$29.99</p><a href="https://www.amazon.com/dp/B0BKH17CG9?tag=eloabder-20&linkCode=osi&th=1&psc=1">View Product</a></div><div class="product"><a href="https://www.amazon.com/dp/B0DD9KVMFN?tag=eloabder-20&linkCode=osi&th=1&psc=1"><img src="https://m.media-amazon.com/images/I/51C8Rw1wopL._SL500_.jpg" alt="Product Image"></a><p>Urban Aura Spice & Herb Grinder, (Black) -Suitable Kitchen (2.5In)</p><p> -5% 0FF </p><p>$9.49</p><a href="https://www.amazon.com/dp/B0DD9KVMFN?tag=eloabder-20&linkCode=osi&th=1&psc=1">View Product</a></div><div class="product"><a href="https://www.amazon.com/dp/B08M4FD4WR?tag=eloabder-20&linkCode=osi&th=1&psc=1"><img src="https://m.media-amazon.com/images/I/51Jzqb5OvzL._SL500_.jpg" alt="Product Image"></a><p>Magic Mill Food Dehydrator Machine | 5 Stackable Stainless Steel Trays Jerky Dryer with Digital Adjustable Timer & Temperature Control - Electric Food Preserver for Fruits, Veggies, Meats & Dog Treats</p><p> -12% 0FF </p><p>$52.99</p><a href="https://www.amazon.com/dp/B08M4FD4WR?tag=eloabder-20&linkCode=osi&th=1&psc=1">View Product</a></div>
<div class="product"><a href="https://www.amazon.com/dp/B001AAHW6E?tag=eloabder-20&linkCode=osi&th=1&psc=1"><img src="https://m.media-amazon.com/images/I/31q3kq-dcJL._SL500_.jpg" alt="Product Image"></a><p>Whirlpool 2179404KRA Beverage Rack for Refrigerators, White – Replaces 2179404KR</p><p> -23% 0FF </p><p>$19.00</p><a href="https://www.amazon.com/dp/B001AAHW6E?tag=eloabder-20&linkCode=osi&th=1&psc=1">View Product</a></div><div class="product"><a href="https://www.amazon.com/dp/B08BJ9RPSS?tag=eloabder-20&linkCode=osi&th=1&psc=1"><img src="https://m.media-amazon.com/images/I/41mLJ0zepPL._SL500_.jpg" alt="Product Image"></a><p>BLACK+DECKER 24 Bottle Wine Fridge with LED Display, Compressor Cooling Wine Cooler Refrigerator with Interior Light, Temperature Controlled Wine Bottle Chiller with Fridge Wine Rack</p><p> -8% 0FF </p><p>$227.82</p><a href="https://www.amazon.com/dp/B08BJ9RPSS?tag=eloabder-20&linkCode=osi&th=1&psc=1">View Product</a></div>
<div class="product"><a href="https://www.amazon.com/dp/B09S5YHJZV?tag=eloabder-20&linkCode=osi&th=1&psc=1"><img src="https://m.media-amazon.com/images/I/41qbqyQ7jDL._SL500_.jpg" alt="Product Image"></a><p>Philips Sparkling Water Maker Soda Maker Machine for Home Carbonating with BPA free PET 1L Carbonating Bottle, Compatible with Any Screw-in 60L CO2 Exchange Carbonator(NOT Included), Grey Plastic</p><p> -17% 0FF </p><p>$49.99</p><a href="https://www.amazon.com/dp/B09S5YHJZV?tag=eloabder-20&linkCode=osi&th=1&psc=1">View Product</a></div>
<div class="product"><a href="https://www.amazon.com/dp/B000U8L1KU?tag=eloabder-20&linkCode=osi&th=1&psc=1"><img src="https://m.media-amazon.com/images/I/31Tcg4WHrrL._SL500_.jpg" alt="Product Image"></a><p>Thermos 34-Ounce Vacuum Insulated Stainless Steel Carafe</p><p> -13% 0FF </p><p>$42.99</p><a href="https://www.amazon.com/dp/B000U8L1KU?tag=eloabder-20&linkCode=osi&th=1&psc=1">View Product</a></div><div class="product"><a href="https://www.amazon.com/dp/B01MRGIZE9?tag=eloabder-20&linkCode=osi&th=1&psc=1"><img src="https://m.media-amazon.com/images/I/41-8Fhz+uGL._SL500_.jpg" alt="Product Image"></a><p>Airpot Coffee Dispenser with Pump - 102 oz Insulated Stainless Steel Coffee Carafe - Thermal Beverage Dispenser - Thermos Urn for Hot/Cold Water, Party Chocolate Drinks</p><p> -32% 0FF </p><p>$40.99</p><a href="https://www.amazon.com/dp/B01MRGIZE9?tag=eloabder-20&linkCode=osi&th=1&psc=1">View Product</a></div><div class="product"><a href="https://www.amazon.com/dp/B01F8P78IS?tag=eloabder-20&linkCode=osi&th=1&psc=1"><img src="https://m.media-amazon.com/images/I/51mk2cW-ajL._SL500_.jpg" alt="Product Image"></a><p>Thermal Coffee Carafe 68oz / 2L - 12 Hours Hot Beverage Dispenser, Insulated Stainless Steel Carafe for Hot Liquids, Coffee Carafes For Keeping Hot Coffee Dispenser for Parties -Large Tea Carafe Flask</p><p> -23% 0FF </p><p>$29.95</p><a href="https://www.amazon.com/dp/B01F8P78IS?tag=eloabder-20&linkCode=osi&th=1&psc=1">View Product</a></div>
<div class="product"><a href="https://www.amazon.com/dp/B0CJJQ7QQR?tag=eloabder-20&linkCode=osi&th=1&psc=1"><img src="https://m.media-amazon.com/images/I/41T7fb2zFLL._SL500_.jpg" alt="Product Image"></a><p>MUMSUNG Sandwich Cutter and Sealer for Kids, DIY Decruster Square Round Heart Pocket Sandwiches, Great for Breakfast Sandwich Maker, Lunchbox and Bento Box</p><p> -67% 0FF </p><p>$7.99</p><a href="https://www.amazon.com/dp/B0CJJQ7QQR?tag=eloabder-20&linkCode=osi&th=1&psc=1">View Product</a></div><div class="product"><a href="https://www.amazon.com/dp/B07KNKS1GC?tag=eloabder-20&linkCode=osi&th=1&psc=1"><img src="https://m.media-amazon.com/images/I/41A7lL8x93L._SL500_.jpg" alt="Product Image"></a><p>DCIGNA 1.2L Mini Rice Cooker, Electric Lunch Box, Travel, Small, Removable Non-stick Pot, Keep Warm Function, Suitable For 1-2 People - For Cooking Soup, Rice, Stews, Grains & Oatmeal</p><p> -35% 0FF </p><p>$25.99</p><a href="https://www.amazon.com/dp/B07KNKS1GC?tag=eloabder-20&linkCode=osi&th=1&psc=1">View Product</a></div><div class="product"><a href="https://www.amazon.com/dp/B083W2RWNL?tag=eloabder-20&linkCode=osi&th=1&psc=1"><img src="https://m.media-amazon.com/images/I/41+rZ7Ja9xL._SL500_.jpg" alt="Product Image"></a><p>HotLogic Max XP Large Portable Electric Lunch Box Food Heater - Expandable Food Warmer Tote and Heated Lunchbox for Adults Work/Car/Home - Cook, Reheat, and Keep Your Food Warm - BLACK - 120V</p><p> -13% 0FF </p><p>$78.27</p><a href="https://www.amazon.com/dp/B083W2RWNL?tag=eloabder-20&linkCode=osi&th=1&psc=1">View Product</a></div><div class="product"><a href="https://www.amazon.com/dp/B0CSW9FXB4?tag=eloabder-20&linkCode=osi&th=1&psc=1"><img src="https://m.media-amazon.com/images/I/41OrYzmJBML._SL500_.jpg" alt="Product Image"></a><p>ZPU Egg Holder Camping, 1Pcs 4 Grid Egg Container for Camping, Plastic Egg Carrier for Camping Picnic Travel Outdoor Refrigerator Kitchen, Shockproof Egg Storage Case, Clear White</p><p> -20% 0FF </p><p>$7.99</p><a href="https://www.amazon.com/dp/B0CSW9FXB4?tag=eloabder-20&linkCode=osi&th=1&psc=1">View Product</a></div>

<div class="product"><a href="https://www.amazon.com/dp/B0BVMYRKRL?tag=eloabder-20&linkCode=osi&th=1&psc=1"><img src="https://m.media-amazon.com/images/I/318s-4hULIL._SL500_.jpg" alt="Product Image"></a><p>Nextmug - Temperature-Controlled, Self-Heating Coffee Mug (Burgundy - 14 oz.)</p><p> -23% 0FF </p><p>$99.95</p><a href="https://www.amazon.com/dp/B0BVMYRKRL?tag=eloabder-20&linkCode=osi&th=1&psc=1">View Product</a></div><div class="product"><a href="https://www.amazon.com/dp/B0DB1DP2KL?tag=eloabder-20&linkCode=osi&th=1&psc=1"><img src="https://m.media-amazon.com/images/I/410VzytA0BL._SL500_.jpg" alt="Product Image"></a><p>Civexa Rechargeable Self Heating Coffee Mug, Fastest Heating & Highest Temperature, 14 Oz App-Controlled Heated Coffee Mug, 1°F Precise Temperature Control Smart Mug Warmer with 150 Min Battery Life</p><p> -33% 0FF </p><p>$79.99</p><a href="https://www.amazon.com/dp/B0DB1DP2KL?tag=eloabder-20&linkCode=osi&th=1&psc=1">View Product</a></div><div class="product"><a href="https://www.amazon.com/dp/B0BYTZ9Q6D?tag=eloabder-20&linkCode=osi&th=1&psc=1"><img src="https://m.media-amazon.com/images/I/41Qw-6ekfQL._SL500_.jpg" alt="Product Image"></a><p>ikago Smart Heated Coffee Mug Warmer & Mug Set - Heated Mug Warmer with Auto Shut Off, 1°F Precise Temperature Control Mug Warmer, Electric Coffee Mug Warmer for Desk, Birthday Gifts for Women and Men</p><p> -14% 0FF </p><p>$59.99</p><a href="https://www.amazon.com/dp/B0BYTZ9Q6D?tag=eloabder-20&linkCode=osi&th=1&psc=1">View Product</a></div><div class="product"><a href="https://www.amazon.com/dp/B0DHTR1H32?tag=eloabder-20&linkCode=osi&th=1&psc=1"><img src="https://m.media-amazon.com/images/I/31sESCtRb7L._SL500_.jpg" alt="Product Image"></a><p>Mug Warmer,Coffee Mug Warmer with 3-Temp Settings,304 Stainless Steel Coffee Warmer with Digital Display, 2-12H Timer Setting Mug Warmer for Desk, Coffee Cup Warmer As Ideal Gift for Coffee Lovers</p><p> -43% 0FF </p><p>$12.59</p><a href="https://www.amazon.com/dp/B0DHTR1H32?tag=eloabder-20&linkCode=osi&th=1&psc=1">View Product</a></div><div class="product"><a href="https://www.amazon.com/dp/B0DHTVV633?tag=eloabder-20&linkCode=osi&th=1&psc=1"><img src="https://m.media-amazon.com/images/I/31WBjhkZIKL._SL500_.jpg" alt="Product Image"></a><p>Mug Warmer,Coffee Mug Warmer with 3 Adjustable Temperature Settings,Coffee Warmer with 2-12H Auto Shutoff Functions,Easy to Clean Mug Warmer for Desk,Coffee Cup Warmer for Ideal Coffee Gifts</p><p> -19% 0FF </p><p>$12.99</p><a href="https://www.amazon.com/dp/B0DHTVV633?tag=eloabder-20&linkCode=osi&th=1&psc=1">View Product</a></div>
<div class="product"><a href="https://www.amazon.com/dp/B0CT5V2ZHR?tag=eloabder-20&linkCode=osi&th=1&psc=1"><img src="https://m.media-amazon.com/images/I/41QSTztkWYL._SL500_.jpg" alt="Product Image"></a><p>Car Electric Kettle: 12V/24V Portable Water Boiler Heated Travel Mug,Multiple Temperature Adjustable Coffee Tea Truck Cup with 304 Stainless Steel Dry Burn Protection & Handy Cup Bag</p><p> -22% 0FF </p><p>$35.99</p><a href="https://www.amazon.com/dp/B0CT5V2ZHR?tag=eloabder-20&linkCode=osi&th=1&psc=1">View Product</a></div><div class="product"><a href="https://www.amazon.com/dp/B09DFM7L6P?tag=eloabder-20&linkCode=osi&th=1&psc=1"><img src="https://m.media-amazon.com/images/I/41EHKsNXzxL._SL500_.jpg" alt="Product Image"></a><p>Muggo 12 oz Self-Heating Coffee Mug with 3 Hour Battery Life, Tea, Coffee, & Hot Beverage Warmer, Heated Travel Mug(L)</p><p> -20% 0FF </p><p>$79.99</p><a href="https://www.amazon.com/dp/B09DFM7L6P?tag=eloabder-20&linkCode=osi&th=1&psc=1">View Product</a></div><div class="product"><a href="https://www.amazon.com/dp/B0DJFBF3SH?tag=eloabder-20&linkCode=osi&th=1&psc=1"><img src="https://m.media-amazon.com/images/I/41IHoQ5MTsL._SL500_.jpg" alt="Product Image"></a><p>Ninja Pod & Grounds Specialty Single-Serve Coffee Maker, K-Cup Pod Compatible, Brews Grounds, Compact Design, Built-In Milk Frother, 56-oz. Reservoir, 6-oz. Cup to 24-oz. Mug Sizes, Stone, PB051ST</p><p> -20% 0FF </p><p>$79.99</p><a href="https://www.amazon.com/dp/B0DJFBF3SH?tag=eloabder-20&linkCode=osi&th=1&psc=1">View Product</a></div><div class="product"><a href="https://www.amazon.com/dp/B0CSDRZSGG?tag=eloabder-20&linkCode=osi&th=1&psc=1"><img src="https://m.media-amazon.com/images/I/31DLZl5VZVL._SL500_.jpg" alt="Product Image"></a><p>Ninja Hot & Iced XL Coffee Maker with Rapid Cold Brew, 4 Brew Styles, 8 Sizes Small Cup to Travel Mug, Single-Serve Coffee Brewer, 12-Cup Carafe, Permanent Filter, Removable Reservoir, Black, CM371</p><p> -33% 0FF </p><p>$99.95</p><a href="https://www.amazon.com/dp/B0CSDRZSGG?tag=eloabder-20&linkCode=osi&th=1&psc=1">View Product</a></div>
<div class="product"><a href="https://www.amazon.com/dp/B0855FZHRW?tag=eloabder-20&linkCode=osi&th=1&psc=1"><img src="https://m.media-amazon.com/images/I/41fTL2yJ5sL._SL500_.jpg" alt="Product Image"></a><p>Ovente 1.7 Liter, BPA-Free Electric Glass Hot Water Kettle with Stainless-Steel Infuser and ProntoFill Technology, Teapot Infuser Perfect for Tea (KG733S+FGK27B)</p><p> -15% 0FF </p><p>$49.57</p><a href="https://www.amazon.com/dp/B0855FZHRW?tag=eloabder-20&linkCode=osi&th=1&psc=1">View Product</a></div>

<div class="product"><a href="https://www.amazon.com/dp/B0C32T9JP5?tag=eloabder-20&linkCode=osi&th=1&psc=1"><img src="https://m.media-amazon.com/images/I/51i64SI1wsL._SL500_.jpg" alt="Product Image"></a><p>HONGBAKE Air Fryer Basket for Oven, 15.6"x11.6" Nonstick Air Fry Crisper Tray with Baking Pan, 2 Pieces Air Frying Accessories, Wide Edge, Gray</p><p> -25% 0FF </p><p>$15.99</p><a href="https://www.amazon.com/dp/B0C32T9JP5?tag=eloabder-20&linkCode=osi&th=1&psc=1">View Product</a></div><div class="product"><a href="https://www.amazon.com/dp/B089YSGMMG?tag=eloabder-20&linkCode=osi&th=1&psc=1"><img src="https://m.media-amazon.com/images/I/51aUBaF3HdL._SL500_.jpg" alt="Product Image"></a><p>Chef Pomodoro Air Fryer Tray for Oven, Copper Crisper Tray, Air Fryer Pans for Toaster Oven, Air Fryer Basket and Tray 2-Piece Set, Air Fryer Baking Pan, Air Fryer basket for Oven (Rectangle)</p><p> -33% 0FF </p><p>$19.99</p><a href="https://www.amazon.com/dp/B089YSGMMG?tag=eloabder-20&linkCode=osi&th=1&psc=1">View Product</a></div><div class="product"><a href="https://www.amazon.com/dp/B0BQ9VBZBH?tag=eloabder-20&linkCode=osi&th=1&psc=1"><img src="https://m.media-amazon.com/images/I/516B1UlyAqL._SL500_.jpg" alt="Product Image"></a><p>Oven Liners for Bottom of Oven with Baking Sheet Liner | Heat Resistant Oven Liners for Bottom of Electric Oven and Teflon Sheets for Baking | Reusable Oven Matt Liner for Bottom of Electric Oven.</p><p> -23% 0FF </p><p>$9.99</p><a href="https://www.amazon.com/dp/B0BQ9VBZBH?tag=eloabder-20&linkCode=osi&th=1&psc=1">View Product</a></div>

<div class="product"><a href="https://www.amazon.com/dp/B08BSP4GL1?tag=eloabder-20&linkCode=osi&th=1&psc=1"><img src="https://m.media-amazon.com/images/I/41gWrVLe75L._SL500_.jpg" alt="Product Image"></a><p>Elite Gourmet EBM8103B Programmable Bread Maker Machine 3 Loaf Sizes, 19 Menu Functions Gluten Free White Wheat Rye French and more, 2 Lbs, Black</p><p> -13% 0FF </p><p>$64.97</p><a href="https://www.amazon.com/dp/B08BSP4GL1?tag=eloabder-20&linkCode=osi&th=1&psc=1">View Product</a></div><div class="product"><a href="https://www.amazon.com/dp/B0CJKNWCG1?tag=eloabder-20&linkCode=osi&th=1&psc=1"><img src="https://m.media-amazon.com/images/I/31wlh9Y94-L._SL500_.jpg" alt="Product Image"></a><p>Silicone Bread Maker, Foldable Nonstick Silicone Bread Pan Easy Release Microwave Dishwasher for Kitchen</p><p> -7% 0FF </p><p>$11.59</p><a href="https://www.amazon.com/dp/B0CJKNWCG1?tag=eloabder-20&linkCode=osi&th=1&psc=1">View Product</a></div>
<div class="product"><a href="https://www.amazon.com/dp/B0BY833XLS?tag=eloabder-20&linkCode=osi&th=1&psc=1"><img src="https://m.media-amazon.com/images/I/41aFMPym+YL._SL500_.jpg" alt="Product Image"></a><p>AWEELON 2 Pcs Silicone Air Fryer Egg Pan Reusable Air Fryer Egg Mold,Non-Stick Air Fryer Baking Pan 3 Cavity Silicone Muffin Pans for Baking Hamburger Bun Pan Air Fryer Accessories</p><p> -10% 0FF </p><p>$8.98</p><a href="https://www.amazon.com/dp/B0BY833XLS?tag=eloabder-20&linkCode=osi&th=1&psc=1">View Product</a></div><div class="product"><a href="https://www.amazon.com/dp/B088TPLBQB?tag=eloabder-20&linkCode=osi&th=1&psc=1"><img src="https://m.media-amazon.com/images/I/31tsE8At5ZL._SL500_.jpg" alt="Product Image"></a><p>SELPONT Pastry Tamper- Wooden Pastry- Double Ended- Dough Tart Tamper- Baking Tool- Shaping Kitchen Tool</p><p> -25% 0FF </p><p>$8.99</p><a href="https://www.amazon.com/dp/B088TPLBQB?tag=eloabder-20&linkCode=osi&th=1&psc=1">View Product</a></div>
<div class="product"><a href="https://www.amazon.com/dp/B01M5JDU2A?tag=eloabder-20&linkCode=osi&th=1&psc=1"><img src="https://m.media-amazon.com/images/I/314-+mGNoUL._SL500_.jpg" alt="Product Image"></a><p>Gotham Steel Round Baking Pan Nonstick Bakeware, Round Cake Pan, – Large 9.5” x 9.5” x 2” Size, Even Heat & Non-Warp Technology, Ultra Nonstick Ceramic Coating, Dishwasher Safe, Brownish</p><p> -18% 0FF </p><p>$16.32</p><a href="https://www.amazon.com/dp/B01M5JDU2A?tag=eloabder-20&linkCode=osi&th=1&psc=1">View Product</a></div><div class="product"><a href="https://www.amazon.com/dp/B0CM67SP45?tag=eloabder-20&linkCode=osi&th=1&psc=1"><img src="https://m.media-amazon.com/images/I/31gSvPX0j5L._SL500_.jpg" alt="Product Image"></a><p>Air Fryer Cake Pan,Pizza Pan and Baking Cake Barrel,Nonstick Coating Backing Fit for HD9925 HD9860 HD9905 01,Dishwasher Safe, Black(22cm)</p><p> -43% 0FF </p><p>$11.88</p><a href="https://www.amazon.com/dp/B0CM67SP45?tag=eloabder-20&linkCode=osi&th=1&psc=1">View Product</a></div>
<div class="product"><a href="https://www.amazon.com/dp/B005XOYUSQ?tag=eloabder-20&linkCode=osi&th=1&psc=1"><img src="https://m.media-amazon.com/images/I/51l6VUhtL1L._SL500_.jpg" alt="Product Image"></a><p>Toas-Tite Sandwich Grill - Handheld Pie Iron, Sandwich Maker, Hand Toaster, Panini and Sandwich Press for Hand Made Hot Sandwiches and Pies - Perfect for Stovetop, Grill and Campfire</p><p> -6% 0FF </p><p>$29.95</p><a href="https://www.amazon.com/dp/B005XOYUSQ?tag=eloabder-20&linkCode=osi&th=1&psc=1">View Product</a></div><div class="product"><a href="https://www.amazon.com/dp/B0C9HX4TLP?tag=eloabder-20&linkCode=osi&th=1&psc=1"><img src="https://m.media-amazon.com/images/I/41j6he2SJ8L._SL500_.jpg" alt="Product Image"></a><p>AILITOR Double Pie Iron Sandwich Maker for Camping, Cast Iron Campfire Pie Cooker, Campfire Cooking Equipment Mountain Pie Maker</p><p> -25% 0FF </p><p>$29.99</p><a href="https://www.amazon.com/dp/B0C9HX4TLP?tag=eloabder-20&linkCode=osi&th=1&psc=1">View Product</a></div><div class="product"><a href="https://www.amazon.com/dp/B0BQ6RF42G?tag=eloabder-20&linkCode=osi&th=1&psc=1"><img src="https://m.media-amazon.com/images/I/415JIGFbKAL._SL500_.jpg" alt="Product Image"></a><p>AILITOR Campfire Sandwich Maker Cast Iron Pack of 4 - Pudgy Pie Maker for Camping, Mountain Pie Cooker</p><p> -5% 0FF </p><p>$94.99</p><a href="https://www.amazon.com/dp/B0BQ6RF42G?tag=eloabder-20&linkCode=osi&th=1&psc=1">View Product</a></div>
<div class="product"><a href="https://www.amazon.com/dp/B00KBUGQNY?tag=eloabder-20&linkCode=osi&th=1&psc=1"><img src="https://m.media-amazon.com/images/I/41XqQqVDzML._SL500_.jpg" alt="Product Image"></a><p>Wilton Candy Melts Candy And Chocolate Melting Pot, 2.5 Cups Capacity, Assorted Colors, Plastic</p><p> -24% 0FF </p><p>$32.99</p><a href="https://www.amazon.com/dp/B00KBUGQNY?tag=eloabder-20&linkCode=osi&th=1&psc=1">View Product</a></div>

<div class="product"><a href="https://www.amazon.com/dp/B07XXMSZ9T?tag=eloabder-20&linkCode=osi&th=1&psc=1"><img src="https://m.media-amazon.com/images/I/31QYFgrmuuL._SL500_.jpg" alt="Product Image"></a><p>MACONEE 12inch Universal Microwave Crisper Pan/Microwave Cookware Crispy Plate Fry Pan, Microwave Cooker for Reheat Frozen Pizza, Chicken Nuggets French Toast with Crisp Effect!</p><p> -5% 0FF </p><p>$34.99</p><a href="https://www.amazon.com/dp/B07XXMSZ9T?tag=eloabder-20&linkCode=osi&th=1&psc=1">View Product</a></div><div class="product"><a href="https://www.amazon.com/dp/B0C95D475H?tag=eloabder-20&linkCode=osi&th=1&psc=1"><img src="https://m.media-amazon.com/images/I/41KfKdcdDbL._SL500_.jpg" alt="Product Image"></a><p>Cuisinart Indoor Pizza Oven – Bake 12” Pizzas in Minutes – Portable Countertop Pizza Oven – Stainless Steel - CPZ-120</p><p> -53% 0FF </p><p>$187.49</p><a href="https://www.amazon.com/dp/B0C95D475H?tag=eloabder-20&linkCode=osi&th=1&psc=1">View Product</a></div><div class="product"><a href="https://www.amazon.com/dp/B0D9HYLN56?tag=eloabder-20&linkCode=osi&th=1&psc=1"><img src="https://m.media-amazon.com/images/I/51KRbs4TdkL._SL500_.jpg" alt="Product Image"></a><p>Presto 03434 Pizzaz Plus Rotating Oven - 12-Inch, Countertop Pizza Oven, Nonstick Tray, Top and Bottom Heating Elements, Easy to Clean, Green/Gold</p><p> -7% 0FF </p><p>$79.00</p><a href="https://www.amazon.com/dp/B0D9HYLN56?tag=eloabder-20&linkCode=osi&th=1&psc=1">View Product</a></div>
<div class="product"><a href="https://www.amazon.com/dp/B077YR9FFG?tag=eloabder-20&linkCode=osi&th=1&psc=1"><img src="https://m.media-amazon.com/images/I/51O2k+YPICL._SL500_.jpg" alt="Product Image"></a><p>Chefman Panini Press Grill and Gourmet Sandwich Maker Non-Stick Coated Plates, Opens 180 Degrees to Fit Any Type or Size of Food, Stainless Steel Surface and Removable Drip Tray, 4 Slice, Black</p><p> -20% 0FF </p><p>$39.96</p><a href="https://www.amazon.com/dp/B077YR9FFG?tag=eloabder-20&linkCode=osi&th=1&psc=1">View Product</a></div><div class="product"><a href="https://www.amazon.com/dp/B0039UU9TU?tag=eloabder-20&linkCode=osi&th=1&psc=1"><img src="https://m.media-amazon.com/images/I/41zMBCGEaoL._SL500_.jpg" alt="Product Image"></a><p>Lodge LPP3 Cast Iron Square Ribbed Panini Press, 8.25-inch</p><p> -7% 0FF </p><p>$29.61</p><a href="https://www.amazon.com/dp/B0039UU9TU?tag=eloabder-20&linkCode=osi&th=1&psc=1">View Product</a></div>
<div class="product"><a href="https://www.amazon.com/dp/B0BMV2R7NH?tag=eloabder-20&linkCode=osi&th=1&psc=1"><img src="https://m.media-amazon.com/images/I/41AU0s48sEL._SL500_.jpg" alt="Product Image"></a><p>Audecook Hot Pot Electric 2L, Cermic Glaze Non-Stick Frying Pan 8 Inch, Portable Travel Cooker for Ramen/Steak/Fried Rice/Oatmeal/Soup, with Dual Power Control (Silicone Spatula Included)</p><p> -24% 0FF </p><p>$37.99</p><a href="https://www.amazon.com/dp/B0BMV2R7NH?tag=eloabder-20&linkCode=osi&th=1&psc=1">View Product</a></div><div class="product"><a href="https://www.amazon.com/dp/B0B7FHK2H7?tag=eloabder-20&linkCode=osi&th=1&psc=1"><img src="https://m.media-amazon.com/images/I/31dqzuWr2sL._SL500_.jpg" alt="Product Image"></a><p>Audecook Hot Pot Electric with Steamer, 1.8L Portable Mini Travel Cooker, Multifunctional Non-Stick Electric Skillet for Stir Fry/Stew/Steam, Perfect for Ramen Noodles/Pasta/Egg/Soup/Oatmeal (White)</p><p> -28% 0FF </p><p>$32.98</p><a href="https://www.amazon.com/dp/B0B7FHK2H7?tag=eloabder-20&linkCode=osi&th=1&psc=1">View Product</a></div>
<div class="product"><a href="https://www.amazon.com/dp/B0002HAEKW?tag=eloabder-20&linkCode=osi&th=1&psc=1"><img src="https://m.media-amazon.com/images/I/31pTwD5u8wL._SL500_.jpg" alt="Product Image"></a><p>Farberware Classic Series Stainless Steel 8-Quart Covered Straining Stockpot with Lid, Stainless Steel Pot with Lid, Silver</p><p> -39% 0FF </p><p>$36.49</p><a href="https://www.amazon.com/dp/B0002HAEKW?tag=eloabder-20&linkCode=osi&th=1&psc=1">View Product</a></div><div class="product"><a href="https://www.amazon.com/dp/B08HR7H63D?tag=eloabder-20&linkCode=osi&th=1&psc=1"><img src="https://m.media-amazon.com/images/I/41kHWurprEL._SL500_.jpg" alt="Product Image"></a><p>Bayou Classic 200-490 30-qt Aluminum Turkey Fryer Kit Features 30-qt Aluminum Stockpot w/ Lid Lift Hook and Rack 1-oz Seasoning Injector 12-in Fry Thermometer 19-in Tall Steel Cooker w/ 4-in Burner</p><p> -6% 0FF </p><p>$157.63 ($157.63 / Count)</p><a href="https://www.amazon.com/dp/B08HR7H63D?tag=eloabder-20&linkCode=osi&th=1&psc=1">View Product</a></div>
<div class="product"><a href="https://www.amazon.com/dp/B0CV4NYDQL?tag=eloabder-20&linkCode=osi&th=1&psc=1"><img src="https://m.media-amazon.com/images/I/41ySRkI3DsL._SL500_.jpg" alt="Product Image"></a><p>Enameled Cast Iron Bread Pan With Lid 9 Piece Complete Bread Baking Set | Dutch Oven for Bread Baking | 10 Inch Bread Oven with Lid | Thick Enamel | Silicone Baking Mat | Banneton | 6 Quart (Red)</p><p> -10% 0FF </p><p>$89.99</p><a href="https://www.amazon.com/dp/B0CV4NYDQL?tag=eloabder-20&linkCode=osi&th=1&psc=1">View Product</a></div><div class="product"><a href="https://www.amazon.com/dp/B0C8WN349L?tag=eloabder-20&linkCode=osi&th=1&psc=1"><img src="https://m.media-amazon.com/images/I/41Fv7R5VoHL._SL500_.jpg" alt="Product Image"></a><p>Ninja Combi All-in-One Multicooker, Oven, & Air Fryer, Complete Meals in 15 Mins, 14-in-1 Functions, Combi Cooker + Air Fry, Bake, Roast, Slow Cook and More, 3 Accessories, Stainless Steel, SFP701</p><p> -22% 0FF </p><p>$179.99</p><a href="https://www.amazon.com/dp/B0C8WN349L?tag=eloabder-20&linkCode=osi&th=1&psc=1">View Product</a></div>





<div class="product"><a href="https://www.amazon.com/dp/B07GV78ZKK?tag=eloabder-20&linkCode=osi&th=1&psc=1"><img src="https://m.media-amazon.com/images/I/31zntCfjdLL._SL500_.jpg" alt="Product Image"></a><p>COMFEE' EM720CPL-PM Countertop Microwave Oven with Sound On/Off, ECO Mode and Easy One-Touch Buttons, 0.7 Cu Ft/700W, Pearl White</p><p> -17% 0FF </p><p>$68.39</p><a href="https://www.amazon.com/dp/B07GV78ZKK?tag=eloabder-20&linkCode=osi&th=1&psc=1">View Product</a></div>
<div class="product"><a href="https://www.amazon.com/dp/B07XMJMCS3?tag=eloabder-20&linkCode=osi&th=1&psc=1"><img src="https://m.media-amazon.com/images/I/419J3Xx48mL._SL500_.jpg" alt="Product Image"></a><p>Elite Gourmet ETO-4510M French Door 47.5Qt, 18-Slice Convection Oven 4-Control Knobs, Bake Broil Toast Rotisserie Keep Warm, Includes 2 x 14" Pizza Racks, Stainless Steel</p><p> -31% 0FF </p><p>$124.99</p><a href="https://www.amazon.com/dp/B07XMJMCS3?tag=eloabder-20&linkCode=osi&th=1&psc=1">View Product</a></div><div class="product"><a href="https://www.amazon.com/dp/B08BXX69K4?tag=eloabder-20&linkCode=osi&th=1&psc=1"><img src="https://m.media-amazon.com/images/I/41D3YEcmwdL._SL500_.jpg" alt="Product Image"></a><p>Ninja DT201 Foodi 10-in-1 XL Pro Air Fry Digital Countertop Convection Toaster Oven with Dehydrate and Reheat, 1800 Watts, Stainless Steel Finish, Silver</p><p> -23% 0FF </p><p>$229.99</p><a href="https://www.amazon.com/dp/B08BXX69K4?tag=eloabder-20&linkCode=osi&th=1&psc=1">View Product</a></div>
<div class="product"><a href="https://www.amazon.com/dp/B0CS3V8M9H?tag=eloabder-20&linkCode=osi&th=1&psc=1"><img src="https://m.media-amazon.com/images/I/412jHCGGR+L._SL500_.jpg" alt="Product Image"></a><p>Ninja Air Fryer Pro XL 6-in-1 with 6.5 QT Capacity, Max Crisp, Air Fry, Air Roast, Bake, Reheat, Dehydrate, Max Crisp Technology with 450F, Nonstick Basket & Crisper Plate, Grey, AF181</p><p> -47% 0FF </p><p>$89.99</p><a href="https://www.amazon.com/dp/B0CS3V8M9H?tag=eloabder-20&linkCode=osi&th=1&psc=1">View Product</a></div>
<div class="product"><a href="https://www.amazon.com/dp/B0B1QSBB8G?tag=eloabder-20&linkCode=osi&th=1&psc=1"><img src="https://m.media-amazon.com/images/I/51cRMyJi-bL._SL500_.jpg" alt="Product Image"></a><p>Ronco ST5000PLAT Digital Showtime Rotisserie, Platinum Edition, Cooks Food Perfectly Every Time, 3 Cooking Modes: Roast, Sear, and No Heat Rotation, Stainless Steel</p><p> -15% 0FF </p><p>$144.99</p><a href="https://www.amazon.com/dp/B0B1QSBB8G?tag=eloabder-20&linkCode=osi&th=1&psc=1">View Product</a></div><div class="product"><a href="https://www.amazon.com/dp/B08JQNN9SY?tag=eloabder-20&linkCode=osi&th=1&psc=1"><img src="https://m.media-amazon.com/images/I/51rWVbBIf+L._SL500_.jpg" alt="Product Image"></a><p>Ronco Showtime EZ-Store Large Capacity Rotisserie & BBQ Oven, Digital Controls, Compact Storage, Perfect Preset Rotation Speed, Self-Basting, Auto Shutoff, Includes Multipurpose Basket, red</p><p> -10% 0FF </p><p>$139.99</p><a href="https://www.amazon.com/dp/B08JQNN9SY?tag=eloabder-20&linkCode=osi&th=1&psc=1">View Product</a></div><div class="product"><a href="https://www.amazon.com/dp/B00IGGJKRY?tag=eloabder-20&linkCode=osi&th=1&psc=1"><img src="https://m.media-amazon.com/images/I/41ZyPJxqGNL._SL500_.jpg" alt="Product Image"></a><p>Ronco 5500 Series Rotisserie Oven, Black</p><p> -7% 0FF </p><p>$139.99</p><a href="https://www.amazon.com/dp/B00IGGJKRY?tag=eloabder-20&linkCode=osi&th=1&psc=1">View Product</a></div><div class="product"><a href="https://www.amazon.com/dp/B016VZYWNS?tag=eloabder-20&linkCode=osi&th=1&psc=1"><img src="https://m.media-amazon.com/images/I/41GY0IMde0L._SL500_.jpg" alt="Product Image"></a><p>NutriChef Vertical Countertop Rotisserie Oven Roaster, Rotating Shawarma And Kebab Machine with Skewer and Rack, Basket Tower, Roasting Rack, Poultry Tower, Drip Tray, For Meat Chicken Turkey Lamb</p><p> -8% 0FF </p><p>$110.28</p><a href="https://www.amazon.com/dp/B016VZYWNS?tag=eloabder-20&linkCode=osi&th=1&psc=1">View Product</a></div><div class="product"><a href="https://www.amazon.com/dp/B01MAWQSW5?tag=eloabder-20&linkCode=osi&th=1&psc=1"><img src="https://m.media-amazon.com/images/I/51hurfu3V2L._SL500_.jpg" alt="Product Image"></a><p>Nutrichef Vertical Countertop Oven with Rotisserie, Bake, Broil, & Kebab Rack Functions - Adjustable Settings - 2 Shelves - 1500W - Thanksgiving Turkey - Includes Grill, Kebab skewer racks & bake pan</p><p> -15% 0FF </p><p>$88.80</p><a href="https://www.amazon.com/dp/B01MAWQSW5?tag=eloabder-20&linkCode=osi&th=1&psc=1">View Product</a></div>
<div class="product"><a href="https://www.amazon.com/dp/B0BJ7VBZ2N?tag=eloabder-20&linkCode=osi&th=1&psc=1"><img src="https://m.media-amazon.com/images/I/31YfjzhQJiL._SL500_.jpg" alt="Product Image"></a><p>LG LRFLC2706S 27 Cu. Ft. French Door Smart Refrigerator in Stainless Steel</p><p> -22% 0FF </p><p>$1,645.31</p><a href="https://www.amazon.com/dp/B0BJ7VBZ2N?tag=eloabder-20&linkCode=osi&th=1&psc=1">View Product</a></div><div class="product"><a href="https://www.amazon.com/dp/B0CL9K8VTH?tag=eloabder-20&linkCode=osi&th=1&psc=1"><img src="https://m.media-amazon.com/images/I/219HZ+NJ2UL._SL500_.jpg" alt="Product Image"></a><p>THFRIONE 18.1 Cu. Ft 36" Inch W. Refrigerator with Ice & Water Dispenser, Inverter Compressor, Auto Defrost, Gray Stainless Steel Finish – Perfect for Kitchens, Homes, or Offices</p><p> -25% 0FF </p><p>$1,499.99</p><a href="https://www.amazon.com/dp/B0CL9K8VTH?tag=eloabder-20&linkCode=osi&th=1&psc=1">View Product</a></div><div class="product"><a href="https://www.amazon.com/dp/B0C2X116TR?tag=eloabder-20&linkCode=osi&th=1&psc=1"><img src="https://m.media-amazon.com/images/I/21W4R5jV3GL._SL500_.jpg" alt="Product Image"></a><p>LG LRFXC2606S 25.5 Cu. Ft. Stainless Steel French Door Smart Refrigerator</p><p> -29% 0FF </p><p>$1,843.47</p><a href="https://www.amazon.com/dp/B0C2X116TR?tag=eloabder-20&linkCode=osi&th=1&psc=1">View Product</a></div><div class="product"><a href="https://www.amazon.com/dp/B07ZL2VL1Q?tag=eloabder-20&linkCode=osi&th=1&psc=1"><img src="https://m.media-amazon.com/images/I/316q4gNbayL._SL500_.jpg" alt="Product Image"></a><p>GE Profile PVD28BYNFS 27.6 Cu.Ft. Stainless French Door Smart Refrigerator</p><p> -44% 0FF </p><p>$2,345.73</p><a href="https://www.amazon.com/dp/B07ZL2VL1Q?tag=eloabder-20&linkCode=osi&th=1&psc=1">View Product</a></div>
<div class="product"><a href="https://www.amazon.com/dp/B0CFG3VR82?tag=eloabder-20&linkCode=osi&th=1&psc=1"><img src="https://m.media-amazon.com/images/I/41mL7IdNaaL._SL500_.jpg" alt="Product Image"></a><p>4986ER0004F Washer Door Boot Gasket - Boot Seal with Drain Port Compatible with LG and Kenmore Replaces: PS3524977, 1377588, 4986ER0004J, 4986ER0004K, AH3524977, 4986ER0004M, 4986ER0004N, EA3524977</p><p> -19% 0FF </p><p>$29.98</p><a href="https://www.amazon.com/dp/B0CFG3VR82?tag=eloabder-20&linkCode=osi&th=1&psc=1">View Product</a></div><div class="product"><a href="https://www.amazon.com/dp/B0CSNKFMHZ?tag=eloabder-20&linkCode=osi&th=1&psc=1"><img src="https://m.media-amazon.com/images/I/41FWvdtKijL._SL500_.jpg" alt="Product Image"></a><p>Upgraded DC97-16140P DC97-19755A Washer Door Gasket Boot Seal Bellow Diaphragm Compatible with Samsung Front Load Washer Door Seal WF45N5300AW/US WF45M5500AZ/A5 WF45K6200AW/A2 WF45K6300AW/A2 Parts</p><p> -13% 0FF </p><p>$45.77</p><a href="https://www.amazon.com/dp/B0CSNKFMHZ?tag=eloabder-20&linkCode=osi&th=1&psc=1">View Product</a></div>
<div class="product"><a href="https://www.amazon.com/dp/B0C4PRS41W?tag=eloabder-20&linkCode=osi&th=1&psc=1"><img src="https://m.media-amazon.com/images/I/41Xc8Et+m2L._SL500_.jpg" alt="Product Image"></a><p>ROVSUN 13.2LB Portable Clothes Dryer, 3.5 Cu.Ft High End Front Load Tumble Laundry Dryer with LCD Touch Screen, Stainless Steel Tub for Apartment, Home, Dorm-110V, Luxury Grey</p><p> -6% 0FF </p><p>$289.99</p><a href="https://www.amazon.com/dp/B0C4PRS41W?tag=eloabder-20&linkCode=osi&th=1&psc=1">View Product</a></div><div class="product"><a href="https://www.amazon.com/dp/B0BV6M9MB8?tag=eloabder-20&linkCode=osi&th=1&psc=1"><img src="https://m.media-amazon.com/images/I/31UNxYC9C6L._SL500_.jpg" alt="Product Image"></a><p>BLACK+DECKER Compact Clothes Dryer, 1.5 Cu. Ft. 850W Electric Dryer, 120V Vented Portable Dryer with Stainless Steel Drum, Mini Dryer for 3.3 lbs. of Laundry for Standard Wall Outlet</p><p> -6% 0FF </p><p>$244.07</p><a href="https://www.amazon.com/dp/B0BV6M9MB8?tag=eloabder-20&linkCode=osi&th=1&psc=1">View Product</a></div>
<div class="product"><a href="https://www.amazon.com/dp/B09QGHYFY3?tag=eloabder-20&linkCode=osi&th=1&psc=1"><img src="https://m.media-amazon.com/images/I/51WzNNtcNxL._SL500_.jpg" alt="Product Image"></a><p>VEVOR Commercial Convection Oven, 66L/60Qt, Half-Size Conventional Oven Countertop, 1800W 4-Tier Toaster w/Front Glass Door, w/Trays Wire Racks Clip Gloves, 120V</p><p> -8% 0FF </p><p>$459.99</p><a href="https://www.amazon.com/dp/B09QGHYFY3?tag=eloabder-20&linkCode=osi&th=1&psc=1">View Product</a></div><div class="product"><a href="https://www.amazon.com/dp/B0BZ52FLKC?tag=eloabder-20&linkCode=osi&th=1&psc=1"><img src="https://m.media-amazon.com/images/I/51xS1rDuyiL._SL500_.jpg" alt="Product Image"></a><p>Emeril Lagasse Dual Zone 360 Air Fryer Oven Combo with French Door, 25 QT Extra Large Cook Two Foods in Different Ways, Up to 60% Faster from Frozen to Finish</p><p> -12% 0FF </p><p>$264.50</p><a href="https://www.amazon.com/dp/B0BZ52FLKC?tag=eloabder-20&linkCode=osi&th=1&psc=1">View Product</a></div><div class="product"><a href="https://www.amazon.com/dp/B0BRL9F8HV?tag=eloabder-20&linkCode=osi&th=1&psc=1"><img src="https://m.media-amazon.com/images/I/41OVh-RKLgL._SL500_.jpg" alt="Product Image"></a><p>Ninja DCT451 12-in-1 Smart Double Oven with FlexDoor, Thermometer, FlavorSeal, Smart Finish, Rapid Top Convection and Air Fry Bottom , Stainless Steel (pack of 1)</p><p> -20% 0FF </p><p>$279.99</p><a href="https://www.amazon.com/dp/B0BRL9F8HV?tag=eloabder-20&linkCode=osi&th=1&psc=1">View Product</a></div>

<div class="product"><a href="https://www.amazon.com/dp/B0773QXFH3?tag=eloabder-20&linkCode=osi&th=1&psc=1"><img src="https://m.media-amazon.com/images/I/41OitXu8hQL._SL500_.jpg" alt="Product Image"></a><p>BLACK+DECKER BCD6W 6 Place Setting ENERGY STAR Portable Compact Countertop Dishwasher</p><p> -20% 0FF </p><p>$319.99</p><a href="https://www.amazon.com/dp/B0773QXFH3?tag=eloabder-20&linkCode=osi&th=1&psc=1">View Product</a></div><div class="product"><a href="https://www.amazon.com/dp/B09QSV4FCC?tag=eloabder-20&linkCode=osi&th=1&psc=1"><img src="https://m.media-amazon.com/images/I/51vfWTq8xAL._SL500_.jpg" alt="Product Image"></a><p>IAGREEA Portable Countertop Dishwasher, 7 Washing Programs Compact Mini Dishwasher, No Hook Needed, Anti-Leakage, Fruit & Vegetable Soaking, For 4 Sets of Tableware</p><p> -9% 0FF </p><p>$209.99</p><a href="https://www.amazon.com/dp/B09QSV4FCC?tag=eloabder-20&linkCode=osi&th=1&psc=1">View Product</a></div>




<div class="product"><a href="https://www.amazon.com/dp/B07D4821JB?tag=eloabder-20&linkCode=osi&th=1&psc=1"><img src="https://m.media-amazon.com/images/I/31KcsQlzOiL._SL500_.jpg" alt="Product Image"></a><p>GE Smart Countertop Microwave Oven | Complete with Scan-to-Cook Technology and Wifi-Connectivity | 0.9 Cubic Feet Capacity, 900 Watts | Home & Kitchen Essentials | Stainless Steel</p><p> -9% 0FF </p><p>$145.00</p><a href="https://www.amazon.com/dp/B07D4821JB?tag=eloabder-20&linkCode=osi&th=1&psc=1">View Product</a></div><div class="product"><a href="https://www.amazon.com/dp/B08PK7WZC1?tag=eloabder-20&linkCode=osi&th=1&psc=1"><img src="https://m.media-amazon.com/images/I/31FW1VCDrSL._SL500_.jpg" alt="Product Image"></a><p>Toshiba ML-EM62P(SS) Large Countertop Microwave with Smart Sensor, 6 Menus, Auto Defrost, ECO Mode, Mute Option & 16.5" Position Memory Turntable, 2.2 Cu Ft, 1200W, Stainless Steel</p><p> -5% 0FF </p><p>$199.99</p><a href="https://www.amazon.com/dp/B08PK7WZC1?tag=eloabder-20&linkCode=osi&th=1&psc=1">View Product</a></div><div class="product"><a href="https://www.amazon.com/dp/B081ZS7VSM?tag=eloabder-20&linkCode=osi&th=1&psc=1"><img src="https://m.media-amazon.com/images/I/41q6iIrj2lL._SL500_.jpg" alt="Product Image"></a><p>Breville BMO870BSS1BUC1 the Combi Wave 3 in 1 Microwave, Brushed Stainless Steel</p><p> -20% 0FF </p><p>$399.95</p><a href="https://www.amazon.com/dp/B081ZS7VSM?tag=eloabder-20&linkCode=osi&th=1&psc=1">View Product</a></div><div class="product"><a href="https://www.amazon.com/dp/B089WC2P2K?tag=eloabder-20&linkCode=osi&th=1&psc=1"><img src="https://m.media-amazon.com/images/I/418Op+Eo8TL._SL500_.jpg" alt="Product Image"></a><p>TOSHIBA 4-in-1 ML-EC42P(SS) Countertop Microwave Oven, Smart Sensor, Convection, Air Fryer Combo, Mute Function, Position Memory 13.6" Turntable, 1.5 Cu Ft, 1000W, Silver</p><p> -16% 0FF </p><p>$214.99</p><a href="https://www.amazon.com/dp/B089WC2P2K?tag=eloabder-20&linkCode=osi&th=1&psc=1">View Product</a></div>
<div class="product"><a href="https://www.amazon.com/dp/B0CZNV2YJK?tag=eloabder-20&linkCode=osi&th=1&psc=1"><img src="https://m.media-amazon.com/images/I/41cLBczHUgL._SL500_.jpg" alt="Product Image"></a><p>Aeitto Blender, Blenders for Kitchen with 1500-Watt Motor, 68 Oz Large Capacity, Countertop Professional Blenders for Ice Crush, Frozen Drinks, Black</p><p> -73% 0FF </p><p>$89.99</p><a href="https://www.amazon.com/dp/B0CZNV2YJK?tag=eloabder-20&linkCode=osi&th=1&psc=1">View Product</a></div><div class="product"><a href="https://www.amazon.com/dp/B00939FV8K?tag=eloabder-20&linkCode=osi&th=1&psc=1"><img src="https://m.media-amazon.com/images/I/418t4FONikL._SL500_.jpg" alt="Product Image"></a><p>Ninja BL660 Professional Compact Smoothie & Food Processing Blender, 1100-Watts, 3 Functions -for Frozen Drinks, Smoothies, Sauces, & More, 72-oz.* Pitcher, (2) 16-oz. To-Go Cups & Spout Lids, Gray</p><p> -17% 0FF </p><p>$99.00</p><a href="https://www.amazon.com/dp/B00939FV8K?tag=eloabder-20&linkCode=osi&th=1&psc=1">View Product</a></div><div class="product"><a href="https://www.amazon.com/dp/B0CDCTBMKX?tag=eloabder-20&linkCode=osi&th=1&psc=1"><img src="https://m.media-amazon.com/images/I/41AxPEPZViL._SL500_.jpg" alt="Product Image"></a><p>Ninja TB201 Detect Power Blender Pro, BlendSense Technology, For Smoothies, Shakes & More, 1800 Peak Watts, 72 oz. Pitcher, Blender, Black</p><p> -7% 0FF </p><p>$129.99</p><a href="https://www.amazon.com/dp/B0CDCTBMKX?tag=eloabder-20&linkCode=osi&th=1&psc=1">View Product</a></div><div class="product"><a href="https://www.amazon.com/dp/B08F2PWT72?tag=eloabder-20&linkCode=osi&th=1&psc=1"><img src="https://m.media-amazon.com/images/I/21Abxpp-dvL._SL500_.jpg" alt="Product Image"></a><p>KitchenAid Variable Speed Corded Hand Blender KHBV53, Charcoal Grey</p><p> -25% 0FF </p><p>$44.95</p><a href="https://www.amazon.com/dp/B08F2PWT72?tag=eloabder-20&linkCode=osi&th=1&psc=1">View Product</a></div>


<div class="product"><a href="https://www.amazon.com/dp/B010TSWBEA?tag=eloabder-20&linkCode=osi&th=1&psc=1"><img src="https://m.media-amazon.com/images/I/21S-tgi3mHL._SL500_.jpg" alt="Product Image"></a><p>SMEG 2 Slice Toaster with 6 Presets and Defrost Function and Removable Crumb Tray TSF01SSMUS, Stainless Steel</p><p> -21% 0FF </p><p>$196.97</p><a href="https://www.amazon.com/dp/B010TSWBEA?tag=eloabder-20&linkCode=osi&th=1&psc=1">View Product</a></div><div class="product"><a href="https://www.amazon.com/dp/B00COMHC12?tag=eloabder-20&linkCode=osi&th=1&psc=1"><img src="https://m.media-amazon.com/images/I/31x2kZuLOcL._SL500_.jpg" alt="Product Image"></a><p>Breville the 'A Bit More' Toaster 2-Slice, BTA720XL, Brushed Stainless Steel</p><p> -25% 0FF </p><p>$89.95</p><a href="https://www.amazon.com/dp/B00COMHC12?tag=eloabder-20&linkCode=osi&th=1&psc=1">View Product</a></div><div class="product"><a href="https://www.amazon.com/dp/B00140SC64?tag=eloabder-20&linkCode=osi&th=1&psc=1"><img src="https://m.media-amazon.com/images/I/31AsHl4-4ZL._SL500_.jpg" alt="Product Image"></a><p>Breville Smart Toaster, 2-Slice, Brushed Aluminum</p><p> -6% 0FF </p><p>$149.95</p><a href="https://www.amazon.com/dp/B00140SC64?tag=eloabder-20&linkCode=osi&th=1&psc=1">View Product</a></div><div class="product"><a href="https://www.amazon.com/dp/B0964BFH62?tag=eloabder-20&linkCode=osi&th=1&psc=1"><img src="https://m.media-amazon.com/images/I/41Nw+vaMaiL._SL500_.jpg" alt="Product Image"></a><p>Café Express Finish 2-Slice Toaster | Extra-Wide Slots, Extra Lift for Waffles, Pastries, Texas Toast & More | 4 Pre-Set Functions, 8 Shade Options | Countertop Kitchen Essentials | Matte Black</p><p> -23% 0FF </p><p>$99.00</p><a href="https://www.amazon.com/dp/B0964BFH62?tag=eloabder-20&linkCode=osi&th=1&psc=1">View Product</a></div><div class="product"><a href="https://www.amazon.com/dp/B0876235F1?tag=eloabder-20&linkCode=osi&th=1&psc=1"><img src="https://m.media-amazon.com/images/I/41y-KW18W1L._SL500_.jpg" alt="Product Image"></a><p>Haden Heritage 4 Slice Wide Slot Stainless Steel Toaster with Adjustable Browning Control & Non-Slip Feet, Ivory & Chrome</p><p> -29% 0FF </p><p>$89.95</p><a href="https://www.amazon.com/dp/B0876235F1?tag=eloabder-20&linkCode=osi&th=1&psc=1">View Product</a></div>
<div class="product"><a href="https://www.amazon.com/dp/B0C7VMZ9FG?tag=eloabder-20&linkCode=osi&th=1&psc=1"><img src="https://m.media-amazon.com/images/I/31JHVY8m1-L._SL500_.jpg" alt="Product Image"></a><p>Breez Max | Smart AC Controller | WiFi Thermostat for Mini-Split, Window, Portable ACS/Heat Pumps | AI-Based Tech | Free App, No Subscriptions | Alexa, Google, Siri Shortcuts, IFTTT (White)</p><p> -22% 0FF </p><p>$124.99</p><a href="https://www.amazon.com/dp/B0C7VMZ9FG?tag=eloabder-20&linkCode=osi&th=1&psc=1">View Product</a></div>



<div class="product"><a href="https://www.amazon.com/dp/B09H1CGRTV?tag=eloabder-20&linkCode=osi&th=1&psc=1"><img src="https://m.media-amazon.com/images/I/31uEPVcJ8RL._SL500_.jpg" alt="Product Image"></a><p>FOTILE ChefCubii 4-in-1 Countertop Convection Steam Oven, Air Fryer, Dehydrator with True Convection Bake, Steam-Bake, Broil, 40 Preset Menu and Steam Self-Clean, 1 CFT</p><p> -20% 0FF </p><p>$399.00</p><a href="https://www.amazon.com/dp/B09H1CGRTV?tag=eloabder-20&linkCode=osi&th=1&psc=1">View Product</a></div><div class="product"><a href="https://www.amazon.com/dp/B0CZ3HSTP8?tag=eloabder-20&linkCode=osi&th=1&psc=1"><img src="https://m.media-amazon.com/images/I/41rIMFdCNsL._SL500_.jpg" alt="Product Image"></a><p>Secura Multifunction Air Fryer Steam Oven, 13 Quart Compact Oven with Convection Bake, Airfryer, Rapid Steam, Ferment, Dehydrator Combo, Nutritious & Delicious Food Steamer for Cooking (Mint Green)</p><p> -18% 0FF </p><p>$120.00</p><a href="https://www.amazon.com/dp/B0CZ3HSTP8?tag=eloabder-20&linkCode=osi&th=1&psc=1">View Product</a></div><div class="product"><a href="https://www.amazon.com/dp/B08YDJJ48N?tag=eloabder-20&linkCode=osi&th=1&psc=1"><img src="https://m.media-amazon.com/images/I/31eWtCxG5PL._SL500_.jpg" alt="Product Image"></a><p>Whynter TSO-488GB Grande 40 Quart Capacity Counter-Top Multi-Function Convection Steam Oven, Black Stainless Steel</p><p> -26% 0FF </p><p>$320.08</p><a href="https://www.amazon.com/dp/B08YDJJ48N?tag=eloabder-20&linkCode=osi&th=1&psc=1">View Product</a></div>
<div class="product"><a href="https://www.amazon.com/dp/B0B12ZBHLZ?tag=eloabder-20&linkCode=osi&th=1&psc=1"><img src="https://m.media-amazon.com/images/I/41aMbPd8AmL._SL500_.jpg" alt="Product Image"></a><p>Sensibo Air PRO - Air Conditioner Smart Controller & Air Quality Sensor. Smart Thermostat for Mini Split, Window, Portable AC. Temp & Humidity Sensors. Google, Alexa, Siri & Apple HomeKit Compatible</p><p> -31% 0FF </p><p>$149.00</p><a href="https://www.amazon.com/dp/B0B12ZBHLZ?tag=eloabder-20&linkCode=osi&th=1&psc=1">View Product</a></div><div class="product"><a href="https://www.amazon.com/dp/B0BQH2SL9Q?tag=eloabder-20&linkCode=osi&th=1&psc=1"><img src="https://m.media-amazon.com/images/I/31CwRCRuFWL._SL500_.jpg" alt="Product Image"></a><p>Feit Electric Smart Indoor WiFi Temperature and Humidity Sensor for Precision Environment Control, Wireless, Digital Remote App Control, Get Notification Alerts and No Hub Required - Temp/WiFi</p><p> -16% 0FF </p><p>$39.30</p><a href="https://www.amazon.com/dp/B0BQH2SL9Q?tag=eloabder-20&linkCode=osi&th=1&psc=1">View Product</a></div><div class="product"><a href="https://www.amazon.com/dp/B0B5GPM54S?tag=eloabder-20&linkCode=osi&th=1&psc=1"><img src="https://m.media-amazon.com/images/I/31sAt4ZNQRL._SL500_.jpg" alt="Product Image"></a><p>YoLink X3 Version Temperature & Humidity Sensor, Supports App Real-Time Data Refresh, Alexa, IFTTT, Home Assistant Integration - YoLink Hub Required</p><p> -20% 0FF </p><p>$39.99</p><a href="https://www.amazon.com/dp/B0B5GPM54S?tag=eloabder-20&linkCode=osi&th=1&psc=1">View Product</a></div><div class="product"><a href="https://www.amazon.com/dp/B09Y873L1Z?tag=eloabder-20&linkCode=osi&th=1&psc=1"><img src="https://m.media-amazon.com/images/I/41iuXKDZtVL._SL500_.jpg" alt="Product Image"></a><p>WiFi Temperature Humidity Monitor: Upgraded Smart Temperature and Humidity Sensor with Large Backlit LCD Screen & App Alerts, Indoor Thermometer Hygrometer Compatible with Alexa Google Assistant</p><p> -23% 0FF </p><p>$20.68</p><a href="https://www.amazon.com/dp/B09Y873L1Z?tag=eloabder-20&linkCode=osi&th=1&psc=1">View Product</a></div>
<div class="product"><a href="https://www.amazon.com/dp/B002HDLBTC?tag=eloabder-20&linkCode=osi&th=1&psc=1"><img src="https://m.media-amazon.com/images/I/514U5jbXZXL._SL500_.jpg" alt="Product Image"></a><p>BREW EXPRESS - 10 CUP BUILT-IN-THE-WALL - SELF FILLING COFFEE SYSTEM</p><p> -16% 0FF </p><p>$753.00 ($75.30 / Count)</p><a href="https://www.amazon.com/dp/B002HDLBTC?tag=eloabder-20&linkCode=osi&th=1&psc=1">View Product</a></div><div class="product"><a href="https://www.amazon.com/dp/B07HCMRJZD?tag=eloabder-20&linkCode=osi&th=1&psc=1"><img src="https://m.media-amazon.com/images/I/41GaMhDDegL._SL500_.jpg" alt="Product Image"></a><p>WOLF GOURMET Programmable Coffee Maker System with 10 Cup Thermal Carafe, Built-In Grounds Scale, Removable Reservoir, Red Knob, Stainless Steel (WGCM100S)</p><p> -18% 0FF </p><p>$449.95</p><a href="https://www.amazon.com/dp/B07HCMRJZD?tag=eloabder-20&linkCode=osi&th=1&psc=1">View Product</a></div>



<div class="product"><a href="https://www.amazon.com/dp/B00P387SGS?tag=eloabder-20&linkCode=osi&th=1&psc=1"><img src="https://m.media-amazon.com/images/I/31PaPGs7ucL._SL500_.jpg" alt="Product Image"></a><p>Avanti ERU200P3S ERU200 20" Electric Range Oven with Framed Glass Door, in Stainless Steel</p><p> -25% 0FF </p><p>$584.10</p><a href="https://www.amazon.com/dp/B00P387SGS?tag=eloabder-20&linkCode=osi&th=1&psc=1">View Product</a></div><div class="product"><a href="https://www.amazon.com/dp/B0CGMC72GG?tag=eloabder-20&linkCode=osi&th=1&psc=1"><img src="https://m.media-amazon.com/images/I/41VO4jA5L0L._SL500_.jpg" alt="Product Image"></a><p>Kenmore Front Control Electric Range Oven with 5 Cooktop Elements with 7 Cooking Power Options, True Convection, Steam and Self Clean, Freestanding Oven, 4.8 cu. ft. Capacity Stainless Steel</p><p> -15% 0FF </p><p>$1,099.99</p><a href="https://www.amazon.com/dp/B0CGMC72GG?tag=eloabder-20&linkCode=osi&th=1&psc=1">View Product</a></div><div class="product"><a href="https://www.amazon.com/dp/B00P3821II?tag=eloabder-20&linkCode=osi&th=1&psc=1"><img src="https://m.media-amazon.com/images/I/31VtoYu+-YL._SL500_.jpg" alt="Product Image"></a><p>Avanti ERU240P1B ERU240 24" Electric Range Oven with Framed Glass Door, in Black</p><p> -12% 0FF </p><p>$612.07</p><a href="https://www.amazon.com/dp/B00P3821II?tag=eloabder-20&linkCode=osi&th=1&psc=1">View Product</a></div><div class="product"><a href="https://www.amazon.com/dp/B098H6P9YG?tag=eloabder-20&linkCode=osi&th=1&psc=1"><img src="https://m.media-amazon.com/images/I/3173fk+5oHL._SL500_.jpg" alt="Product Image"></a><p>Premium Levella 20" Electric Range with 4 Coil Burners and 2.2 Cu. Ft. Oven Capacity in White</p><p> -7% 0FF </p><p>$699.00</p><a href="https://www.amazon.com/dp/B098H6P9YG?tag=eloabder-20&linkCode=osi&th=1&psc=1">View Product</a></div><div class="product"><a href="https://www.amazon.com/dp/B07HY4RYPD?tag=eloabder-20&linkCode=osi&th=1&psc=1"><img src="https://m.media-amazon.com/images/I/41+Y7YbWcuL._SL500_.jpg" alt="Product Image"></a><p>OVENTE Electric Countertop Double Burner, 1700W Cooktop with 7.25" and 6.10" Cast Iron Hot Plates, Temperature Control, Portable Cooking Stove and Easy to Clean Stainless Steel Base, Black BGS102B</p><p> -34% 0FF </p><p>$26.99</p><a href="https://www.amazon.com/dp/B07HY4RYPD?tag=eloabder-20&linkCode=osi&th=1&psc=1">View Product</a></div><div class="product"><a href="https://www.amazon.com/dp/B01EBC40BW?tag=eloabder-20&linkCode=osi&th=1&psc=1"><img src="https://m.media-amazon.com/images/I/31EF03Y41gL._SL500_.jpg" alt="Product Image"></a><p>GE Appliances JB645DKWW, White</p><p> -9% 0FF </p><p>$759.72</p><a href="https://www.amazon.com/dp/B01EBC40BW?tag=eloabder-20&linkCode=osi&th=1&psc=1">View Product</a></div>
<div class="product"><a href="https://www.amazon.com/dp/B0B8F38J2B?tag=eloabder-20&linkCode=osi&th=1&psc=1"><img src="https://m.media-amazon.com/images/I/31hyxdIlB5L._SL500_.jpg" alt="Product Image"></a><p>GreenPan Elite 8 - in -1 Programmable 6QT Electric Slow Cooker, Dishwasher Safe Lid & Removable Crock, PFAS-Free Healthy Ceramic Nonstick Multi-Cooker, Sear, Sauté/Brown, Steam Basket, Roast, White</p><p> -24% 0FF </p><p>$190.22</p><a href="https://www.amazon.com/dp/B0B8F38J2B?tag=eloabder-20&linkCode=osi&th=1&psc=1">View Product</a></div>

<div class="product"><a href="https://www.amazon.com/dp/B0BG677TXS?tag=eloabder-20&linkCode=osi&th=1&psc=1"><img src="https://m.media-amazon.com/images/I/31xwg0S1m1L._SL500_.jpg" alt="Product Image"></a><p>Samsung WW25B6900AW/A2 2.5 cu. ft. Smart Dial Front Load Washer</p><p> -27% 0FF </p><p>$798.00</p><a href="https://www.amazon.com/dp/B0BG677TXS?tag=eloabder-20&linkCode=osi&th=1&psc=1">View Product</a></div><div class="product"><a href="https://www.amazon.com/dp/B098FBB9KF?tag=eloabder-20&linkCode=osi&th=1&psc=1"><img src="https://m.media-amazon.com/images/I/31BJNXlaIoL._SL500_.jpg" alt="Product Image"></a><p>SAMSUNG 6.0 Cu Ft. Smart Dial Front Load Washer, Wash 2 Loads in 1 Large Capacity Machine, FlexWash, 28 Minute Super Speed Clothes Washing, Steam Stain Removal, WV60A9900AV/A5, Brushed Black</p><p> -6% 0FF </p><p>$1,794.00</p><a href="https://www.amazon.com/dp/B098FBB9KF?tag=eloabder-20&linkCode=osi&th=1&psc=1">View Product</a></div><div class="product"><a href="https://www.amazon.com/dp/B0CG21R3R3?tag=eloabder-20&linkCode=osi&th=1&psc=1"><img src="https://m.media-amazon.com/images/I/41wWRqV3hNL._SL500_.jpg" alt="Product Image"></a><p>Samsung 5.4 Cu. Ft. Smart Top Load Washer with Active Wave Agitator in White</p><p> -30% 0FF </p><p>$698.11</p><a href="https://www.amazon.com/dp/B0CG21R3R3?tag=eloabder-20&linkCode=osi&th=1&psc=1">View Product</a></div><div class="product"><a href="https://www.amazon.com/dp/B0B9GCYNTQ?tag=eloabder-20&linkCode=osi&th=1&psc=1"><img src="https://m.media-amazon.com/images/I/31-hInDefjL._SL500_.jpg" alt="Product Image"></a><p>SAMSUNG 4.6 Cu Ft AI Smart Dial Front Load Washer, Large Capacity Machine, Stackable for Small Spaces, 28 Min Super Speed Clothes Washing, Energy Star Certified, WF46BG6500AVUS, Brushed Black</p><p> -46% 0FF </p><p>$699.97</p><a href="https://www.amazon.com/dp/B0B9GCYNTQ?tag=eloabder-20&linkCode=osi&th=1&psc=1">View Product</a></div><div class="product"><a href="https://www.amazon.com/dp/B09RHLVMN3?tag=eloabder-20&linkCode=osi&th=1&psc=1"><img src="https://m.media-amazon.com/images/I/41f7mMz70DL._SL500_.jpg" alt="Product Image"></a><p>Samsung WF45T6000WPR White Front Load Laundry Package</p><p> -26% 0FF </p><p>$1,258.99</p><a href="https://www.amazon.com/dp/B09RHLVMN3?tag=eloabder-20&linkCode=osi&th=1&psc=1">View Product</a></div><div class="product"><a href="https://www.amazon.com/dp/B0DHYRW1S1?tag=eloabder-20&linkCode=osi&th=1&psc=1"><img src="https://m.media-amazon.com/images/I/31XhNU9yg2L._SL500_.jpg" alt="Product Image"></a><p>Samsung WH46DBH100EWA3 Bespoke AI Laundry Hub Large Capacity 4.6 Single Unit Steam Wash and 7.6 cu. ft. Electric White Washer and Dryer</p><p> -11% 0FF </p><p>$1,598.11</p><a href="https://www.amazon.com/dp/B0DHYRW1S1?tag=eloabder-20&linkCode=osi&th=1&psc=1">View Product</a></div><div class="product"><a href="https://www.amazon.com/dp/B0C5BGBSTS?tag=eloabder-20&linkCode=osi&th=1&psc=1"><img src="https://m.media-amazon.com/images/I/31osGMkChUL._SL500_.jpg" alt="Product Image"></a><p>LG WM6700HBA 5.0 Cu. Ft. Black Steel Front Load HE Stackable Smart Washer</p><p> -32% 0FF </p><p>$948.11</p><a href="https://www.amazon.com/dp/B0C5BGBSTS?tag=eloabder-20&linkCode=osi&th=1&psc=1">View Product</a></div>
<div class="product"><a href="https://www.amazon.com/dp/B099FM9Q3F?tag=eloabder-20&linkCode=osi&th=1&psc=1"><img src="https://m.media-amazon.com/images/I/31BJ8l-fdHL._SL500_.jpg" alt="Product Image"></a><p>SAMSUNG 7.5 Cu. Ft. Smart Dial Electric Dryer with FlexDry, Dry 2 Loads in 1 Large Capacity Machine, Super Speed 30 Minute Clothes Drying Cycle, WiFi Connected Control, DVE60A9900V/A3, Brushed Black</p><p> -10% 0FF </p><p>$899.99</p><a href="https://www.amazon.com/dp/B099FM9Q3F?tag=eloabder-20&linkCode=osi&th=1&psc=1">View Product</a></div><div class="product"><a href="https://www.amazon.com/dp/B0C72WLSJ1?tag=eloabder-20&linkCode=osi&th=1&psc=1"><img src="https://m.media-amazon.com/images/I/41Xh3Pcm43L._SL500_.jpg" alt="Product Image"></a><p>GE Profile PFQ97HSPVDS 28 Inch Smart Front Load Washer/Dryer Combo with 4.8 cu.ft. Capacity, 12 Wash Cycles, 14 Dryer Cycles</p><p> -17% 0FF </p><p>$1,915.00</p><a href="https://www.amazon.com/dp/B0C72WLSJ1?tag=eloabder-20&linkCode=osi&th=1&psc=1">View Product</a></div>
<div class="product"><a href="https://www.amazon.com/dp/B08BXXQ37X?tag=eloabder-20&linkCode=osi&th=1&psc=1"><img src="https://m.media-amazon.com/images/I/41rYTYUWK2L._SL500_.jpg" alt="Product Image"></a><p>Ninja DT251 Foodi 10-in-1 Smart XL Air Fry Oven, Bake, Broil, Toast, Roast, Digital Toaster, Thermometer, True Surround Convection up to 450°F, includes 6 trays & Recipe Guide, Silver</p><p> -24% 0FF </p><p>$249.95</p><a href="https://www.amazon.com/dp/B08BXXQ37X?tag=eloabder-20&linkCode=osi&th=1&psc=1">View Product</a></div><div class="product"><a href="https://www.amazon.com/dp/B0CLP1YV8V?tag=eloabder-20&linkCode=osi&th=1&psc=1"><img src="https://m.media-amazon.com/images/I/41SB1d44IAL._SL500_.jpg" alt="Product Image"></a><p>COSORI Smart 13-in-1 Air Fryer Toaster Oven Combo, Airfryer Rotisserie Sous Vide Convection Oven Countertop, Bake, Broil, Roast, Dehydrate, 134 Recipes & 4 Accessories, 32QT, Silver, Stainless Steel</p><p> -12% 0FF </p><p>$149.99</p><a href="https://www.amazon.com/dp/B0CLP1YV8V?tag=eloabder-20&linkCode=osi&th=1&psc=1">View Product</a></div>
<div class="product"><a href="https://www.amazon.com/dp/B09WPS1JQT?tag=eloabder-20&linkCode=osi&th=1&psc=1"><img src="https://m.media-amazon.com/images/I/213pWPsDBsL._SL500_.jpg" alt="Product Image"></a><p>SHARP Smart Dishwasher Works with Alexa. Includes LED Interior lights, Stainless Steel interior, Heated Dry with Fan Assist, Wash Zone cleans half load on either rack, Adjustable Third Rack</p><p> -28% 0FF </p><p>$649.99</p><a href="https://www.amazon.com/dp/B09WPS1JQT?tag=eloabder-20&linkCode=osi&th=1&psc=1">View Product</a></div><div class="product"><a href="https://www.amazon.com/dp/B0B9GJFNLX?tag=eloabder-20&linkCode=osi&th=1&psc=1"><img src="https://m.media-amazon.com/images/I/41rhOWVP2YL._SL500_.jpg" alt="Product Image"></a><p>BLITZHOME Portable Dishwasher Countertop, WIFI Smart Dishwasher, Compact Dishwashers with 5L Built-in Water Tank, 6 Programs, 360° Dual Spray, High-Temp& Air-Dry Function, Fruit Cleaning</p><p> -5% 0FF </p><p>$265.94</p><a href="https://www.amazon.com/dp/B0B9GJFNLX?tag=eloabder-20&linkCode=osi&th=1&psc=1">View Product</a></div><div class="product"><a href="https://www.amazon.com/dp/B0B9GDD4VS?tag=eloabder-20&linkCode=osi&th=1&psc=1"><img src="https://m.media-amazon.com/images/I/31vXK+e-zxL._SL500_.jpg" alt="Product Image"></a><p>SAMSUNG Smart 44dBA Dishwasher w/ StormWash+, AutoRelease Door, Quiet Operation, 3 Dish Racks, Pre Blast Cycle, Energy Star Certified, DW80B6060US/AA, Fingerprint Resistant Stainless Steel</p><p> -5% 0FF </p><p>$949.00</p><a href="https://www.amazon.com/dp/B0B9GDD4VS?tag=eloabder-20&linkCode=osi&th=1&psc=1">View Product</a></div><div class="product"><a href="https://www.amazon.com/dp/B0BDNRN39R?tag=eloabder-20&linkCode=osi&th=1&psc=1"><img src="https://m.media-amazon.com/images/I/21YrlEfylNL._SL500_.jpg" alt="Product Image"></a><p>Samsung DW80B7070AP 42 dBA Bespoke Smart Dishwasher - Bespoke Panel Ready</p><p> -10% 0FF </p><p>$1,029.72</p><a href="https://www.amazon.com/dp/B0BDNRN39R?tag=eloabder-20&linkCode=osi&th=1&psc=1">View Product</a></div><div class="product"><a href="https://www.amazon.com/dp/B0CFPTPD7N?tag=eloabder-20&linkCode=osi&th=1&psc=1"><img src="https://m.media-amazon.com/images/I/31JMPn7cM2L._SL500_.jpg" alt="Product Image"></a><p>Kenmore 24" Built-In Stainless Steel Tub Dishwasher with EasyFlex 3rd Rack, SmartWash, UltraWash Plus, TurboDry, and Adjustable Rack, Energy Star Certified, Fingerprint Resistant Stainless Steel</p><p> -38% 0FF </p><p>$499.99</p><a href="https://www.amazon.com/dp/B0CFPTPD7N?tag=eloabder-20&linkCode=osi&th=1&psc=1">View Product</a></div>
<div class="product"><a href="https://www.amazon.com/dp/B07X2732ZN?tag=eloabder-20&linkCode=osi&th=1&psc=1"><img src="https://m.media-amazon.com/images/I/414+VuqxfCL._SL500_.jpg" alt="Product Image"></a><p>Winco EMW-1000ST Commercial-Grade Microwave Oven, .9 Cubic Feet, Silver</p><p> -7% 0FF </p><p>$278.22</p><a href="https://www.amazon.com/dp/B07X2732ZN?tag=eloabder-20&linkCode=osi&th=1&psc=1">View Product</a></div><div class="product"><a href="https://www.amazon.com/dp/B0C1QP9ZH9?tag=eloabder-20&linkCode=osi&th=1&psc=1"><img src="https://m.media-amazon.com/images/I/41fZkBs64aL._SL500_.jpg" alt="Product Image"></a><p>Winco Commercial-Grade Planetary Mixer with Hub, 20 Liter</p><p> -18% 0FF </p><p>$1,112.49</p><a href="https://www.amazon.com/dp/B0C1QP9ZH9?tag=eloabder-20&linkCode=osi&th=1&psc=1">View Product</a></div><div class="product"><a href="https://www.amazon.com/dp/B0716Q44T2?tag=eloabder-20&linkCode=osi&th=1&psc=1"><img src="https://m.media-amazon.com/images/I/41jw7AxptIL._SL500_.jpg" alt="Product Image"></a><p>Weston Pro Series Electric Meat Grinder, Commercial Grade, 1120 Watts, 1.5 HP, 14lbs. Per Minute, Stainless Steel (10-2201-W)</p><p> -13% 0FF </p><p>$659.99</p><a href="https://www.amazon.com/dp/B0716Q44T2?tag=eloabder-20&linkCode=osi&th=1&psc=1">View Product</a></div>
<div class="product"><a href="https://www.amazon.com/dp/B0BG3BPRBS?tag=eloabder-20&linkCode=osi&th=1&psc=1"><img src="https://m.media-amazon.com/images/I/41EKP3Rd4FL._SL500_.jpg" alt="Product Image"></a><p>KITCHENAID Fitted Tilt-Head Solid Stand Mixer Cover with Storage Pocket, Quilted 100% Cotton, Milkshake, 14.4"x18"x10"</p><p> -57% 0FF </p><p>$19.50</p><a href="https://www.amazon.com/dp/B0BG3BPRBS?tag=eloabder-20&linkCode=osi&th=1&psc=1">View Product</a></div>
<div class="product"><a href="https://www.amazon.com/dp/B08F72TY67?tag=eloabder-20&linkCode=osi&th=1&psc=1"><img src="https://m.media-amazon.com/images/I/515c8kJ6iaL._SL500_.jpg" alt="Product Image"></a><p>MegaWise Vacuum Sealer Machine | 80kPa Suction Power| Bags and Cutter Included | Compact One-Touch Automatic Food Sealer with External Vacuum System | Dry Moist Fresh Modes for All Saving needs</p><p> -10% 0FF </p><p>$35.99</p><a href="https://www.amazon.com/dp/B08F72TY67?tag=eloabder-20&linkCode=osi&th=1&psc=1">View Product</a></div><div class="product"><a href="https://www.amazon.com/dp/B08L8YZ9LG?tag=eloabder-20&linkCode=osi&th=1&psc=1"><img src="https://m.media-amazon.com/images/I/316EFEDqU6S._SL500_.jpg" alt="Product Image"></a><p>VOBAGA Coffee Mug Warmer, Electric Coffee Warmer for Office Desk Accessories with Auto Shut Off, 3 Temperature Setting Smart Cup Warmer for Heating Coffee, Beverage, Milk and Tea (No Mug)</p><p> -38% 0FF </p><p>$24.97</p><a href="https://www.amazon.com/dp/B08L8YZ9LG?tag=eloabder-20&linkCode=osi&th=1&psc=1">View Product</a></div><div class="product"><a href="https://www.amazon.com/dp/B0CCTPNZD4?tag=eloabder-20&linkCode=osi&th=1&psc=1"><img src="https://m.media-amazon.com/images/I/41F5VlaiwOL._SL500_.jpg" alt="Product Image"></a><p>Coffee Mug Warmer, Smart Candle Warmer, Electric Cup Warmer with Aluminum Metal Panel for Office, Desk Accessories, Electric Beverage Warmer for Cocoa, Milk, for Coworkers Friends,</p><p> -50% 0FF </p><p>$9.99</p><a href="https://www.amazon.com/dp/B0CCTPNZD4?tag=eloabder-20&linkCode=osi&th=1&psc=1">View Product</a></div>
<div class="product"><a href="https://www.amazon.com/dp/B0BKLVF1DM?tag=eloabder-20&linkCode=osi&th=1&psc=1"><img src="https://m.media-amazon.com/images/I/41NUOnE9h0L._SL500_.jpg" alt="Product Image"></a><p>Café Couture Oven with 14 essential cooking modes, including Air Fry, CrispFinish, Bake, Broil, Roast, Toast, Pizza, WiFi & Smart Connected, Voice Control, Countertop Small Appliances, Matte White</p><p> -27% 0FF </p><p>$329.00</p><a href="https://www.amazon.com/dp/B0BKLVF1DM?tag=eloabder-20&linkCode=osi&th=1&psc=1">View Product</a></div><div class="product"><a href="https://www.amazon.com/dp/B09649DDTN?tag=eloabder-20&linkCode=osi&th=1&psc=1"><img src="https://m.media-amazon.com/images/I/41iMySSuDkL._SL500_.jpg" alt="Product Image"></a><p>GE Profile Opal 2.0 with 0.75 Gallon Tank, Chewable Crunchable Countertop Nugget Ice Maker, Scoop included, 38 lbs in 24 hours, Pellet Ice Machine with WiFi & Smart Connected, Black Stainless Steel</p><p> -17% 0FF </p><p>$498.98</p><a href="https://www.amazon.com/dp/B09649DDTN?tag=eloabder-20&linkCode=osi&th=1&psc=1">View Product</a></div><div class="product"><a href="https://www.amazon.com/dp/B0DGFSYHXL?tag=eloabder-20&linkCode=osi&th=1&psc=1"><img src="https://m.media-amazon.com/images/I/41JYWoYr-WL._SL500_.jpg" alt="Product Image"></a><p>2024 Upgrade Cord Organizer For Kitchen Appliances,4 Pack Cord Organizer for Appliances,Kitchen Appliance Cord Organizer Stick On,Self-Adhesive Cord Organizer</p><p> -30% 0FF </p><p>$6.99</p><a href="https://www.amazon.com/dp/B0DGFSYHXL?tag=eloabder-20&linkCode=osi&th=1&psc=1">View Product</a></div><div class="product"><a href="https://www.amazon.com/dp/B09SBW246Y?tag=eloabder-20&linkCode=osi&th=1&psc=1"><img src="https://m.media-amazon.com/images/I/41FsMr2XLML._SL500_.jpg" alt="Product Image"></a><p>GE Profile Opal 2.0, Chewable Crunchable Countertop Nugget Ice Maker, Scoop included, 38 lbs in 24 hours, Pellet Ice Machine with WiFi & Smart Connected, Stainless Steel</p><p> -18% 0FF </p><p>$449.00</p><a href="https://www.amazon.com/dp/B09SBW246Y?tag=eloabder-20&linkCode=osi&th=1&psc=1">View Product</a></div>
<div class="product"><a href="https://www.amazon.com/dp/B0C2FF4JD1?tag=eloabder-20&linkCode=osi&th=1&psc=1"><img src="https://m.media-amazon.com/images/I/41hiBJ9xLAL._SL500_.jpg" alt="Product Image"></a><p>Ninja BC151BK Blast Portable Blender, Cordless, 18oz. Vessel, Personal Blender-for Shakes & Smoothies, BPA Free, Leakproof-Lid & Sip Spout, USB-C Rechargeable, Dishwasher Safe Parts, Black</p><p> -33% 0FF </p><p>$39.99</p><a href="https://www.amazon.com/dp/B0C2FF4JD1?tag=eloabder-20&linkCode=osi&th=1&psc=1">View Product</a></div><div class="product"><a href="https://www.amazon.com/dp/B089TQWJKK?tag=eloabder-20&linkCode=osi&th=1&psc=1"><img src="https://m.media-amazon.com/images/I/319-1n4eaeL._SL500_.jpg" alt="Product Image"></a><p>Ninja DZ201 Foodi 8 Quart 6-in-1 DualZone 2-Basket Air Fryer with 2 Independent Frying Baskets, Match Cook & Smart Finish to Roast, Broil, Dehydrate & More for Quick, Easy Meals, Grey</p><p> -15% 0FF </p><p>$169.99</p><a href="https://www.amazon.com/dp/B089TQWJKK?tag=eloabder-20&linkCode=osi&th=1&psc=1">View Product</a></div>
<div class="product"><a href="https://www.amazon.com/dp/B0CMJQC2M3?tag=eloabder-20&linkCode=osi&th=1&psc=1"><img src="https://m.media-amazon.com/images/I/216CCwa5bJL._SL500_.jpg" alt="Product Image"></a><p>Summit Appliance FFBF235PL 24" Wide Bottom Freezer Refrigerator, Energy Star, LED Lighting, Stainless Steel (RHD)</p><p> -41% 0FF </p><p>$1,086.96</p><a href="https://www.amazon.com/dp/B0CMJQC2M3?tag=eloabder-20&linkCode=osi&th=1&psc=1">View Product</a></div><div class="product"><a href="https://www.amazon.com/dp/B096RYWSQM?tag=eloabder-20&linkCode=osi&th=1&psc=1"><img src="https://m.media-amazon.com/images/I/31uENxnUdBL._SL500_.jpg" alt="Product Image"></a><p>COMFEE’ Portable Mini Dishwasher, Energy Star, Countertop, 6 Place Settings, with 8 Washing Programs, Speed, Baby-Care, ECO& Glass, Dish Washer for Dorm, RV& Apartment, White</p><p> -10% 0FF </p><p>$259.99</p><a href="https://www.amazon.com/dp/B096RYWSQM?tag=eloabder-20&linkCode=osi&th=1&psc=1">View Product</a></div>
<div class="product"><a href="https://www.amazon.com/dp/B0CPLVLFK2?tag=eloabder-20&linkCode=osi&th=1&psc=1"><img src="https://m.media-amazon.com/images/I/41TevXHn-zL._SL500_.jpg" alt="Product Image"></a><p>Immersion Blender Handheld Corded Hand Blender 1100W, Trigger Variable Speed 5 in 1 Stick Blender, Emulsion Blender with Chopper, Whisk and Frother for Soup, Baby Food and Smoothies</p><p> -49% 0FF </p><p>$39.99</p><a href="https://www.amazon.com/dp/B0CPLVLFK2?tag=eloabder-20&linkCode=osi&th=1&psc=1">View Product</a></div>
<div class="product"><a href="https://www.amazon.com/dp/B00IE76Q7M?tag=eloabder-20&linkCode=osi&th=1&psc=1"><img src="https://m.media-amazon.com/images/I/41yTd6+03lS._SL500_.jpg" alt="Product Image"></a><p>Reynolds Kitchens Premium Slow Cooker Liners - 13 x 21 Inch, 6 Count</p><p> -40% 0FF </p><p>$3.48 ($0.58 / Count)</p><a href="https://www.amazon.com/dp/B00IE76Q7M?tag=eloabder-20&linkCode=osi&th=1&psc=1">View Product</a></div><div class="product"><a href="https://www.amazon.com/dp/B08QJ8SHGV?tag=eloabder-20&linkCode=osi&th=1&psc=1"><img src="https://m.media-amazon.com/images/I/51e1ld7+QuL._SL500_.jpg" alt="Product Image"></a><p>Sealegend 2 Pieces Dryer Vent Cleaner Kit Dryer Lint Vacuum Attachment, Dryer Vent Cleaning Lint Remover 2 Hoses Tools for Home Improvement</p><p> -6% 0FF </p><p>$14.99</p><a href="https://www.amazon.com/dp/B08QJ8SHGV?tag=eloabder-20&linkCode=osi&th=1&psc=1">View Product</a></div><div class="product"><a href="https://www.amazon.com/dp/B09KT67BL1?tag=eloabder-20&linkCode=osi&th=1&psc=1"><img src="https://m.media-amazon.com/images/I/41GfIj83V6L._SL500_.jpg" alt="Product Image"></a><p>HomeHacks 2-Pack Large Laundry Basket, Waterproof, Freestanding Laundry Hamper, Collapsible Tall Clothes Hamper with Extended Handles for Clothes Toys in the Dorm and Family-(Gradient Grey, 75L)</p><p> -20% 0FF </p><p>$19.99 ($10.00 / Count)</p><a href="https://www.amazon.com/dp/B09KT67BL1?tag=eloabder-20&linkCode=osi&th=1&psc=1">View Product</a></div><div class="product"><a href="https://www.amazon.com/dp/B08YQYB7VF?tag=eloabder-20&linkCode=osi&th=1&psc=1"><img src="https://m.media-amazon.com/images/I/410P1mYng8L._SL500_.jpg" alt="Product Image"></a><p>600W Electric Hand Mixer Kitchen Handheld Mixer 10 Speed Powerful with Turbo for Baking Cake Lightweight & Personal Electric Mixer with Egg Baking Beaters Dough Hooks, Whipping Mixing Cookies</p><p> -25% 0FF </p><p>$37.49</p><a href="https://www.amazon.com/dp/B08YQYB7VF?tag=eloabder-20&linkCode=osi&th=1&psc=1">View Product</a></div>



<div class="product"><a href="https://www.amazon.com/dp/B09SBRGSFH?tag=eloabder-20&linkCode=osi&th=1&psc=1"><img src="https://m.media-amazon.com/images/I/51B+TheiNvL._SL500_.jpg" alt="Product Image"></a><p>Ninja SS151 TWISTi Blender DUO, High-Speed 1600 WP Smoothie Maker & Nutrient Extractor* 5 Functions Smoothie, Spreads & More, smartTORQUE, 34-oz. Pitcher & (2) To-Go Cups, Gray</p><p> -29% 0FF </p><p>$99.99</p><a href="https://www.amazon.com/dp/B09SBRGSFH?tag=eloabder-20&linkCode=osi&th=1&psc=1">View Product</a></div>






<div class="product"><a href="https://www.amazon.com/dp/B0DFP72QBQ?tag=eloabder-20&linkCode=osi&th=1&psc=1"><img src="https://m.media-amazon.com/images/I/41WTRq99coL._SL500_.jpg" alt="Product Image"></a><p>UV Countertop Reverse Osmosis System Water Filter, 5 Stage RO Water Filtration System, NSF/ANSI 58 Certified, 5:1 Pure to Drain, Water Purifier for Home(No Installation Required)</p><p> -83% 0FF </p><p>$299.99</p><a href="https://www.amazon.com/dp/B0DFP72QBQ?tag=eloabder-20&linkCode=osi&th=1&psc=1">View Product</a></div><div class="product"><a href="https://www.amazon.com/dp/B0D2HLT8ZB?tag=eloabder-20&linkCode=osi&th=1&psc=1"><img src="https://m.media-amazon.com/images/I/51I3hzCxgfL._SL500_.jpg" alt="Product Image"></a><p>Hydrosip H6 Hydrogen Water Bottle – Hydrogen Water Bottle Generator Up to 3000ppb – Rich Hydrogen-Infused Water – SPE/PEM Technology – Portable Electric Water Ionizer Bottle – Quick Hydrogen Infusion</p><p> -20% 0FF </p><p>$79.99</p><a href="https://www.amazon.com/dp/B0D2HLT8ZB?tag=eloabder-20&linkCode=osi&th=1&psc=1">View Product</a></div>













<div class="product"><a href="https://www.amazon.com/dp/B0CB8QWHZ4?tag=eloabder-20&linkCode=osi&th=1&psc=1"><img src="https://m.media-amazon.com/images/I/31iiEl+sr-L._SL500_.jpg" alt="Product Image"></a><p>EIFHYT Ceiling Fan Pull Chain with Decorative 2 Pcs 3 mm 12 inch Frosted Light Bulb and Fan Cord extender Chains for Mounted Ceiling Fans and Light Fixtures (Nickel)</p><p> -50% 0FF </p><p>$3.49</p><a href="https://www.amazon.com/dp/B0CB8QWHZ4?tag=eloabder-20&linkCode=osi&th=1&psc=1">View Product</a></div>









<div class="product"><a href="https://www.amazon.com/dp/B0B4PPHG8G?tag=eloabder-20&linkCode=osi&th=1&psc=1"><img src="https://m.media-amazon.com/images/I/31TiuN4BCdL._SL500_.jpg" alt="Product Image"></a><p>Ninja MC1001 Foodi PossibleCooker PRO 8.5 Quart Multi-Cooker, with 8-in-1 Slow Cooker, Dutch Oven, Steamer, Glass Lid Integrated Spoon, Nonstick, Oven Safe Pot to 500°F, Sea Salt Gray</p><p> -33% 0FF </p><p>$99.99</p><a href="https://www.amazon.com/dp/B0B4PPHG8G?tag=eloabder-20&linkCode=osi&th=1&psc=1">View Product</a></div><div class="product"><a href="https://www.amazon.com/dp/B0CSZ7WBYW?tag=eloabder-20&linkCode=osi&th=1&psc=1"><img src="https://m.media-amazon.com/images/I/41s2+VsF0YL._SL500_.jpg" alt="Product Image"></a><p>Ninja Air Fryer Pro 4-in-1 with 5 QT Capacity, Air Fry, Roast, Reheat, Dehydrate, Air Crisp Technology with 400F for hot, crispy results in just minutes, Nonstick Basket & Crisper Plate, Grey, AF141</p><p> -33% 0FF </p><p>$79.99</p><a href="https://www.amazon.com/dp/B0CSZ7WBYW?tag=eloabder-20&linkCode=osi&th=1&psc=1">View Product</a></div><div class="product"><a href="https://www.amazon.com/dp/B0C2FP4XNJ?tag=eloabder-20&linkCode=osi&th=1&psc=1"><img src="https://m.media-amazon.com/images/I/41PezlA3GrL._SL500_.jpg" alt="Product Image"></a><p>Ninja BC151EM Blast Portable Blender, Cordless, 18oz. Vessel, Personal Blender-for Shakes & Smoothies, BPA Free, Leakproof-Lid & Sip Spout, USB-C Rechargeable, Dishwasher Safe Parts, Forest Green</p><p> -33% 0FF </p><p>$39.99</p><a href="https://www.amazon.com/dp/B0C2FP4XNJ?tag=eloabder-20&linkCode=osi&th=1&psc=1">View Product</a></div><div class="product"><a href="https://www.amazon.com/dp/B097F4QKVY?tag=eloabder-20&linkCode=osi&th=1&psc=1"><img src="https://m.media-amazon.com/images/I/41P6OTX4B7L._SL500_.jpg" alt="Product Image"></a><p>Crock-Pot 7-Quart Slow Cooker, Portable Programmable with Timer, Locking Lid, Stainless Steel; an Essential Kitchen Appliance, Perfect for Families and Gatherings</p><p> -5% 0FF </p><p>$85.89</p><a href="https://www.amazon.com/dp/B097F4QKVY?tag=eloabder-20&linkCode=osi&th=1&psc=1">View Product</a></div><div class="product"><a href="https://www.amazon.com/dp/B0CHX9K2TV?tag=eloabder-20&linkCode=osi&th=1&psc=1"><img src="https://m.media-amazon.com/images/I/31dshLScRcL._SL500_.jpg" alt="Product Image"></a><p>nutribullet Personal Blender for Shakes, Smoothies, Food Prep, and Frozen Blending, 24 Ounces, 600 Watt, Gray, (NBR-0601)</p><p> -7% 0FF </p><p>$64.99</p><a href="https://www.amazon.com/dp/B0CHX9K2TV?tag=eloabder-20&linkCode=osi&th=1&psc=1">View Product</a></div><div class="product"><a href="https://www.amazon.com/dp/B0C33CHG99?tag=eloabder-20&linkCode=osi&th=1&psc=1"><img src="https://m.media-amazon.com/images/I/411O3FS3VIL._SL500_.jpg" alt="Product Image"></a><p>COSORI Air Fryer 9-in-1, Compact & Large 6-Qt, Fast Turbo Modes, 90-450°F Evenly Results with Precise Temperature Control, 95% Less Oil, Roast, Bake, Dry, Reheat, Frozen, Broil, Proof, Grey</p><p> -25% 0FF </p><p>$89.99</p><a href="https://www.amazon.com/dp/B0C33CHG99?tag=eloabder-20&linkCode=osi&th=1&psc=1">View Product</a></div><div class="product"><a href="https://www.amazon.com/dp/B0CFYX3946?tag=eloabder-20&linkCode=osi&th=1&psc=1"><img src="https://m.media-amazon.com/images/I/4155yrEZMWL._SL500_.jpg" alt="Product Image"></a><p>KitchenAid 5-Speed Ultra Power Hand Mixer - KHM512, Contour Silver</p><p> -25% 0FF </p><p>$44.99</p><a href="https://www.amazon.com/dp/B0CFYX3946?tag=eloabder-20&linkCode=osi&th=1&psc=1">View Product</a></div><div class="product"><a href="https://www.amazon.com/dp/B0C5Z8VCHX?tag=eloabder-20&linkCode=osi&th=1&psc=1"><img src="https://m.media-amazon.com/images/I/51h2oWq8I7L._SL500_.jpg" alt="Product Image"></a><p>Chefman Electric Kettle, 1.8L 1500W, Hot Water Boiler, Removable Lid for Easy Cleaning, Auto Shut Off, Boil-Dry Protection, Stainless Steel Filter, BPA Free, Borosilicate Glass Electric Tea Kettle</p><p> -18% 0FF </p><p>$22.99</p><a href="https://www.amazon.com/dp/B0C5Z8VCHX?tag=eloabder-20&linkCode=osi&th=1&psc=1">View Product</a></div><div class="product"><a href="https://www.amazon.com/dp/B098RD17LG?tag=eloabder-20&linkCode=osi&th=1&psc=1"><img src="https://m.media-amazon.com/images/I/41KlEtq4iCL._SL500_.jpg" alt="Product Image"></a><p>Ninja Blender, For-Smoothies, Salsa, Shakes, Slush, and-Frozen Drinks, Blender, Pitcher, and-Lid, Blender for-Kitchen, Crushes Ice, Fruit, and-Veggies, 1000-Watt, Dishwasher Safe, Black, NJ601AMZ​</p><p> -20% 0FF </p><p>$79.99</p><a href="https://www.amazon.com/dp/B098RD17LG?tag=eloabder-20&linkCode=osi&th=1&psc=1">View Product</a></div>
<div class="product"><a href="https://www.amazon.com/dp/B00939I7EK?tag=eloabder-20&linkCode=osi&th=1&psc=1"><img src="https://m.media-amazon.com/images/I/51U2RFBCh2L._SL500_.jpg" alt="Product Image"></a><p>Ninja BL770 Mega Kitchen System, 1500W, 4 Functions for Smoothies, Processing, Dough, Drinks & More, with 72 Blender Pitcher, 64 Processor Bowl, (2) 16-oz. to-Go, Black, with 2 Nutri Cups + Lids</p><p> -20% 0FF </p><p>$159.99</p><a href="https://www.amazon.com/dp/B00939I7EK?tag=eloabder-20&linkCode=osi&th=1&psc=1">View Product</a></div><div class="product"><a href="https://www.amazon.com/dp/B00NGV4506?tag=eloabder-20&linkCode=osi&th=1&psc=1"><img src="https://m.media-amazon.com/images/I/41zuo8-35WL._SL500_.jpg" alt="Product Image"></a><p>Ninja BL610 Professional 72 Oz Countertop 1000-Watt Base and Total Crushing Technology for Smoothies, Ice and Frozen Fruit, Black, Blender + Pitcher</p><p> -40% 0FF </p><p>$59.99</p><a href="https://www.amazon.com/dp/B00NGV4506?tag=eloabder-20&linkCode=osi&th=1&psc=1">View Product</a></div><div class="product"><a href="https://www.amazon.com/dp/B0855B5Z6F?tag=eloabder-20&linkCode=osi&th=1&psc=1"><img src="https://m.media-amazon.com/images/I/419Om7ZCluL._SL500_.jpg" alt="Product Image"></a><p>Ninja BN701 Professional Plus Blender, 1400 Peak Watts, 3 Functions for Smoothies, Frozen Drinks & Ice Cream with Auto IQ, 72-oz.* Total Crushing Pitcher & Lid, Dark Grey</p><p> -46% 0FF </p><p>$64.61 ($64.61 / Count)</p><a href="https://www.amazon.com/dp/B0855B5Z6F?tag=eloabder-20&linkCode=osi&th=1&psc=1">View Product</a></div><div class="product"><a href="https://www.amazon.com/dp/B012T634SM?tag=eloabder-20&linkCode=osi&th=1&psc=1"><img src="https://m.media-amazon.com/images/I/41BKzSi-ifL._SL500_.jpg" alt="Product Image"></a><p>Magic Bullet Blender, Small, Silver, 11 Piece Set</p><p> -20% 0FF </p><p>$39.88</p><a href="https://www.amazon.com/dp/B012T634SM?tag=eloabder-20&linkCode=osi&th=1&psc=1">View Product</a></div><div class="product"><a href="https://www.amazon.com/dp/B0D3Y7T31M?tag=eloabder-20&linkCode=osi&th=1&psc=1"><img src="https://m.media-amazon.com/images/I/41ffeHw82SL._SL500_.jpg" alt="Product Image"></a><p>magic bullet Combo Blender, 48oz Pitcher, Blending Cup, Simple Speed Dial – MBF50200</p><p> -20% 0FF </p><p>$39.99</p><a href="https://www.amazon.com/dp/B0D3Y7T31M?tag=eloabder-20&linkCode=osi&th=1&psc=1">View Product</a></div><div class="product"><a href="https://www.amazon.com/dp/B0CDW6J1W8?tag=eloabder-20&linkCode=osi&th=1&psc=1"><img src="https://m.media-amazon.com/images/I/51F2suuOG5L._SL500_.jpg" alt="Product Image"></a><p>KOIOS Smoothie Blender, 900W Personal Blender for Shakes and Smoothies Kitchen with 2 No-BPA 22oz Portable Blender Cups, Single Serve Smoothies Maker Mixer for Juices, Nutritious Recipe (Grey Blue)</p><p> -20% 0FF </p><p>$39.99</p><a href="https://www.amazon.com/dp/B0CDW6J1W8?tag=eloabder-20&linkCode=osi&th=1&psc=1">View Product</a></div>
<div class="product"><a href="https://www.amazon.com/dp/B071WCB1T6?tag=eloabder-20&linkCode=osi&th=1&psc=1"><img src="https://m.media-amazon.com/images/I/31jdX6frIBL._SL500_.jpg" alt="Product Image"></a><p>TOSHIBA EM131A5C-BS Countertop Microwave Ovens 1.2 Cu Ft, 12.4" Removable Turntable Smart Humidity Sensor 12 Auto Menus Mute Function ECO Mode Easy Clean Interior Black Color 1100W</p><p> -7% 0FF </p><p>$129.99</p><a href="https://www.amazon.com/dp/B071WCB1T6?tag=eloabder-20&linkCode=osi&th=1&psc=1">View Product</a></div><div class="product"><a href="https://www.amazon.com/dp/B0D292ZK9W?tag=eloabder-20&linkCode=osi&th=1&psc=1"><img src="https://m.media-amazon.com/images/I/31TTpRBhabL._SL500_.jpg" alt="Product Image"></a><p>GE GCST10A1WSS 3-in-1 Microwave Oven, 1,050 Watts Air Fryer, Broiler & Convection Mode, Kitchen Essentials for The Countertop or Dorm Room, Child-Lock Technology 1.0 Cu. Ft, Stainless Steel</p><p> -13% 0FF </p><p>$189.99</p><a href="https://www.amazon.com/dp/B0D292ZK9W?tag=eloabder-20&linkCode=osi&th=1&psc=1">View Product</a></div><div class="product"><a href="https://www.amazon.com/dp/B0D294MHR5?tag=eloabder-20&linkCode=osi&th=1&psc=1"><img src="https://m.media-amazon.com/images/I/31jA3nuhQWL._SL500_.jpg" alt="Product Image"></a><p>GE GCST07N1WSS Microwave Oven, 700-watt 6 Auto Cooking Settings, Kitchen Essentials for The Countertop, Dorm Room or Apartment, Child-Lock Technology 0.7 Cu. Ft, Stainless Steel</p><p> -9% 0FF </p><p>$99.00</p><a href="https://www.amazon.com/dp/B0D294MHR5?tag=eloabder-20&linkCode=osi&th=1&psc=1">View Product</a></div><div class="product"><a href="https://www.amazon.com/dp/B000M9EFNM?tag=eloabder-20&linkCode=osi&th=1&psc=1"><img src="https://m.media-amazon.com/images/I/41iWuh-A2fL._SL500_.jpg" alt="Product Image"></a><p>Emerson MW7302B Compact Countertop Microwave Oven with Touch Control, LED Display, 700W, 10 Power Levels, 6 Auto Menus, Glass Turntable and Child Safe Lock, 0.7 Cu., Ft. Black</p><p> -28% 0FF </p><p>$72.03</p><a href="https://www.amazon.com/dp/B000M9EFNM?tag=eloabder-20&linkCode=osi&th=1&psc=1">View Product</a></div>
<div class="product"><a href="https://www.amazon.com/dp/B082PMYZ2X?tag=eloabder-20&linkCode=osi&th=1&psc=1"><img src="https://m.media-amazon.com/images/I/3172vOXiAeL._SL500_.jpg" alt="Product Image"></a><p>RCA RFR725 2 Door Apartment Size Refrigerator with Freezer, Stainless,7.5 cu ft</p><p> -15% 0FF </p><p>$298.00</p><a href="https://www.amazon.com/dp/B082PMYZ2X?tag=eloabder-20&linkCode=osi&th=1&psc=1">View Product</a></div><div class="product"><a href="https://www.amazon.com/dp/B09RWFZTWW?tag=eloabder-20&linkCode=osi&th=1&psc=1"><img src="https://m.media-amazon.com/images/I/51jiYOTMybL._SL500_.jpg" alt="Product Image"></a><p>Upstreman 3.2 Cu.Ft Mini Fridge with Freezer, Single Door Mini Fridge, Dorm Fridge, Adjustable Thermostat, Mini Refrigerator for Bedroom, Office, Dorm, Black-BR321</p><p> -22% 0FF </p><p>$139.99</p><a href="https://www.amazon.com/dp/B09RWFZTWW?tag=eloabder-20&linkCode=osi&th=1&psc=1">View Product</a></div><div class="product"><a href="https://www.amazon.com/dp/B07QCQX8WR?tag=eloabder-20&linkCode=osi&th=1&psc=1"><img src="https://m.media-amazon.com/images/I/319YWFzYC1L._SL500_.jpg" alt="Product Image"></a><p>SAMSUNG RF28R7201SR 28 Cu. Ft. Stainless 4-Door French Door Refrigerator</p><p> -9% 0FF </p><p>$1,499.22</p><a href="https://www.amazon.com/dp/B07QCQX8WR?tag=eloabder-20&linkCode=osi&th=1&psc=1">View Product</a></div><div class="product"><a href="https://www.amazon.com/dp/B00QEUGW5M?tag=eloabder-20&linkCode=osi&th=1&psc=1"><img src="https://m.media-amazon.com/images/I/21RdnrqGpZL._SL500_.jpg" alt="Product Image"></a><p>Avanti FF18D3S-4 FF18D cu.ft. Apartment Size Refrigerator​, Full Fridge Free Technology Prevents Frost Build-up with Adjustable Shelves, Door Bins & Crisper Drawers, 18 cu. ft, Stainless Steel</p><p> -35% 0FF </p><p>$549.99</p><a href="https://www.amazon.com/dp/B00QEUGW5M?tag=eloabder-20&linkCode=osi&th=1&psc=1">View Product</a></div><div class="product"><a href="https://www.amazon.com/dp/B0CVS8WRPX?tag=eloabder-20&linkCode=osi&th=1&psc=1"><img src="https://m.media-amazon.com/images/I/21EtSdN39DL._SL500_.jpg" alt="Product Image"></a><p>Kenmore 46-75525 29.88 Inch Counter-Depth French Door Refrigerator/Freezer with Fingerprint-Resistant Stainless Steel, Ice Maker, Quiet and Energy Efficient Inverter Compressor, 17.5 cu. ft.</p><p> -15% 0FF </p><p>$1,099.99</p><a href="https://www.amazon.com/dp/B0CVS8WRPX?tag=eloabder-20&linkCode=osi&th=1&psc=1">View Product</a></div>
<div class="product"><a href="https://www.amazon.com/dp/B0D1CXL52G?tag=eloabder-20&linkCode=osi&th=1&psc=1"><img src="https://m.media-amazon.com/images/I/41b3JzpXjNL._SL500_.jpg" alt="Product Image"></a><p>Ninja Flip Toaster Oven&Air Fryer, 8-in-1 Functionality, Flip Up&Away Capability for Storage Space, LargeCapacity, Air Fry Basket, SheetPan, Wire Rack&Removable Crumb Tray, Stainless,1800 watts, SP151</p><p> -35% 0FF </p><p>$129.99</p><a href="https://www.amazon.com/dp/B0D1CXL52G?tag=eloabder-20&linkCode=osi&th=1&psc=1">View Product</a></div><div class="product"><a href="https://www.amazon.com/dp/B07SCGY2H6?tag=eloabder-20&linkCode=osi&th=1&psc=1"><img src="https://m.media-amazon.com/images/I/51lqoRxpKAL._SL500_.jpg" alt="Product Image"></a><p>Ninja SP101 Digital Air Fry Countertop Oven with 8-in-1 Functionality, Flip Up & Away Capability for Storage Space, with Air Fry Basket, Wire Rack & Crumb Tray, Silver</p><p> -41% 0FF </p><p>$129.99</p><a href="https://www.amazon.com/dp/B07SCGY2H6?tag=eloabder-20&linkCode=osi&th=1&psc=1">View Product</a></div><div class="product"><a href="https://www.amazon.com/dp/B0BMDFVL5D?tag=eloabder-20&linkCode=osi&th=1&psc=1"><img src="https://m.media-amazon.com/images/I/41MIOfXMwnL._SL500_.jpg" alt="Product Image"></a><p>Elite Gourmet ETO2530M Double French Door Countertop Toaster Oven, Bake, Broil, Toast, Keep Warm, Fits 12" pizza, 25L capacity, Stainless Steel & Black</p><p> -13% 0FF </p><p>$78.27</p><a href="https://www.amazon.com/dp/B0BMDFVL5D?tag=eloabder-20&linkCode=osi&th=1&psc=1">View Product</a></div><div class="product"><a href="https://www.amazon.com/dp/B08DL8WH9V?tag=eloabder-20&linkCode=osi&th=1&psc=1"><img src="https://m.media-amazon.com/images/I/51Zh5HMM-bL._SL500_.jpg" alt="Product Image"></a><p>CHEFMAN Multifunctional Digital Air Fryer+ Rotisserie, Dehydrator, Convection Oven, 17 Touch Screen Presets Fry, Roast, Dehydrate, Bake, XL 10L Family Size, Auto Shutoff, Large Easy-View Window, Black</p><p> -29% 0FF </p><p>$99.99</p><a href="https://www.amazon.com/dp/B08DL8WH9V?tag=eloabder-20&linkCode=osi&th=1&psc=1">View Product</a></div>
<div class="product"><a href="https://www.amazon.com/dp/B072P11H8L?tag=eloabder-20&linkCode=osi&th=1&psc=1"><img src="https://m.media-amazon.com/images/I/41FgU05M+eL._SL500_.jpg" alt="Product Image"></a><p>Amazon Basics 2 Slice Extra Wide Slot Toaster with Bagel Function, Removable Crumb Tray, 6 Browning Settings, Frozen Food Setting, Cancel Button, 900W, Black & Silver.</p><p> -13% 0FF </p><p>$19.99</p><a href="https://www.amazon.com/dp/B072P11H8L?tag=eloabder-20&linkCode=osi&th=1&psc=1">View Product</a></div><div class="product"><a href="https://www.amazon.com/dp/B091SQRKVG?tag=eloabder-20&linkCode=osi&th=1&psc=1"><img src="https://m.media-amazon.com/images/I/41VUCnZHzhL._SL500_.jpg" alt="Product Image"></a><p>Mueller UltraToast Full Stainless Steel Toaster 4 Slice, Long Extra-Wide Slots with Removable Tray, Cancel/Defrost/Reheat Functions, 6 Browning Levels with LED Display, Kitchen Essentials & Gadgets</p><p> -33% 0FF </p><p>$39.99</p><a href="https://www.amazon.com/dp/B091SQRKVG?tag=eloabder-20&linkCode=osi&th=1&psc=1">View Product</a></div><div class="product"><a href="https://www.amazon.com/dp/B08NWGNQPS?tag=eloabder-20&linkCode=osi&th=1&psc=1"><img src="https://m.media-amazon.com/images/I/41Rl2b7N4yL._SL500_.jpg" alt="Product Image"></a><p>GE 2 Slice Stainless Steel Toaster, Extra Wide Slots for Toasting Bagels, Breads, Waffles & More, 7 Adjustable Shade Settings, Removable Crumb Tray, Countertop Kitchen Essentials, 850 Watts</p><p> -14% 0FF </p><p>$41.99</p><a href="https://www.amazon.com/dp/B08NWGNQPS?tag=eloabder-20&linkCode=osi&th=1&psc=1">View Product</a></div>
<div class="product"><a href="https://www.amazon.com/dp/B09715G57M?tag=eloabder-20&linkCode=osi&th=1&psc=1"><img src="https://m.media-amazon.com/images/I/31bbfFmQvAL._SL500_.jpg" alt="Product Image"></a><p>Keurig K-Express Single Serve K-Cup Pod Coffee Maker, 3 Brew Sizes, Strong Button Feature, 42oz Removable Reservoir, Black</p><p> -33% 0FF </p><p>$59.99</p><a href="https://www.amazon.com/dp/B09715G57M?tag=eloabder-20&linkCode=osi&th=1&psc=1">View Product</a></div><div class="product"><a href="https://www.amazon.com/dp/B07S98411N?tag=eloabder-20&linkCode=osi&th=1&psc=1"><img src="https://m.media-amazon.com/images/I/41SOX63H-GL._SL500_.jpg" alt="Product Image"></a><p>Ninja 12-Cup Programmable Coffee Brewer, 2 Brew Styles, Adjustable Warm Plate, 60oz Water Reservoir, Delay Brew - Black/Stainless Steel</p><p> -13% 0FF </p><p>$69.99 ($69.99 / count)</p><a href="https://www.amazon.com/dp/B07S98411N?tag=eloabder-20&linkCode=osi&th=1&psc=1">View Product</a></div><div class="product"><a href="https://www.amazon.com/dp/B0D8LXRHQ8?tag=eloabder-20&linkCode=osi&th=1&psc=1"><img src="https://m.media-amazon.com/images/I/41rogzNp62L._SL500_.jpg" alt="Product Image"></a><p>Keurig K-Duo Hot & Iced Single Serve & Carafe Coffee Maker, MultiStream Technology, 72oz Reservoir (Gen 2)</p><p> -25% 0FF </p><p>$149.99</p><a href="https://www.amazon.com/dp/B0D8LXRHQ8?tag=eloabder-20&linkCode=osi&th=1&psc=1">View Product</a></div><div class="product"><a href="https://www.amazon.com/dp/B0BM3C13B6?tag=eloabder-20&linkCode=osi&th=1&psc=1"><img src="https://m.media-amazon.com/images/I/41Vyq25e3QL._SL500_.jpg" alt="Product Image"></a><p>Mueller 12-Cup Drip Coffee Maker - Borosilicate Carafe, Auto-Off, Reusable Filter, Anti-Drip, Keep-Warm Function, Clear Water Level Window Coffee Machine, Ideal for Home or Office</p><p> -48% 0FF </p><p>$25.87 ($2.16 / Count)</p><a href="https://www.amazon.com/dp/B0BM3C13B6?tag=eloabder-20&linkCode=osi&th=1&psc=1">View Product</a></div><div class="product"><a href="https://www.amazon.com/dp/B07GV2S1GS?tag=eloabder-20&linkCode=osi&th=1&psc=1"><img src="https://m.media-amazon.com/images/I/310Vh-Nnu7L._SL500_.jpg" alt="Product Image"></a><p>Keurig K-Mini Single Serve K-Cup Pod Coffee Maker, 6 to 12oz Brew size, with Cord Storage, Perfect for Small Spaces, Black</p><p> -40% 0FF </p><p>$59.99</p><a href="https://www.amazon.com/dp/B07GV2S1GS?tag=eloabder-20&linkCode=osi&th=1&psc=1">View Product</a></div><div class="product"><a href="https://www.amazon.com/dp/B018UQ5AMS?tag=eloabder-20&linkCode=osi&th=1&psc=1"><img src="https://m.media-amazon.com/images/I/41ZbZptck9L._SL500_.jpg" alt="Product Image"></a><p>Keurig K-Classic Single Serve K-Cup Pod Coffee Maker, with 3 Brew Sizes, 48oz Removable Reservoir, Black</p><p> -7% 0FF </p><p>$139.99</p><a href="https://www.amazon.com/dp/B018UQ5AMS?tag=eloabder-20&linkCode=osi&th=1&psc=1">View Product</a></div>
<div class="product"><a href="https://www.amazon.com/dp/B09ST4M8VF?tag=eloabder-20&linkCode=osi&th=1&psc=1"><img src="https://m.media-amazon.com/images/I/31QlZXvnG0L._SL500_.jpg" alt="Product Image"></a><p>COMFEE’ Countertop Dishwasher, Energy Star Portable Dishwasher, 6 Place Settings & 8 Washing Programs, Speed, Baby-Care, ECO& Glass, Dish Washer for Dorm, RV& Apartment, Black</p><p> -13% 0FF </p><p>$259.99</p><a href="https://www.amazon.com/dp/B09ST4M8VF?tag=eloabder-20&linkCode=osi&th=1&psc=1">View Product</a></div><div class="product"><a href="https://www.amazon.com/dp/B089YD3Z91?tag=eloabder-20&linkCode=osi&th=1&psc=1"><img src="https://m.media-amazon.com/images/I/4149SRZHueL._SL500_.jpg" alt="Product Image"></a><p>NOVETE Portable Countertop Dishwashers, Compact Dishwashers with 5 L Built-in Water Tank & Inlet Hose, 5 Washing Programs, Baby Care, Air-Dry Function and LED Light for Small Apartments</p><p> -31% 0FF </p><p>$291.70</p><a href="https://www.amazon.com/dp/B089YD3Z91?tag=eloabder-20&linkCode=osi&th=1&psc=1">View Product</a></div><div class="product"><a href="https://www.amazon.com/dp/B0CVX5GBY5?tag=eloabder-20&linkCode=osi&th=1&psc=1"><img src="https://m.media-amazon.com/images/I/41Dnq4IKwbL._SL500_.jpg" alt="Product Image"></a><p>EUHOMY Mini Portable Dishwasher Countertop Compact Dishwashers, Tabletop Small Dishwasher with 5L Built-in Water Tank with 6 Modes and Baby Care for Apartments& RVs, No Hookup Needed</p><p> -19% 0FF </p><p>$217.99</p><a href="https://www.amazon.com/dp/B0CVX5GBY5?tag=eloabder-20&linkCode=osi&th=1&psc=1">View Product</a></div><div class="product"><a href="https://www.amazon.com/dp/B0C84MCVWM?tag=eloabder-20&linkCode=osi&th=1&psc=1"><img src="https://m.media-amazon.com/images/I/21-RrSOli4L._SL500_.jpg" alt="Product Image"></a><p>Midea MDF18A1AST Built-in Dishwasher with 8 Place Settings, 6 Washing Programs, Stainless Steel Tub, Heated Dry, Energy Star</p><p> -10% 0FF </p><p>$449.00</p><a href="https://www.amazon.com/dp/B0C84MCVWM?tag=eloabder-20&linkCode=osi&th=1&psc=1">View Product</a></div><div class="product"><a href="https://www.amazon.com/dp/B0BSHF9LXB?tag=eloabder-20&linkCode=osi&th=1&psc=1"><img src="https://m.media-amazon.com/images/I/11eYYssjgEL._SL500_.jpg" alt="Product Image"></a><p>Honeywell 18 Inch Dishwasher with 8 Place settings, 6 Washing Programs, Stainless Steel Tub, UL/Energy Star- Stainless Steel</p><p> -11% 0FF </p><p>$399.99</p><a href="https://www.amazon.com/dp/B0BSHF9LXB?tag=eloabder-20&linkCode=osi&th=1&psc=1">View Product</a></div><div class="product"><a href="https://www.amazon.com/dp/B08SBR12S7?tag=eloabder-20&linkCode=osi&th=1&psc=1"><img src="https://m.media-amazon.com/images/I/41LD2A+P9ZL._SL500_.jpg" alt="Product Image"></a><p>Hermitlux Countertop Dishwasher, 5 Washing Programs Portable Dishwasher With 5-Liter Built-in Water Tank For Glass Door</p><p> -21% 0FF </p><p>$275.99</p><a href="https://www.amazon.com/dp/B08SBR12S7?tag=eloabder-20&linkCode=osi&th=1&psc=1">View Product</a></div><div class="product"><a href="https://www.amazon.com/dp/B09QCJ6TDZ?tag=eloabder-20&linkCode=osi&th=1&psc=1"><img src="https://m.media-amazon.com/images/I/41vntFM8FeL._SL500_.jpg" alt="Product Image"></a><p>COMFEE' Portable Mini Dishwasher Countertop with 5L Built-in Water Tank for Apartments& RVs, No Hookup Needed, 6 Programs, 360° Dual Spray, 162℉ High-Temp& Air-Dry Function</p><p> -10% 0FF </p><p>$269.99</p><a href="https://www.amazon.com/dp/B09QCJ6TDZ?tag=eloabder-20&linkCode=osi&th=1&psc=1">View Product</a></div><div class="product"><a href="https://www.amazon.com/dp/B0CFPJ57KP?tag=eloabder-20&linkCode=osi&th=1&psc=1"><img src="https://m.media-amazon.com/images/I/31Wtz+lzyfL._SL500_.jpg" alt="Product Image"></a><p>Kenmore 24" Built-In Stainless Steel Tub Dishwasher with EasyFlex 3rd Rack, SmartWash, UltraWash Plus, TurboDry, MoreSpace Adjustable Rack, Energy Star Certified, Fingerprint Resistant Stainless Steel</p><p> -38% 0FF </p><p>$499.99</p><a href="https://www.amazon.com/dp/B0CFPJ57KP?tag=eloabder-20&linkCode=osi&th=1&psc=1">View Product</a></div><div class="product"><a href="https://www.amazon.com/dp/B0BZGXYQ4S?tag=eloabder-20&linkCode=osi&th=1&psc=1"><img src="https://m.media-amazon.com/images/I/31HoqlDBJHL._SL500_.jpg" alt="Product Image"></a><p>FOTILE Stainless Steel Kitchen In-Sink Dishwasher Combination, Heavy Gauge Bowl Dish Sanitizing, Energy-saving, and Powerful Cleaning Countertop Dishwasher (SD2F-P3)</p><p> -27% 0FF </p><p>$799.00</p><a href="https://www.amazon.com/dp/B0BZGXYQ4S?tag=eloabder-20&linkCode=osi&th=1&psc=1">View Product</a></div>
<div class="product"><a href="https://www.amazon.com/dp/B075KLJXKZ?tag=eloabder-20&linkCode=osi&th=1&psc=1"><img src="https://m.media-amazon.com/images/I/31-WjP7B6vL._SL500_.jpg" alt="Product Image"></a><p>Kenmore Top-Load Washer with Dual Action Agitator, Stainless Steel Top Loader Laundry Washing Machine, 3.5 cu. ft. Capacity White</p><p> -31% 0FF </p><p>$499.99</p><a href="https://www.amazon.com/dp/B075KLJXKZ?tag=eloabder-20&linkCode=osi&th=1&psc=1">View Product</a></div><div class="product"><a href="https://www.amazon.com/dp/B07DC5YQW8?tag=eloabder-20&linkCode=osi&th=1&psc=1"><img src="https://m.media-amazon.com/images/I/31DuF7NeLHL._SL500_.jpg" alt="Product Image"></a><p>Kenmore 20362 Triple Action Agitator Top-Load Washer, 3.8 cu. ft, White</p><p> -10% 0FF </p><p>$629.98</p><a href="https://www.amazon.com/dp/B07DC5YQW8?tag=eloabder-20&linkCode=osi&th=1&psc=1">View Product</a></div><div class="product"><a href="https://www.amazon.com/dp/B0D8SZ4CTC?tag=eloabder-20&linkCode=osi&th=1&psc=1"><img src="https://m.media-amazon.com/images/I/31DIwBVEFHL._SL500_.jpg" alt="Product Image"></a><p>Euhomy 1.03cu.ft Portable Washer, 8.8LBS Capacity Small Portable Washing Machine with 10 Programs 5 Water Levels, Drain Pump and LED Display,Compact Washer for Apartments, RVs, Homes, Light Gray</p><p> -18% 0FF </p><p>$195.99</p><a href="https://www.amazon.com/dp/B0D8SZ4CTC?tag=eloabder-20&linkCode=osi&th=1&psc=1">View Product</a></div><div class="product"><a href="https://www.amazon.com/dp/B0CNXQK4TF?tag=eloabder-20&linkCode=osi&th=1&psc=1"><img src="https://m.media-amazon.com/images/I/41P5otQCAGL._SL500_.jpg" alt="Product Image"></a><p>COSTWAY Portable Washing Machine, Twin Tub 26lbs Capacity Laundry Washer, 18lbs Washer and 8lbs Spinner Combo with Timer Knobs, Built-in Drain Pump, Compact Washer for Home Dorm Apartment (Grey+White)</p><p> -16% 0FF </p><p>$159.99</p><a href="https://www.amazon.com/dp/B0CNXQK4TF?tag=eloabder-20&linkCode=osi&th=1&psc=1">View Product</a></div><div class="product"><a href="https://www.amazon.com/dp/B08B4L4CGG?tag=eloabder-20&linkCode=osi&th=1&psc=1"><img src="https://m.media-amazon.com/images/I/31X47q9sDGL._SL500_.jpg" alt="Product Image"></a><p>Comfee Portable Washing Machine, 0.9 cu.ft Compact Washer With LED Display, 5 Wash Cycles, 2 Built-in Rollers, Space Saving Full-Automatic Washer</p><p> -7% 0FF </p><p>$230.58</p><a href="https://www.amazon.com/dp/B08B4L4CGG?tag=eloabder-20&linkCode=osi&th=1&psc=1">View Product</a></div><div class="product"><a href="https://www.amazon.com/dp/B07HKXVQYC?tag=eloabder-20&linkCode=osi&th=1&psc=1"><img src="https://m.media-amazon.com/images/I/41-Ze3RD3lL._SL500_.jpg" alt="Product Image"></a><p>Giantex Portable Washing Machine, Full Automatic Washer and Dryer Combo, with Built-in Pump Drain 8 LBS Capacity Compact Laundry Washer Spin Dryer for Apartment RV Dorm</p><p> -29% 0FF </p><p>$229.99</p><a href="https://www.amazon.com/dp/B07HKXVQYC?tag=eloabder-20&linkCode=osi&th=1&psc=1">View Product</a></div><div class="product"><a href="https://www.amazon.com/dp/B0CXXPQ2NT?tag=eloabder-20&linkCode=osi&th=1&psc=1"><img src="https://m.media-amazon.com/images/I/414dhY400cL._SL500_.jpg" alt="Product Image"></a><p>28Lbs Portable Washing Machine, Twin Tub Washing Machine Laundry Compact Washer spinner Combo with Drain Pump and Spin Cycle, 18Lbs Washer and 10Lbs Spinner dryer for Apartments RVs and Dorms</p><p> -9% 0FF </p><p>$73.00</p><a href="https://www.amazon.com/dp/B0CXXPQ2NT?tag=eloabder-20&linkCode=osi&th=1&psc=1">View Product</a></div>
<div class="product"><a href="https://www.amazon.com/dp/B07D87K6BQ?tag=eloabder-20&linkCode=osi&th=1&psc=1"><img src="https://m.media-amazon.com/images/I/31KxNVdMpwL._SL500_.jpg" alt="Product Image"></a><p>Kenmore 29" Front Load Electric Dryer with Wrinkle Guard and 7.0 Cubic Ft. Total Capacity, White</p><p> -10% 0FF </p><p>$629.98</p><a href="https://www.amazon.com/dp/B07D87K6BQ?tag=eloabder-20&linkCode=osi&th=1&psc=1">View Product</a></div><div class="product"><a href="https://www.amazon.com/dp/B075KLNLJ8?tag=eloabder-20&linkCode=osi&th=1&psc=1"><img src="https://m.media-amazon.com/images/I/31jFwM6jvRL._SL500_.jpg" alt="Product Image"></a><p>Kenmore Electric Dryer with Wrinkle Guard and Auto Dry, Electric Laundry Drying Machine 6.5 cu. Ft. Capacity White</p><p> -6% 0FF </p><p>$565.42</p><a href="https://www.amazon.com/dp/B075KLNLJ8?tag=eloabder-20&linkCode=osi&th=1&psc=1">View Product</a></div><div class="product"><a href="https://www.amazon.com/dp/B00EAY540S?tag=eloabder-20&linkCode=osi&th=1&psc=1"><img src="https://m.media-amazon.com/images/I/41S7hlrXcNL._SL500_.jpg" alt="Product Image"></a><p>Panda 110V 850W Electric Compact Portable Clothes Laundry Dryer with Stainless Steel Tub Apartment Size 1.5 cu.ft</p><p> -21% 0FF </p><p>$197.35</p><a href="https://www.amazon.com/dp/B00EAY540S?tag=eloabder-20&linkCode=osi&th=1&psc=1">View Product</a></div>
<div class="product"><a href="https://www.amazon.com/dp/B08QDL1XTC?tag=eloabder-20&linkCode=osi&th=1&psc=1"><img src="https://m.media-amazon.com/images/I/51ROwLDwkYL._SL500_.jpg" alt="Product Image"></a><p>Breeze Stop Surround Insulation Side Panels White for Window AC Unit Indoor Air Conditioner Cover for Winter and Summer</p><p> -6% 0FF </p><p>$32.99</p><a href="https://www.amazon.com/dp/B08QDL1XTC?tag=eloabder-20&linkCode=osi&th=1&psc=1">View Product</a></div><div class="product"><a href="https://www.amazon.com/dp/B07QKSV72H?tag=eloabder-20&linkCode=osi&th=1&psc=1"><img src="https://m.media-amazon.com/images/I/519a0zWyYIL._SL500_.jpg" alt="Product Image"></a><p>MODERN WAVE Central Air Conditioner Cover for Outside Units 36 x 36 - Top Universal Outdoor AC Cover Defender (Mesh, 36" x 36")</p><p> -20% 0FF </p><p>$23.99</p><a href="https://www.amazon.com/dp/B07QKSV72H?tag=eloabder-20&linkCode=osi&th=1&psc=1">View Product</a></div><div class="product"><a href="https://www.amazon.com/dp/B09DNRZNGB?tag=eloabder-20&linkCode=osi&th=1&psc=1"><img src="https://m.media-amazon.com/images/I/3126w0nnulL._SL500_.jpg" alt="Product Image"></a><p>Mrrihand Central Air Conditioner Cover for Outside Units Waterproof Heavy Duty AC Unit for Outdoor Large AC Cover for Winter (32"X32"X36")-Balck</p><p> -5% 0FF </p><p>$24.69</p><a href="https://www.amazon.com/dp/B09DNRZNGB?tag=eloabder-20&linkCode=osi&th=1&psc=1">View Product</a></div><div class="product"><a href="https://www.amazon.com/dp/B07VBMHCSS?tag=eloabder-20&linkCode=osi&th=1&psc=1"><img src="https://m.media-amazon.com/images/I/419VzItl1yL._SL500_.jpg" alt="Product Image"></a><p>Window Air Conditioner Cover Outdoor, Luxiv Outside Window AC Unit Cover Black Dust-proof Waterproof AC Cover Outdoor Window AC Protection Cover (21Wx16Dx15H)</p><p> -25% 0FF </p><p>$14.99</p><a href="https://www.amazon.com/dp/B07VBMHCSS?tag=eloabder-20&linkCode=osi&th=1&psc=1">View Product</a></div><div class="product"><a href="https://www.amazon.com/dp/B078SPPXZ7?tag=eloabder-20&linkCode=osi&th=1&psc=1"><img src="https://m.media-amazon.com/images/I/41LD7qFfJbL._SL500_.jpg" alt="Product Image"></a><p>Foozet Indoor Air Conditioner Cover Double Insulation, Medium Beige</p><p> -23% 0FF </p><p>$19.98</p><a href="https://www.amazon.com/dp/B078SPPXZ7?tag=eloabder-20&linkCode=osi&th=1&psc=1">View Product</a></div><div class="product"><a href="https://www.amazon.com/dp/B097PS8MM9?tag=eloabder-20&linkCode=osi&th=1&psc=1"><img src="https://m.media-amazon.com/images/I/31YIYuB91VL._SL500_.jpg" alt="Product Image"></a><p>BROSYDA Central Large Air Conditioner Cover for Outside Units, Waterproof & Windproof Outdoor AC Units Cover Black (30"x30"x32" Inch)</p><p> -12% 0FF </p><p>$24.99</p><a href="https://www.amazon.com/dp/B097PS8MM9?tag=eloabder-20&linkCode=osi&th=1&psc=1">View Product</a></div><div class="product"><a href="https://www.amazon.com/dp/B07Z7G7739?tag=eloabder-20&linkCode=osi&th=1&psc=1"><img src="https://m.media-amazon.com/images/I/51yS0zSIqYL._SL500_.jpg" alt="Product Image"></a><p>Aozzy Central Air Conditioner Covers for Outside Units Heavy Duty Ac Cover for Outdoor Unit Square Winter Withstand The Rain and Snow, Or Nuts Fit Up to 24x24x22 inchs</p><p> -30% 0FF </p><p>$11.89</p><a href="https://www.amazon.com/dp/B07Z7G7739?tag=eloabder-20&linkCode=osi&th=1&psc=1">View Product</a></div>
<div class="product"><a href="https://www.amazon.com/dp/B075GFLQ7K?tag=eloabder-20&linkCode=osi&th=1&psc=1"><img src="https://m.media-amazon.com/images/I/31wtVOr0SvL._SL500_.jpg" alt="Product Image"></a><p>Kenmore Floorcare Upright Bagged Vacuum, Blue/Silver</p><p> -11% 0FF </p><p>$222.56</p><a href="https://www.amazon.com/dp/B075GFLQ7K?tag=eloabder-20&linkCode=osi&th=1&psc=1">View Product</a></div><div class="product"><a href="https://www.amazon.com/dp/B086DBC2NN?tag=eloabder-20&linkCode=osi&th=1&psc=1"><img src="https://m.media-amazon.com/images/I/41gSCJkmrUL._SL500_.jpg" alt="Product Image"></a><p>Yocada Carpet Sweeper Cleaner for Home Office Low Carpets Rugs Undercoat Carpets Pet Hair Dust Scraps Paper Small Rubbish Cleaning with a Brush</p><p> -13% 0FF </p><p>$25.99</p><a href="https://www.amazon.com/dp/B086DBC2NN?tag=eloabder-20&linkCode=osi&th=1&psc=1">View Product</a></div><div class="product"><a href="https://www.amazon.com/dp/B00K316IB6?tag=eloabder-20&linkCode=osi&th=1&psc=1"><img src="https://m.media-amazon.com/images/I/31Xu+nrbO1L._SL500_.jpg" alt="Product Image"></a><p>Bissell 28806 Perfect Sweep Turbo, Grey</p><p> -14% 0FF </p><p>$38.78</p><a href="https://www.amazon.com/dp/B00K316IB6?tag=eloabder-20&linkCode=osi&th=1&psc=1">View Product</a></div><div class="product"><a href="https://www.amazon.com/dp/B085C7CF4J?tag=eloabder-20&linkCode=osi&th=1&psc=1"><img src="https://m.media-amazon.com/images/I/41LmSVowGJL._SL500_.jpg" alt="Product Image"></a><p>Yocada Carpet Sweeper Cleaner for Home Office Low Carpets Rugs Undercoat Carpets Pet Hair Dust Scraps Paper Small Rubbish Cleaning with a Brush Blue</p><p> -13% 0FF </p><p>$25.99</p><a href="https://www.amazon.com/dp/B085C7CF4J?tag=eloabder-20&linkCode=osi&th=1&psc=1">View Product</a></div><div class="product"><a href="https://www.amazon.com/dp/B08SBQBF2R?tag=eloabder-20&linkCode=osi&th=1&psc=1"><img src="https://m.media-amazon.com/images/I/41-haqU+4SL._SL500_.jpg" alt="Product Image"></a><p>Holikme Dryer Vent Cleaner Kit Vacuum Hose Attachment Brush, Lint Remover, Dryer Vent Vacuum Hose, Blue</p><p> -43% 0FF </p><p>$8.49</p><a href="https://www.amazon.com/dp/B08SBQBF2R?tag=eloabder-20&linkCode=osi&th=1&psc=1">View Product</a></div><div class="product"><a href="https://www.amazon.com/dp/B0CQY6MPNG?tag=eloabder-20&linkCode=osi&th=1&psc=1"><img src="https://m.media-amazon.com/images/I/515TS53ns1L._SL500_.jpg" alt="Product Image"></a><p>PetOde 2 Pieces Dryer Vent Cleaner Kit Compatible with All Vacuum Cleaner, Dryer Lint Brush and Vacuum Hose Attachment with Stretch Universal Connector, Quickly Lint Remover</p><p> -25% 0FF </p><p>$8.95</p><a href="https://www.amazon.com/dp/B0CQY6MPNG?tag=eloabder-20&linkCode=osi&th=1&psc=1">View Product</a></div>
<div class="product"><a href="https://www.amazon.com/dp/B00061J2B6?tag=eloabder-20&linkCode=osi&th=1&psc=1"><img src="https://m.media-amazon.com/images/I/41YkPB6bX2L._SL500_.jpg" alt="Product Image"></a><p>Steamfast SF-680 Digital Steam Press with Multiple Fabric Settings and Steam Burst Function,Stainless/Black, Stand</p><p> -13% 0FF </p><p>$279.99</p><a href="https://www.amazon.com/dp/B00061J2B6?tag=eloabder-20&linkCode=osi&th=1&psc=1">View Product</a></div><div class="product"><a href="https://www.amazon.com/dp/B09V7232SK?tag=eloabder-20&linkCode=osi&th=1&psc=1"><img src="https://m.media-amazon.com/images/I/51bSRR0Y3FL._SL500_.jpg" alt="Product Image"></a><p>Mueller Heart Waffle Maker, 5 Belgian Waffle Iron, Adjustable Browning Control, Cool Touch Handle, Compact and Easy to Clean, Great Mother’s Day Gift</p><p> -25% 0FF </p><p>$29.97</p><a href="https://www.amazon.com/dp/B09V7232SK?tag=eloabder-20&linkCode=osi&th=1&psc=1">View Product</a></div><div class="product"><a href="https://www.amazon.com/dp/B072ZNQC2R?tag=eloabder-20&linkCode=osi&th=1&psc=1"><img src="https://m.media-amazon.com/images/I/41rlbw08uYL._SL500_.jpg" alt="Product Image"></a><p>Chefman Rotating Belgian Waffle Maker, 180° Flip Iron w/ Non-Stick Plates, Adjustable Timer, Locking Lid, & Drip Plate, Space Saving Storage, Mess-Free Breakfast, Stainless Steel/Black</p><p> -13% 0FF </p><p>$34.99</p><a href="https://www.amazon.com/dp/B072ZNQC2R?tag=eloabder-20&linkCode=osi&th=1&psc=1">View Product</a></div><div class="product"><a href="https://www.amazon.com/dp/B013WOEC1I?tag=eloabder-20&linkCode=osi&th=1&psc=1"><img src="https://m.media-amazon.com/images/I/41aAsJHqAAL._SL500_.jpg" alt="Product Image"></a><p>Whitmor Deluxe Ironing Board Cover and Pad (Ironing board not included) - Medallion Grey</p><p> -13% 0FF </p><p>$13.49</p><a href="https://www.amazon.com/dp/B013WOEC1I?tag=eloabder-20&linkCode=osi&th=1&psc=1">View Product</a></div><div class="product"><a href="https://www.amazon.com/dp/B07L4Z2X81?tag=eloabder-20&linkCode=osi&th=1&psc=1"><img src="https://m.media-amazon.com/images/I/41PzLyy0OtL._SL500_.jpg" alt="Product Image"></a><p>Chefman Anti-Overflow Belgian Waffle Maker w/Shade Selector, Temperature Control, Mess Free Moat, Round Iron w/Nonstick Plates & Cool Touch Handle, Measuring Cup Included, Black</p><p> -13% 0FF </p><p>$26.09</p><a href="https://www.amazon.com/dp/B07L4Z2X81?tag=eloabder-20&linkCode=osi&th=1&psc=1">View Product</a></div><div class="product"><a href="https://www.amazon.com/dp/B09RX517YJ?tag=eloabder-20&linkCode=osi&th=1&psc=1"><img src="https://m.media-amazon.com/images/I/41qTvdLB3RL._SL500_.jpg" alt="Product Image"></a><p>Elite Gourmet EWM-2207# Electric Non-Stick Belgian Waffle Maker Iron, Breakfast, Sandwiches, Snacks, Burgers and more, 2-Slice, Black</p><p> -13% 0FF </p><p>$13.99</p><a href="https://www.amazon.com/dp/B09RX517YJ?tag=eloabder-20&linkCode=osi&th=1&psc=1">View Product</a></div>
<div class="product"><a href="https://www.amazon.com/dp/B00DEPGY7G?tag=eloabder-20&linkCode=osi&th=1&psc=1"><img src="https://m.media-amazon.com/images/I/41NuCd1uYNL._SL500_.jpg" alt="Product Image"></a><p>OVENTE Glass Electric Kettle Hot Water Boiler 1.5 Liter Borosilicate Glass Fast Boiling Countertop Heater - BPA Free Auto Shut Off Instant Water Heater Kettle for Coffee & Tea Maker - Black KG83B</p><p> -29% 0FF </p><p>$19.99</p><a href="https://www.amazon.com/dp/B00DEPGY7G?tag=eloabder-20&linkCode=osi&th=1&psc=1">View Product</a></div><div class="product"><a href="https://www.amazon.com/dp/B07JZQ1MXT?tag=eloabder-20&linkCode=osi&th=1&psc=1"><img src="https://m.media-amazon.com/images/I/311dZHPh5AL._SL500_.jpg" alt="Product Image"></a><p>Amazon Basics Electric Kettle, Tea Kettle for Hot Water, Coffee & Tea, With Auto Shut-Off, Boil Dry Protection, Strix Thermostat, BPA-Free, 1.8 Quarts (1.7L), 1500W, Glass and Steel, Black & Silver</p><p> -7% 0FF </p><p>$26.99</p><a href="https://www.amazon.com/dp/B07JZQ1MXT?tag=eloabder-20&linkCode=osi&th=1&psc=1">View Product</a></div><div class="product"><a href="https://www.amazon.com/dp/B01LWMWU59?tag=eloabder-20&linkCode=osi&th=1&psc=1"><img src="https://m.media-amazon.com/images/I/41E4k2z3DWL._SL500_.jpg" alt="Product Image"></a><p>Zojirushi Micom Water Boiler and Warmer (135 oz. / 4L, Silver)</p><p> -30% 0FF </p><p>$146.00</p><a href="https://www.amazon.com/dp/B01LWMWU59?tag=eloabder-20&linkCode=osi&th=1&psc=1">View Product</a></div><div class="product"><a href="https://www.amazon.com/dp/B07L5HT585?tag=eloabder-20&linkCode=osi&th=1&psc=1"><img src="https://m.media-amazon.com/images/I/41BL-WlAZkL._SL500_.jpg" alt="Product Image"></a><p>Hamilton Beach 1.7L Electric Kettle, Water Boiler & Heater, LED Indicator, Built-In Mesh Filter, Auto-Shutoff & Boil-Dry Protection, Cordless Serving, Clear Glass (40864)</p><p> -17% 0FF </p><p>$24.99</p><a href="https://www.amazon.com/dp/B07L5HT585?tag=eloabder-20&linkCode=osi&th=1&psc=1">View Product</a></div>
<div class="product"><a href="https://www.amazon.com/dp/B0055522EM?tag=eloabder-20&linkCode=osi&th=1&psc=1"><img src="https://m.media-amazon.com/images/I/51DzXSitquL._SL500_.jpg" alt="Product Image"></a><p>PureGuardian Aquastick, Universal, Genuine Guardian Technologies Antimicrobial Humidifier Treatment, Ultrasonic & Evaporative, Fits All Brands, Reduces Odors, 2 Count (One Pack of Two), GGHS15</p><p> -40% 0FF </p><p>$11.99 ($6.00 / Count)</p><a href="https://www.amazon.com/dp/B0055522EM?tag=eloabder-20&linkCode=osi&th=1&psc=1">View Product</a></div><div class="product"><a href="https://www.amazon.com/dp/B0CQRYKPD4?tag=eloabder-20&linkCode=osi&th=1&psc=1"><img src="https://m.media-amazon.com/images/I/51ADaqkTaOL._SL500_.jpg" alt="Product Image"></a><p>[2 Pack] Humidifier Drops for Cleaning - Food Grade Humidifier Cleaner Slows Buildup & Scaling - Cleans & Deodorizes Water - Suitable for All Humidifier Models - 200+ Day Supply - Made in USA</p><p> -5% 0FF </p><p>$18.99 ($9.50 / Fl Oz)</p><a href="https://www.amazon.com/dp/B0CQRYKPD4?tag=eloabder-20&linkCode=osi&th=1&psc=1">View Product</a></div><div class="product"><a href="https://www.amazon.com/dp/B01J664VSA?tag=eloabder-20&linkCode=osi&th=1&psc=1"><img src="https://m.media-amazon.com/images/I/418M5+TWhnL._SL500_.jpg" alt="Product Image"></a><p>Vornado MD1-0034 Replacement Humidifier Wick (Pack of 2) , White</p><p> -20% 0FF </p><p>$12.00 ($6.00 / Count)</p><a href="https://www.amazon.com/dp/B01J664VSA?tag=eloabder-20&linkCode=osi&th=1&psc=1">View Product</a></div>
<div class="product"><a href="https://www.amazon.com/dp/B0DJ8YM235?tag=eloabder-20&linkCode=osi&th=1&psc=1"><img src="https://m.media-amazon.com/images/I/31-+n3qJwfL._SL500_.jpg" alt="Product Image"></a><p>PSOS Dehumidifier for Home, 118 OZ Water Tank, Dehumidifiers for Room 1000 sq.ft, Dehumidifiers for Bathroom Bedroom Basement with Humidity monitoring, Auto Shut Off, 7 Colors Light(White)</p><p> -40% 0FF </p><p>$89.99</p><a href="https://www.amazon.com/dp/B0DJ8YM235?tag=eloabder-20&linkCode=osi&th=1&psc=1">View Product</a></div><div class="product"><a href="https://www.amazon.com/dp/B0BX4TTZL2?tag=eloabder-20&linkCode=osi&th=1&psc=1"><img src="https://m.media-amazon.com/images/I/31JMYwASsyL._SL500_.jpg" alt="Product Image"></a><p>Hornady Rapid Dry Dehumidifier Stone - Rechargeable Dehumidifier for Gun Safe and Cases, Protect Your Firearms and Valuables from Moisture - Unlimited Use, with Moisture Level Indicator - Item 95898</p><p> -29% 0FF </p><p>$28.37</p><a href="https://www.amazon.com/dp/B0BX4TTZL2?tag=eloabder-20&linkCode=osi&th=1&psc=1">View Product</a></div>
<div class="product"><a href="https://www.amazon.com/dp/B089P1Z38J?tag=eloabder-20&linkCode=osi&th=1&psc=1"><img src="https://m.media-amazon.com/images/I/51YX73Zai2L._SL500_.jpg" alt="Product Image"></a><p>Lasko Air Flex 20" 2-in-1 Box Fan and Air Purifier in One with MERV10 Air Purifying Filter for Cleaner and Cooling Breeze, 3 Speeds, Steel Body, FF305</p><p> -6% 0FF </p><p>$65.79</p><a href="https://www.amazon.com/dp/B089P1Z38J?tag=eloabder-20&linkCode=osi&th=1&psc=1">View Product</a></div><div class="product"><a href="https://www.amazon.com/dp/B0819NMLPH?tag=eloabder-20&linkCode=osi&th=1&psc=1"><img src="https://m.media-amazon.com/images/I/51J1qcl7T+L._SL500_.jpg" alt="Product Image"></a><p>SmoTecQ Ceiling Fan Pull Chain, 120" Rust Proof Copper 3mm Beaded Extension Chains with 12 Matching Connectors, Bronze</p><p> -25% 0FF </p><p>$5.99</p><a href="https://www.amazon.com/dp/B0819NMLPH?tag=eloabder-20&linkCode=osi&th=1&psc=1">View Product</a></div><div class="product"><a href="https://www.amazon.com/dp/B09JBCGK41?tag=eloabder-20&linkCode=osi&th=1&psc=1"><img src="https://m.media-amazon.com/images/I/31O1Cq3aI-L._SL500_.jpg" alt="Product Image"></a><p>Hunter Fan Company 99770 Core Multifunction w/1.9 Remote Control with Receiver, No Size, Dove Grey</p><p> -40% 0FF </p><p>$42.78</p><a href="https://www.amazon.com/dp/B09JBCGK41?tag=eloabder-20&linkCode=osi&th=1&psc=1">View Product</a></div><div class="product"><a href="https://www.amazon.com/dp/B07S5LK7Z8?tag=eloabder-20&linkCode=osi&th=1&psc=1"><img src="https://m.media-amazon.com/images/I/41Wgts+0jEL._SL500_.jpg" alt="Product Image"></a><p>Ceiling Fan Light Switch Zing Ear Pull Chain Switch ZE-109 Fan Light Switch, On-Off Speed with Pull Chain Compatible with Ceiling Light Fans, Lamps and Wall Lights.(Bronze)</p><p> -63% 0FF </p><p>$1.89</p><a href="https://www.amazon.com/dp/B07S5LK7Z8?tag=eloabder-20&linkCode=osi&th=1&psc=1">View Product</a></div><div class="product"><a href="https://www.amazon.com/dp/B0D5M1M37N?tag=eloabder-20&linkCode=osi&th=1&psc=1"><img src="https://m.media-amazon.com/images/I/51yO2OHGQkL._SL500_.jpg" alt="Product Image"></a><p>Butto 10-Pack Ceiling Fan Filters for Blades - Strong Adhesive Ceiling Fan Filters for Common Household Contaminants - Unscented Coconut Carbon Fan Air Purifier Pads to Make Air Fresh and Natural</p><p> -21% 0FF </p><p>$14.98</p><a href="https://www.amazon.com/dp/B0D5M1M37N?tag=eloabder-20&linkCode=osi&th=1&psc=1">View Product</a></div>
<div class="product"><a href="https://www.amazon.com/dp/B0CC8DS2S5?tag=eloabder-20&linkCode=osi&th=1&psc=1"><img src="https://m.media-amazon.com/images/I/41VCzvLZYAL._SL500_.jpg" alt="Product Image"></a><p>KitchekShop Coffee Mug Warmer - Fastest Heating & Highest Temperature, Coffee Cup Warmer for Desk Auto Shut Off, 4 Temp Settings & 1-12H Timer, Smart Electric Beverage Warmer for Coffee, Tea, Water</p><p> -40% 0FF </p><p>$23.99</p><a href="https://www.amazon.com/dp/B0CC8DS2S5?tag=eloabder-20&linkCode=osi&th=1&psc=1">View Product</a></div><div class="product"><a href="https://www.amazon.com/dp/B082MVGP8T?tag=eloabder-20&linkCode=osi&th=1&psc=1"><img src="https://m.media-amazon.com/images/I/31Ui7mtlCOL._SL500_.jpg" alt="Product Image"></a><p>Amazon Basics Electric Kettle, Tea Kettle for Hot Water, Coffee & Tea, With Auto Shut-Off, Boil Dry Protection, Strix Thermostat, BPA-Free, 1.1 Quarts (1.0L), 1500W, Glass and Steel, Black & Silver</p><p> -9% 0FF </p><p>$24.49</p><a href="https://www.amazon.com/dp/B082MVGP8T?tag=eloabder-20&linkCode=osi&th=1&psc=1">View Product</a></div>
<div class="product"><a href="https://www.amazon.com/dp/B0BYR4W4F6?tag=eloabder-20&linkCode=osi&th=1&psc=1"><img src="https://m.media-amazon.com/images/I/31M2ZgX69nL._SL500_.jpg" alt="Product Image"></a><p>Arrojo Gamma Aria Blow Dryer — Dual Ionic hair Dryer for Men and Women — Quietest Hair Dryers in their Class — Speeds to 101mph for Hyper Fast Drying Blow Dryer power</p><p> -6% 0FF </p><p>$165.86</p><a href="https://www.amazon.com/dp/B0BYR4W4F6?tag=eloabder-20&linkCode=osi&th=1&psc=1">View Product</a></div><div class="product"><a href="https://www.amazon.com/dp/B095Y4T72V?tag=eloabder-20&linkCode=osi&th=1&psc=1"><img src="https://m.media-amazon.com/images/I/3190DPU1r7S._SL500_.jpg" alt="Product Image"></a><p>Turbo Power Mega Turbo 2500 Heat Dryer</p><p> -7% 0FF </p><p>$93.44 ($93.44 / Count)</p><a href="https://www.amazon.com/dp/B095Y4T72V?tag=eloabder-20&linkCode=osi&th=1&psc=1">View Product</a></div>
<div class="product"><a href="https://www.amazon.com/dp/B0D4TT37CG?tag=eloabder-20&linkCode=osi&th=1&psc=1"><img src="https://m.media-amazon.com/images/I/51rJj7bo1sL._SL500_.jpg" alt="Product Image"></a><p>250W Professional Electric Cheese Grater for Block Cheese,Automatic Cheese Grater for Potato,Carrots,Salad Shooter Electric Slicer Shredder with 5 Types of Blades,Your Nice Kitchen Helper!</p><p> -8% 0FF </p><p>$66.99</p><a href="https://www.amazon.com/dp/B0D4TT37CG?tag=eloabder-20&linkCode=osi&th=1&psc=1">View Product</a></div>
<div class="product"><a href="https://www.amazon.com/dp/B007WQ9YNO?tag=eloabder-20&linkCode=osi&th=1&psc=1"><img src="https://m.media-amazon.com/images/I/41V32cTWxML._SL500_.jpg" alt="Product Image"></a><p>AROMA Digital Rice Cooker, 4-Cup (Uncooked) / 8-Cup (Cooked), Steamer, Grain Cooker, Multicooker, 2 Qt, Stainless Steel Exterior, ARC-914SBD</p><p> -9% 0FF </p><p>$29.98</p><a href="https://www.amazon.com/dp/B007WQ9YNO?tag=eloabder-20&linkCode=osi&th=1&psc=1">View Product</a></div><div class="product"><a href="https://www.amazon.com/dp/B0752VWV65?tag=eloabder-20&linkCode=osi&th=1&psc=1"><img src="https://m.media-amazon.com/images/I/41s222n8XjL._SL500_.jpg" alt="Product Image"></a><p>Hamilton Beach Digital Programmable Rice Cooker & Food Steamer, 8 Cups Cooked (4 Uncooked), With Steam & Rinse Basket, Stainless Steel (37518)</p><p> -20% 0FF </p><p>$31.99</p><a href="https://www.amazon.com/dp/B0752VWV65?tag=eloabder-20&linkCode=osi&th=1&psc=1">View Product</a></div><div class="product"><a href="https://www.amazon.com/dp/B0979TYRYN?tag=eloabder-20&linkCode=osi&th=1&psc=1"><img src="https://m.media-amazon.com/images/I/31pxVDIb99L._SL500_.jpg" alt="Product Image"></a><p>Aroma Housewares 4-Cups (Cooked) / 1Qt. Rice & Grain Cooker (ARC-302NG), White</p><p> -24% 0FF </p><p>$18.99</p><a href="https://www.amazon.com/dp/B0979TYRYN?tag=eloabder-20&linkCode=osi&th=1&psc=1">View Product</a></div><div class="product"><a href="https://www.amazon.com/dp/B01BUL7FJ6?tag=eloabder-20&linkCode=osi&th=1&psc=1"><img src="https://m.media-amazon.com/images/I/41PX+tkWChL._SL500_.jpg" alt="Product Image"></a><p>Aroma Housewares ARC-363-1NGB 3 Uncooked/6 Cups Cooked Rice Cooker, Steamer, Multicooker, 2-6 cups, Black</p><p> -33% 0FF </p><p>$19.99</p><a href="https://www.amazon.com/dp/B01BUL7FJ6?tag=eloabder-20&linkCode=osi&th=1&psc=1">View Product</a></div><div class="product"><a href="https://www.amazon.com/dp/B0BD4PRBVZ?tag=eloabder-20&linkCode=osi&th=1&psc=1"><img src="https://m.media-amazon.com/images/I/51PB+13RRPL._SL500_.jpg" alt="Product Image"></a><p>COSORI Rice Cooker 10 Cup, 24h Keep Warm, 18 Functions Fuzzy Logic Rice Maker with Stainless Steel Steamer Basket, Sauté, Slow Cooker, Black</p><p> -15% 0FF </p><p>$84.99</p><a href="https://www.amazon.com/dp/B0BD4PRBVZ?tag=eloabder-20&linkCode=osi&th=1&psc=1">View Product</a></div>
<div class="product"><a href="https://www.amazon.com/dp/B003OAJGJO?tag=eloabder-20&linkCode=osi&th=1&psc=1"><img src="https://m.media-amazon.com/images/I/51qadG4iFyL._SL500_.jpg" alt="Product Image"></a><p>Crock-Pot 7 Quart Oval Manual Slow Cooker, Stainless Steel (SCV700-S-BR), Versatile Cookware for Large Families or Entertaining</p><p> -30% 0FF </p><p>$34.99</p><a href="https://www.amazon.com/dp/B003OAJGJO?tag=eloabder-20&linkCode=osi&th=1&psc=1">View Product</a></div><div class="product"><a href="https://www.amazon.com/dp/B07DFVY29X?tag=eloabder-20&linkCode=osi&th=1&psc=1"><img src="https://m.media-amazon.com/images/I/415PUCXFtVL._SL500_.jpg" alt="Product Image"></a><p>Crock-Pot Large 8-Quart Programmable Slow Cooker with Auto Warm Setting, Black Stainless Steel (Pack of 1)</p><p> -25% 0FF </p><p>$74.99</p><a href="https://www.amazon.com/dp/B07DFVY29X?tag=eloabder-20&linkCode=osi&th=1&psc=1">View Product</a></div>
<div class="product"><a href="https://www.amazon.com/dp/B0BFX95J5P?tag=eloabder-20&linkCode=osi&th=1&psc=1"><img src="https://m.media-amazon.com/images/I/51Bj52vXGZL._SL500_.jpg" alt="Product Image"></a><p>COSORI Electric Pressure Cooker 6 qt, 9-in-1 Instant Multi Cooker with Safer Venting Design, Rice Cooker, Slow Cooker, Sous Vide, Saute Pot, 1100W, Stainless Steel</p><p> -22% 0FF </p><p>$69.99</p><a href="https://www.amazon.com/dp/B0BFX95J5P?tag=eloabder-20&linkCode=osi&th=1&psc=1">View Product</a></div><div class="product"><a href="https://www.amazon.com/dp/B08PPZWNCV?tag=eloabder-20&linkCode=osi&th=1&psc=1"><img src="https://m.media-amazon.com/images/I/41ZKZkeEwEL._SL500_.jpg" alt="Product Image"></a><p>Instant Pot Pro (8 QT) 10-in-1 Pressure Cooker, Slow Cooker, Rice/Grain Cooker, Steamer, Sauté, Sous Vide, Yogurt Maker, Sterilizer, and Warmer, Includes App With Over 800 Recipes, Black</p><p> -21% 0FF </p><p>$149.99</p><a href="https://www.amazon.com/dp/B08PPZWNCV?tag=eloabder-20&linkCode=osi&th=1&psc=1">View Product</a></div><div class="product"><a href="https://www.amazon.com/dp/B089P2W2N6?tag=eloabder-20&linkCode=osi&th=1&psc=1"><img src="https://m.media-amazon.com/images/I/41tjnk41j0L._SL500_.jpg" alt="Product Image"></a><p>12 Qt Stainless steel Electric Pressure Canner</p><p> -30% 0FF </p><p>$229.99</p><a href="https://www.amazon.com/dp/B089P2W2N6?tag=eloabder-20&linkCode=osi&th=1&psc=1">View Product</a></div><div class="product"><a href="https://www.amazon.com/dp/B0DJFJFSZ5?tag=eloabder-20&linkCode=osi&th=1&psc=1"><img src="https://m.media-amazon.com/images/I/41RArdH-6LL._SL500_.jpg" alt="Product Image"></a><p>COMFEE’ 9-in-1 Electric Pressure Cooker, 14 Presets Instant Multi Cooker Olla de Presion Non-Stick Pot Yogurt Maker Rice Cooker Slow Cooker Sauté Steamer 6 Quarts Black</p><p> -10% 0FF </p><p>$64.79</p><a href="https://www.amazon.com/dp/B0DJFJFSZ5?tag=eloabder-20&linkCode=osi&th=1&psc=1">View Product</a></div><div class="product"><a href="https://www.amazon.com/dp/B0C35HNPW9?tag=eloabder-20&linkCode=osi&th=1&psc=1"><img src="https://m.media-amazon.com/images/I/41C54nM0HvL._SL500_.jpg" alt="Product Image"></a><p>Instant Pot RIO Wide Base, 7.5 Quarts, Large Searing Base, WhisperQuiet Steam Release, 7-in-1 Electric Multi-Cooker, Pressure Cooker, Slow Cooker, Rice Cooker, Steamer, Sauté, Yogurt & Warmer</p><p> -13% 0FF </p><p>$113.50</p><a href="https://www.amazon.com/dp/B0C35HNPW9?tag=eloabder-20&linkCode=osi&th=1&psc=1">View Product</a></div>
<div class="product"><a href="https://www.amazon.com/dp/B01LZ6QN28?tag=eloabder-20&linkCode=osi&th=1&psc=1"><img src="https://m.media-amazon.com/images/I/310sq1rOuLL._SL500_.jpg" alt="Product Image"></a><p>KitchenAid KFC3516IC 3.5 Cup Food Chopper, Ice Blue</p><p> -25% 0FF </p><p>$44.99</p><a href="https://www.amazon.com/dp/B01LZ6QN28?tag=eloabder-20&linkCode=osi&th=1&psc=1">View Product</a></div><div class="product"><a href="https://www.amazon.com/dp/B089TP3K77?tag=eloabder-20&linkCode=osi&th=1&psc=1"><img src="https://m.media-amazon.com/images/I/41wrQtJwO4L._SL500_.jpg" alt="Product Image"></a><p>Ninja Food Processor, Professional Plus, 1000 Peak Watts, 4 Functions for Chopping, Slicing, Purees & Dough with 9-Cup Processor Bowl, 3 Blades, Food Chute & Pusher, Silver, BN601</p><p> -19% 0FF </p><p>$96.99</p><a href="https://www.amazon.com/dp/B089TP3K77?tag=eloabder-20&linkCode=osi&th=1&psc=1">View Product</a></div><div class="product"><a href="https://www.amazon.com/dp/B07CB25BRK?tag=eloabder-20&linkCode=osi&th=1&psc=1"><img src="https://m.media-amazon.com/images/I/4184he88uaL._SL500_.jpg" alt="Product Image"></a><p>KitchenAid KFP0718ER 7-Cup Food Processor Chop, Puree, Shred and Slice - Empire Red</p><p> -20% 0FF </p><p>$79.99</p><a href="https://www.amazon.com/dp/B07CB25BRK?tag=eloabder-20&linkCode=osi&th=1&psc=1">View Product</a></div><div class="product"><a href="https://www.amazon.com/dp/B0841NBX4Y?tag=eloabder-20&linkCode=osi&th=1&psc=1"><img src="https://m.media-amazon.com/images/I/31BQFzOW77S._SL500_.jpg" alt="Product Image"></a><p>BLACK+DECKER Food Processor and Vegetable Chopper, Stainless Steel Blade, 8-Cup Capacity, 450W Power with Attachments to Shred, Slice, Mince, Grind, and Puree</p><p> -22% 0FF </p><p>$42.99</p><a href="https://www.amazon.com/dp/B0841NBX4Y?tag=eloabder-20&linkCode=osi&th=1&psc=1">View Product</a></div>
<div class="product"><a href="https://www.amazon.com/dp/B00004SGFW?tag=eloabder-20&linkCode=osi&th=1&psc=1"><img src="https://m.media-amazon.com/images/I/41VBlHn++3L._SL500_.jpg" alt="Product Image"></a><p>KitchenAid Classic Series 4.5 Quart Tilt-Head Stand Mixer K45SS, White</p><p> -10% 0FF </p><p>$297.99</p><a href="https://www.amazon.com/dp/B00004SGFW?tag=eloabder-20&linkCode=osi&th=1&psc=1">View Product</a></div><div class="product"><a href="https://www.amazon.com/dp/B09BVCPSBT?tag=eloabder-20&linkCode=osi&th=1&psc=1"><img src="https://m.media-amazon.com/images/I/41ApmT8ttnL._SL500_.jpg" alt="Product Image"></a><p>Kitchen in the box Stand Mixer,3.2Qt Small Electric Food Mixer,6 Speeds Portable Lightweight Kitchen Mixer for Daily Use with Egg Whisk,Dough Hook,Flat Beater (Black)</p><p> -20% 0FF </p><p>$79.99</p><a href="https://www.amazon.com/dp/B09BVCPSBT?tag=eloabder-20&linkCode=osi&th=1&psc=1">View Product</a></div><div class="product"><a href="https://www.amazon.com/dp/B09Y9LHFJ5?tag=eloabder-20&linkCode=osi&th=1&psc=1"><img src="https://m.media-amazon.com/images/I/31zHqTmCLdL._SL500_.jpg" alt="Product Image"></a><p>Hamilton Beach Classic Stand and Hand Mixer, 4 Quarts, 6 Speeds with QuickBurst, Bowl Rest, 290 Watts Peak Power, Blue (64658)</p><p> -13% 0FF </p><p>$45.99</p><a href="https://www.amazon.com/dp/B09Y9LHFJ5?tag=eloabder-20&linkCode=osi&th=1&psc=1">View Product</a></div><div class="product"><a href="https://www.amazon.com/dp/B01H7R1EJY?tag=eloabder-20&linkCode=osi&th=1&psc=1"><img src="https://m.media-amazon.com/images/I/41bfuTs0SXL._SL500_.jpg" alt="Product Image"></a><p>Cuisinart Stand Mixer, 12 Speed, 5.5 Quart Stainless Steel Bowl, Chef’s Whisk, Mixing Paddle, Dough Hook, Splash Guard w/ Pour Spout, White Linen, SM-50, Manual</p><p> -20% 0FF </p><p>$199.95 ($199.95 / Count)</p><a href="https://www.amazon.com/dp/B01H7R1EJY?tag=eloabder-20&linkCode=osi&th=1&psc=1">View Product</a></div><div class="product"><a href="https://www.amazon.com/dp/B01K2FQ4DE?tag=eloabder-20&linkCode=osi&th=1&psc=1"><img src="https://m.media-amazon.com/images/I/419VfH8b6OL._SL500_.jpg" alt="Product Image"></a><p>Cuisinart Stand Mixer, 12 Speeds, 5.5-Quart Mixing Bowl, Chef's Whisk, Flat Mixing Paddle, Dough Hook, and Splash Guard with Pour Spout, Silver Lining, SM-50BC, Silver Lining</p><p> -20% 0FF </p><p>$199.95 ($199.95 / Count)</p><a href="https://www.amazon.com/dp/B01K2FQ4DE?tag=eloabder-20&linkCode=osi&th=1&psc=1">View Product</a></div>
<div class="product"><a href="https://www.amazon.com/dp/B009VUHLHA?tag=eloabder-20&linkCode=osi&th=1&psc=1"><img src="https://m.media-amazon.com/images/I/3129GS2CaML._SL500_.jpg" alt="Product Image"></a><p>KitchenAid 5 Ultra Power Speed Hand Mixer - KHM512, Empire Red (1 Pack)</p><p> -25% 0FF </p><p>$44.99</p><a href="https://www.amazon.com/dp/B009VUHLHA?tag=eloabder-20&linkCode=osi&th=1&psc=1">View Product</a></div><div class="product"><a href="https://www.amazon.com/dp/B07DD385JN?tag=eloabder-20&linkCode=osi&th=1&psc=1"><img src="https://m.media-amazon.com/images/I/41dfQaFsuUL._SL500_.jpg" alt="Product Image"></a><p>OVENTE Portable 5 Speed Mixing Electric Hand Mixer with Stainless Steel Whisk Beater Attachments & Snap Storage Case, Compact Lightweight 150 Watt Powerful Blender for Baking & Cooking, Black HM151B</p><p> -32% 0FF </p><p>$16.99</p><a href="https://www.amazon.com/dp/B07DD385JN?tag=eloabder-20&linkCode=osi&th=1&psc=1">View Product</a></div><div class="product"><a href="https://www.amazon.com/dp/B0034A8C4O?tag=eloabder-20&linkCode=osi&th=1&psc=1"><img src="https://m.media-amazon.com/images/I/41t6hdU+x0L._SL500_.jpg" alt="Product Image"></a><p>Cuisinart HM-90S Power Advantage Plus 9-Speed Handheld Mixer with Storage Case, White</p><p> -25% 0FF </p><p>$59.95</p><a href="https://www.amazon.com/dp/B0034A8C4O?tag=eloabder-20&linkCode=osi&th=1&psc=1">View Product</a></div><div class="product"><a href="https://www.amazon.com/dp/B00O4XVV66?tag=eloabder-20&linkCode=osi&th=1&psc=1"><img src="https://m.media-amazon.com/images/I/41TAePDHOkL._SL500_.jpg" alt="Product Image"></a><p>Hamilton Beach Power Deluxe 6-Speed Electric Hand Mixer with Snap-On Storage Case, QuickBurst, Beaters, Whisk, Powerful 250 Watt Motor, Bowl Rest, Black (62692)</p><p> -8% 0FF </p><p>$22.99</p><a href="https://www.amazon.com/dp/B00O4XVV66?tag=eloabder-20&linkCode=osi&th=1&psc=1">View Product</a></div><div class="product"><a href="https://www.amazon.com/dp/B09JV6224Q?tag=eloabder-20&linkCode=osi&th=1&psc=1"><img src="https://m.media-amazon.com/images/I/41vUDKzR2aL._SL500_.jpg" alt="Product Image"></a><p>KitchenAid 6 Speed Hand Mixer with Flex Edge Beaters - KHM6118</p><p> -25% 0FF </p><p>$59.95</p><a href="https://www.amazon.com/dp/B09JV6224Q?tag=eloabder-20&linkCode=osi&th=1&psc=1">View Product</a></div><div class="product"><a href="https://www.amazon.com/dp/B0B397TM76?tag=eloabder-20&linkCode=osi&th=1&psc=1"><img src="https://m.media-amazon.com/images/I/41IGzC-belL._SL500_.jpg" alt="Product Image"></a><p>Yomelo 9-Speed Digital Hand Mixer Electric, 400W Powerful DC Motor, Baking Mixer Handheld with Snap-On Storage Case, Touch Button, Turbo Boost, Dough Hooks, Whisk (Ice Blue)</p><p> -20% 0FF </p><p>$39.97</p><a href="https://www.amazon.com/dp/B0B397TM76?tag=eloabder-20&linkCode=osi&th=1&psc=1">View Product</a></div>
<div class="product"><a href="https://www.amazon.com/dp/B07FNW57J7?tag=eloabder-20&linkCode=osi&th=1&psc=1"><img src="https://m.media-amazon.com/images/I/51FDxusQ0iL._SL500_.jpg" alt="Product Image"></a><p>Chefman Electric Kettle with Temperature Control, 5 Presets LED Indicator Lights, Removable Tea Infuser, Glass Tea Kettle & Hot Water Boiler, 360° Swivel Base, BPA Free, Stainless Steel, 1.8 Liters</p><p> -14% 0FF </p><p>$29.99</p><a href="https://www.amazon.com/dp/B07FNW57J7?tag=eloabder-20&linkCode=osi&th=1&psc=1">View Product</a></div><div class="product"><a href="https://www.amazon.com/dp/B0BNMRYJ1Q?tag=eloabder-20&linkCode=osi&th=1&psc=1"><img src="https://m.media-amazon.com/images/I/31K-SXluWdL._SL500_.jpg" alt="Product Image"></a><p>MEISON Electric Kettle, 1.7 L Double Wall Food Grade Stainless Steel Interior Water Boiler, Coffee Pot & Tea Kettle, Auto Shut-Off and Boil-Dry Protection, 1200W, 2 Year Warranty(Black)</p><p> -56% 0FF </p><p>$21.99</p><a href="https://www.amazon.com/dp/B0BNMRYJ1Q?tag=eloabder-20&linkCode=osi&th=1&psc=1">View Product</a></div>
<div class="product"><a href="https://www.amazon.com/dp/B07665GLFH?tag=eloabder-20&linkCode=osi&th=1&psc=1"><img src="https://m.media-amazon.com/images/I/41183-xnqRL._SL500_.jpg" alt="Product Image"></a><p>OVENTE Electric Deep Fryer 2 Liter Capacity, 1500 Watt Lid with Viewing Window and Odor Filter, Adjustable Temperature, Removable Frying Basket and Easy to Clean Stainless Steel Body, Silver FDM2201BR</p><p> -36% 0FF </p><p>$29.99</p><a href="https://www.amazon.com/dp/B07665GLFH?tag=eloabder-20&linkCode=osi&th=1&psc=1">View Product</a></div><div class="product"><a href="https://www.amazon.com/dp/B00NQ7QFGM?tag=eloabder-20&linkCode=osi&th=1&psc=1"><img src="https://m.media-amazon.com/images/I/411tBrsFTDL._SL500_.jpg" alt="Product Image"></a><p>T-fal 3.5L Stainless Steel Deep Fryer with Basket, 1700W, Oil Filtration, Temp Control, Digital Timer, Dishwasher Safe Parts</p><p> -9% 0FF </p><p>$117.99</p><a href="https://www.amazon.com/dp/B00NQ7QFGM?tag=eloabder-20&linkCode=osi&th=1&psc=1">View Product</a></div><div class="product"><a href="https://www.amazon.com/dp/B00N9TPNNI?tag=eloabder-20&linkCode=osi&th=1&psc=1"><img src="https://m.media-amazon.com/images/I/41dpJ-+eDML._SL500_.jpg" alt="Product Image"></a><p>Elite Gourmet EDF-401T Electric 4.5 Qt. / 17 Cup Immersion Deep Fryer 3-Baskets, 1700-Watt, Timer Control Adjustable Temperature, Lid with Viewing Window and Odor Free Filter</p><p> -11% 0FF </p><p>$53.44</p><a href="https://www.amazon.com/dp/B00N9TPNNI?tag=eloabder-20&linkCode=osi&th=1&psc=1">View Product</a></div><div class="product"><a href="https://www.amazon.com/dp/B07KJGR9JZ?tag=eloabder-20&linkCode=osi&th=1&psc=1"><img src="https://m.media-amazon.com/images/I/51Wl+RTXTML._SL500_.jpg" alt="Product Image"></a><p>Chefman 4.5 Liter Deep Fryer w/Basket Strainer, XL Jumbo Size, Adjustable Temperature & Timer, Perfect for Fried Chicken, Shrimp, French Fries, Chips & More, Removable Oil-Container, Stainless Steel</p><p> -14% 0FF </p><p>$59.99</p><a href="https://www.amazon.com/dp/B07KJGR9JZ?tag=eloabder-20&linkCode=osi&th=1&psc=1">View Product</a></div><div class="product"><a href="https://www.amazon.com/dp/B07TRNP5V7?tag=eloabder-20&linkCode=osi&th=1&psc=1"><img src="https://m.media-amazon.com/images/I/416X3E03X9L._SL500_.jpg" alt="Product Image"></a><p>National Presto 10-Quart Kitchen Kettle XL Multi-Cooker, Steamer, Black Deep-Fryer</p><p> -38% 0FF </p><p>$58.78</p><a href="https://www.amazon.com/dp/B07TRNP5V7?tag=eloabder-20&linkCode=osi&th=1&psc=1">View Product</a></div><div class="product"><a href="https://www.amazon.com/dp/B0B6D9739D?tag=eloabder-20&linkCode=osi&th=1&psc=1"><img src="https://m.media-amazon.com/images/I/41Dm+ZShvHL._SL500_.jpg" alt="Product Image"></a><p>Elite Gourmet EDF2100 Electric Immersion Deep Fryer Removable Basket Adjustable Temperature, Lid with Viewing Window and Odor Free Filter, 2 Quart / 8.2 cup</p><p> -8% 0FF </p><p>$34.99</p><a href="https://www.amazon.com/dp/B0B6D9739D?tag=eloabder-20&linkCode=osi&th=1&psc=1">View Product</a></div>
<div class="product"><a href="https://www.amazon.com/dp/B0CYBM2DFK?tag=eloabder-20&linkCode=osi&th=1&psc=1"><img src="https://m.media-amazon.com/images/I/51v84ZcytjL._SL500_.jpg" alt="Product Image"></a><p>Pukomc Electric Indoor Grill,2 in 1 Indoor Grills for Kitchen with Grill Net & Non-Stick Cooking Removable Plate, Temperature Control, Dishwasher Safe, 1500W Smokeless Grill</p><p> -11% 0FF </p><p>$49.99</p><a href="https://www.amazon.com/dp/B0CYBM2DFK?tag=eloabder-20&linkCode=osi&th=1&psc=1">View Product</a></div><div class="product"><a href="https://www.amazon.com/dp/B0778XLPB7?tag=eloabder-20&linkCode=osi&th=1&psc=1"><img src="https://m.media-amazon.com/images/I/41J7WwuJlYL._SL500_.jpg" alt="Product Image"></a><p>Cuisinart GR-5BP1 Electric Griddler FIVE, Enjoy 5-in-1 Functions, LCD Display, Wide Temperature Range and Sear Function, Stainless Steel</p><p> -17% 0FF </p><p>$99.95</p><a href="https://www.amazon.com/dp/B0778XLPB7?tag=eloabder-20&linkCode=osi&th=1&psc=1">View Product</a></div>
<div class="product"><a href="https://www.amazon.com/dp/B07MVN676J?tag=eloabder-20&linkCode=osi&th=1&psc=1"><img src="https://m.media-amazon.com/images/I/414mvfQwPdL._SL500_.jpg" alt="Product Image"></a><p>OVENTE Electric Sandwich Maker with Non-Stick Plates, Indicator Lights, Cool Touch Handle, Easy to Clean and Store, Perfect for Cooking Breakfast, Grilled Cheese, Tuna Melts and Snacks, Black GPS401B</p><p> -36% 0FF </p><p>$15.99</p><a href="https://www.amazon.com/dp/B07MVN676J?tag=eloabder-20&linkCode=osi&th=1&psc=1">View Product</a></div><div class="product"><a href="https://www.amazon.com/dp/B07B4ZFRC5?tag=eloabder-20&linkCode=osi&th=1&psc=1"><img src="https://m.media-amazon.com/images/I/41Mwee5EhWL._SL500_.jpg" alt="Product Image"></a><p>Hamilton Beach Electric Sealed Sandwich Maker Grill with PFAS-Free Nonstick Plates, Makes Stuffed French Toast, Omelets, Compact & Easy to Store, Black (25430G)</p><p> -7% 0FF </p><p>$20.49</p><a href="https://www.amazon.com/dp/B07B4ZFRC5?tag=eloabder-20&linkCode=osi&th=1&psc=1">View Product</a></div><div class="product"><a href="https://www.amazon.com/dp/B08B28SGFH?tag=eloabder-20&linkCode=osi&th=1&psc=1"><img src="https://m.media-amazon.com/images/I/31rHEytHAqL._SL500_.jpg" alt="Product Image"></a><p>Nostalgia MyMini Personal Sandwich Maker, Nonstick Panini Press, Pizza Pockets, Quesadillas, Mint Green</p><p> -17% 0FF </p><p>$14.99</p><a href="https://www.amazon.com/dp/B08B28SGFH?tag=eloabder-20&linkCode=osi&th=1&psc=1">View Product</a></div><div class="product"><a href="https://www.amazon.com/dp/B002YD99Y4?tag=eloabder-20&linkCode=osi&th=1&psc=1"><img src="https://m.media-amazon.com/images/I/41FEfCzAJ9L._SL500_.jpg" alt="Product Image"></a><p>Cuisinart Panini Press, Stainless Steel Griddler, Sandwich Maker & More, 5-IN-1, GR-4NP1</p><p> -20% 0FF </p><p>$79.95</p><a href="https://www.amazon.com/dp/B002YD99Y4?tag=eloabder-20&linkCode=osi&th=1&psc=1">View Product</a></div>
<div class="product"><a href="https://www.amazon.com/dp/B003HL1JZO?tag=eloabder-20&linkCode=osi&th=1&psc=1"><img src="https://m.media-amazon.com/images/I/41NQPUjC3hL._SL500_.jpg" alt="Product Image"></a><p>Hamilton Beach Belgian Mini Waffle Maker with Shade Control, Makes 2 at Once, Create Personalized Keto Chaffles and Hash Browns, Non-Stick Plates, Compact Design, Stainless Steel</p><p> -25% 0FF </p><p>$23.99</p><a href="https://www.amazon.com/dp/B003HL1JZO?tag=eloabder-20&linkCode=osi&th=1&psc=1">View Product</a></div><div class="product"><a href="https://www.amazon.com/dp/B01FYIAQA6?tag=eloabder-20&linkCode=osi&th=1&psc=1"><img src="https://m.media-amazon.com/images/I/51LjHkbLVyL._SL500_.jpg" alt="Product Image"></a><p>KRUPS: Waffle Maker, Stainless Steel, 4 Slices, 1200 Watts Square, 5 Browning Levels, Removable Plates, Dishwasher Safe, Belgian Waffle Silver and Black</p><p> -18% 0FF </p><p>$65.70</p><a href="https://www.amazon.com/dp/B01FYIAQA6?tag=eloabder-20&linkCode=osi&th=1&psc=1">View Product</a></div><div class="product"><a href="https://www.amazon.com/dp/B08ML7J5SG?tag=eloabder-20&linkCode=osi&th=1&psc=1"><img src="https://m.media-amazon.com/images/I/41c0iTegfQL._SL500_.jpg" alt="Product Image"></a><p>DASH No-Drip Waffle Maker - Four Waffle Molds, Nonstick Waffle Iron with Quick Heat-Up, Nonstick Surface - Perfect Waffle Maker for Kids and Families, Just Add Batter</p><p> -13% 0FF </p><p>$34.99</p><a href="https://www.amazon.com/dp/B08ML7J5SG?tag=eloabder-20&linkCode=osi&th=1&psc=1">View Product</a></div>
<div class="product"><a href="https://www.amazon.com/dp/B010TR1SMW?tag=eloabder-20&linkCode=osi&th=1&psc=1"><img src="https://m.media-amazon.com/images/I/51+Sr3R6eUL._SL500_.jpg" alt="Product Image"></a><p>Original Whirley Pop Popcorn Maker- Silver 6 Qt Aluminum Popcorn Maker with Metal Gear, Wabash Family Farms, With Included Good Time Guide</p><p> -44% 0FF </p><p>$19.99</p><a href="https://www.amazon.com/dp/B010TR1SMW?tag=eloabder-20&linkCode=osi&th=1&psc=1">View Product</a></div><div class="product"><a href="https://www.amazon.com/dp/B00KL8SM92?tag=eloabder-20&linkCode=osi&th=1&psc=1"><img src="https://m.media-amazon.com/images/I/41TLvq95xTL._SL500_.jpg" alt="Product Image"></a><p>West Bend Stir Crazy Popcorn Machine Electric Hot Oil Popper Includes Large Lid for Serving Bowl and Convenient Nesting Storage, 6-Quart, Red</p><p> -28% 0FF </p><p>$33.65</p><a href="https://www.amazon.com/dp/B00KL8SM92?tag=eloabder-20&linkCode=osi&th=1&psc=1">View Product</a></div><div class="product"><a href="https://www.amazon.com/dp/B01HRGJE88?tag=eloabder-20&linkCode=osi&th=1&psc=1"><img src="https://m.media-amazon.com/images/I/41hNl5eCgyS._SL500_.jpg" alt="Product Image"></a><p>West Bend Stir Crazy Movie Theater Popcorn Popper with Nonstick Popcorn Kettle, Measuring Tool and Popcorn Scoop for Gourmet Popcorn Machine , 4 Qt., Red</p><p> -25% 0FF </p><p>$60.24</p><a href="https://www.amazon.com/dp/B01HRGJE88?tag=eloabder-20&linkCode=osi&th=1&psc=1">View Product</a></div><div class="product"><a href="https://www.amazon.com/dp/B0C43XTHC6?tag=eloabder-20&linkCode=osi&th=1&psc=1"><img src="https://m.media-amazon.com/images/I/418qLhEayLL._SL500_.jpg" alt="Product Image"></a><p>Presto 04811 PopLite My Munch Hot Air Popcorn Popper - Personal Sized, Built-In Serving Bowl, Compact Design, 8 Cups, Blue</p><p> -13% 0FF </p><p>$34.99</p><a href="https://www.amazon.com/dp/B0C43XTHC6?tag=eloabder-20&linkCode=osi&th=1&psc=1">View Product</a></div>
<div class="product"><a href="https://www.amazon.com/dp/B08QXB9BH5?tag=eloabder-20&linkCode=osi&th=1&psc=1"><img src="https://m.media-amazon.com/images/I/3114JA1oLJL._SL500_.jpg" alt="Product Image"></a><p>Ninja NC301 CREAMi Ice Cream Maker, for Gelato, Mix-ins, Milkshakes, Sorbet, Smoothie Bowls & More, 7 One-Touch Programs, with (2) Pint Containers & Lids, Compact Size, Perfect for Kids, Silver</p><p> -22% 0FF </p><p>$179.99</p><a href="https://www.amazon.com/dp/B08QXB9BH5?tag=eloabder-20&linkCode=osi&th=1&psc=1">View Product</a></div><div class="product"><a href="https://www.amazon.com/dp/B0B9CZ6XBQ?tag=eloabder-20&linkCode=osi&th=1&psc=1"><img src="https://m.media-amazon.com/images/I/41FrbCLAa8L._SL500_.jpg" alt="Product Image"></a><p>Ninja CREAMi Deluxe 11-in-1 Ice Cream & Frozen Treat Maker for Ice Cream, Sorbet, Milkshakes, Frozen Yogurt, & More, 11 Programs, XL Capacity, Silver, Includes (2) Family-Sized 24 oz. Tubs</p><p> -12% 0FF </p><p>$219.95</p><a href="https://www.amazon.com/dp/B0B9CZ6XBQ?tag=eloabder-20&linkCode=osi&th=1&psc=1">View Product</a></div>
<div class="product"><a href="https://www.amazon.com/dp/B07C8V4FDR?tag=eloabder-20&linkCode=osi&th=1&psc=1"><img src="https://m.media-amazon.com/images/I/41-2gch534L._SL500_.jpg" alt="Product Image"></a><p>Cuisinart Bread Maker Machine, Compact and Automatic, Customizable Settings, Up to 2lb Loaves, CBK-110P1, Silver,Black</p><p> -23% 0FF </p><p>$99.95</p><a href="https://www.amazon.com/dp/B07C8V4FDR?tag=eloabder-20&linkCode=osi&th=1&psc=1">View Product</a></div><div class="product"><a href="https://www.amazon.com/dp/B09RYYGJXR?tag=eloabder-20&linkCode=osi&th=1&psc=1"><img src="https://m.media-amazon.com/images/I/31Nti+QxbGL._SL500_.jpg" alt="Product Image"></a><p>Elite Gourmet EBM8103M Programmable Bread Maker Machine 3 Loaf Sizes, 19 Menu Functions Gluten Free White Wheat Rye French and more, 2 Lbs, Mint</p><p> -13% 0FF </p><p>$64.97</p><a href="https://www.amazon.com/dp/B09RYYGJXR?tag=eloabder-20&linkCode=osi&th=1&psc=1">View Product</a></div><div class="product"><a href="https://www.amazon.com/dp/B07BYXHYLY?tag=eloabder-20&linkCode=osi&th=1&psc=1"><img src="https://m.media-amazon.com/images/I/51oB-JofaaL._SL500_.jpg" alt="Product Image"></a><p>KBS Pro Stainless Steel Bread Machine, 2LB 17-in-1 Programmable XL Bread Maker with Fruit Nut Dispenser, Nonstick Ceramic Pan& Digital Touch Panel, 3 Loaf Sizes 3 Crust Colors, Reserve& Keep Warm Set</p><p> -21% 0FF </p><p>$149.96</p><a href="https://www.amazon.com/dp/B07BYXHYLY?tag=eloabder-20&linkCode=osi&th=1&psc=1">View Product</a></div><div class="product"><a href="https://www.amazon.com/dp/B087FB8SCK?tag=eloabder-20&linkCode=osi&th=1&psc=1"><img src="https://m.media-amazon.com/images/I/41HIsBOmQJL._SL500_.jpg" alt="Product Image"></a><p>KITCHENARM 29-in-1 SMART Bread Machine with Gluten Free Setting 2LB 1.5LB 1LB Bread Maker Machine with Homemade Cycle - Stainless Steel Breadmaker with Recipes Whole Wheat Bread Making Machine</p><p> -11% 0FF </p><p>$114.97</p><a href="https://www.amazon.com/dp/B087FB8SCK?tag=eloabder-20&linkCode=osi&th=1&psc=1">View Product</a></div><div class="product"><a href="https://www.amazon.com/dp/B07ZQ711SW?tag=eloabder-20&linkCode=osi&th=1&psc=1"><img src="https://m.media-amazon.com/images/I/41XD-2f77RL._SL500_.jpg" alt="Product Image"></a><p>KBS 17-in-1 Bread Maker-Dual Heaters, 710W Machine Stainless Steel with Gluten-Free, Dough Maker,Jam,Yogurt PROG, Auto Nut Dispenser,Ceramic Pan& Touch Panel, 3 Loaf Sizes 3 Crust Colors,Recipes</p><p> -20% 0FF </p><p>$159.99</p><a href="https://www.amazon.com/dp/B07ZQ711SW?tag=eloabder-20&linkCode=osi&th=1&psc=1">View Product</a></div><div class="product"><a href="https://www.amazon.com/dp/B08SKFPMBG?tag=eloabder-20&linkCode=osi&th=1&psc=1"><img src="https://m.media-amazon.com/images/I/41GbafaeBYL._SL500_.jpg" alt="Product Image"></a><p>Briskind 19-in-1 Compact Bread Maker Machine, 1.5 lb / 1 lb Loaf Small Breadmaker with Carrying Handle, Including Gluten Free, Dough, Jam, Yogurt Menus, Bake Evenly, Automatic Keep Warm, 3 Crust Color</p><p> -25% 0FF </p><p>$89.75</p><a href="https://www.amazon.com/dp/B08SKFPMBG?tag=eloabder-20&linkCode=osi&th=1&psc=1">View Product</a></div><div class="product"><a href="https://www.amazon.com/dp/B07D82LJ4Q?tag=eloabder-20&linkCode=osi&th=1&psc=1"><img src="https://m.media-amazon.com/images/I/41i3kbapguL._SL500_.jpg" alt="Product Image"></a><p>West Bend 47413 Hi-Rise Programmable Bread Maker Machine with Horizontal Dual Blade and 12 Programs, Including Gluten Free Mode, 3 Lb, Gray</p><p> -30% 0FF </p><p>$87.68</p><a href="https://www.amazon.com/dp/B07D82LJ4Q?tag=eloabder-20&linkCode=osi&th=1&psc=1">View Product</a></div>
<div class="product"><a href="https://www.amazon.com/dp/B0BR8HZL9V?tag=eloabder-20&linkCode=osi&th=1&psc=1"><img src="https://m.media-amazon.com/images/I/315cLuabx0L._SL500_.jpg" alt="Product Image"></a><p>Ninja JC151 NeverClog Cold Press Juicer, Powerful Slow Juicer with Total Pulp Control, Countertop, Electric, 2 Pulp Functions, Dishwasher Safe, 2nd Generation, Charcoal</p><p> -23% 0FF </p><p>$99.99</p><a href="https://www.amazon.com/dp/B0BR8HZL9V?tag=eloabder-20&linkCode=osi&th=1&psc=1">View Product</a></div><div class="product"><a href="https://www.amazon.com/dp/B0DJ7QML7K?tag=eloabder-20&linkCode=osi&th=1&psc=1"><img src="https://m.media-amazon.com/images/I/410TN+TUghL._SL500_.jpg" alt="Product Image"></a><p>Cold Press Juicer, 400w Slow Juicer Machines with 5.4" Wide Feed Chute, Masticating Juicer with High Juice Yield for Whole Vegetables & Fruits</p><p> -77% 0FF </p><p>$139.98</p><a href="https://www.amazon.com/dp/B0DJ7QML7K?tag=eloabder-20&linkCode=osi&th=1&psc=1">View Product</a></div><div class="product"><a href="https://www.amazon.com/dp/B0DBH5LC1M?tag=eloabder-20&linkCode=osi&th=1&psc=1"><img src="https://m.media-amazon.com/images/I/41p0ebtD3PL._SL500_.jpg" alt="Product Image"></a><p>Masticating Juicer, 350W Slow Cold Press Juicer with 5.8" Extra-Large Feeding Chute, Juicer Machines for Whole Fruits and Vegetables, Easy to Clean with Brush</p><p> -77% 0FF </p><p>$149.99</p><a href="https://www.amazon.com/dp/B0DBH5LC1M?tag=eloabder-20&linkCode=osi&th=1&psc=1">View Product</a></div><div class="product"><a href="https://www.amazon.com/dp/B0C99W1Z9Q?tag=eloabder-20&linkCode=osi&th=1&psc=1"><img src="https://m.media-amazon.com/images/I/41ds5gec49L._SL500_.jpg" alt="Product Image"></a><p>Magic Bullet Mini Juicer with Cup Black</p><p> -17% 0FF </p><p>$49.99</p><a href="https://www.amazon.com/dp/B0C99W1Z9Q?tag=eloabder-20&linkCode=osi&th=1&psc=1">View Product</a></div><div class="product"><a href="https://www.amazon.com/dp/B0CBS6HVSY?tag=eloabder-20&linkCode=osi&th=1&psc=1"><img src="https://m.media-amazon.com/images/I/41lmBoVvM1L._SL500_.jpg" alt="Product Image"></a><p>Cold Press Juicer, Amumu Slow Masticating Machines with 5.4" Extra Large Feed Chute Fit Whole Fruits & Vegetables Easy Clean Self Feeding Effortless for Batch Juicing, High Juice Yield, BPA Free 250W</p><p> -84% 0FF </p><p>$139.99</p><a href="https://www.amazon.com/dp/B0CBS6HVSY?tag=eloabder-20&linkCode=osi&th=1&psc=1">View Product</a></div><div class="product"><a href="https://www.amazon.com/dp/B0B4F9NSN5?tag=eloabder-20&linkCode=osi&th=1&psc=1"><img src="https://m.media-amazon.com/images/I/41HdCERLiNL._SL500_.jpg" alt="Product Image"></a><p>Elite Gourmet Masticating Juicer Machines, 12-inch Juicer, Masticating Cold Press Juicer Machines, Juicer for Vegetables and Fruits, Easy to Clean Juicer, Charcoal Grey</p><p> -31% 0FF </p><p>$34.49</p><a href="https://www.amazon.com/dp/B0B4F9NSN5?tag=eloabder-20&linkCode=osi&th=1&psc=1">View Product</a></div><div class="product"><a href="https://www.amazon.com/dp/B0DCG5Y8QN?tag=eloabder-20&linkCode=osi&th=1&psc=1"><img src="https://m.media-amazon.com/images/I/41+givs3UpL._SL500_.jpg" alt="Product Image"></a><p>AMZCHEF Cold Press Juicer, Juicer Machines - 5.2" Large Feed Chute for Whole Fruits & Vegetables, Stainless Steel Slow Masticating Juicer Easy to Clean, Large Auger, Double Strainers, Silver</p><p> -30% 0FF </p><p>$139.99</p><a href="https://www.amazon.com/dp/B0DCG5Y8QN?tag=eloabder-20&linkCode=osi&th=1&psc=1">View Product</a></div><div class="product"><a href="https://www.amazon.com/dp/B0DKHPRPC3?tag=eloabder-20&linkCode=osi&th=1&psc=1"><img src="https://m.media-amazon.com/images/I/41lpEOGVh0L._SL500_.jpg" alt="Product Image"></a><p>Cold Press Juicer, Masticating Juicer with 5.4" Wide Feed Chute, 350w Slow Juicer Machines Fit Whole Vegetables and Fruits,Juice Extractor Machine with High Juice Yield, Easy to Clean(Black)</p><p> -30% 0FF </p><p>$139.99</p><a href="https://www.amazon.com/dp/B0DKHPRPC3?tag=eloabder-20&linkCode=osi&th=1&psc=1">View Product</a></div>
<div class="product"><a href="https://www.amazon.com/dp/B006SODTTQ?tag=eloabder-20&linkCode=osi&th=1&psc=1"><img src="https://m.media-amazon.com/images/I/31namjfhGVL._SL500_.jpg" alt="Product Image"></a><p>nutribullet Baby BSR-0801N Turbo Food Steamer</p><p> -19% 0FF </p><p>$32.54</p><a href="https://www.amazon.com/dp/B006SODTTQ?tag=eloabder-20&linkCode=osi&th=1&psc=1">View Product</a></div><div class="product"><a href="https://www.amazon.com/dp/B0831SCHG8?tag=eloabder-20&linkCode=osi&th=1&psc=1"><img src="https://m.media-amazon.com/images/I/413VC6sZL1L._SL500_.jpg" alt="Product Image"></a><p>OVENTE 2 Tier Electric Food Steamer for Cooking Vegetables, Stainless Steel Base, Stackable and Dishwasher Safe Baskets, 400W with Auto Shutoff and 60-Minute Timer, 5 Quart Capacity, Silver FS62S</p><p> -24% 0FF </p><p>$24.99</p><a href="https://www.amazon.com/dp/B0831SCHG8?tag=eloabder-20&linkCode=osi&th=1&psc=1">View Product</a></div><div class="product"><a href="https://www.amazon.com/dp/B07H789X8M?tag=eloabder-20&linkCode=osi&th=1&psc=1"><img src="https://m.media-amazon.com/images/I/41HqkL3gJcL._SL500_.jpg" alt="Product Image"></a><p>Secura 2 Stainless Steel Food Steamer 8.5 Qt Electric Glass Lid Vegetable Steamer Double Tiered Stackable Baskets with Timer</p><p> -20% 0FF </p><p>$109.99</p><a href="https://www.amazon.com/dp/B07H789X8M?tag=eloabder-20&linkCode=osi&th=1&psc=1">View Product</a></div>
<div class="product"><a href="https://www.amazon.com/dp/B07L85NN3T?tag=eloabder-20&linkCode=osi&th=1&psc=1"><img src="https://m.media-amazon.com/images/I/31iMBZdBNVL._SL500_.jpg" alt="Product Image"></a><p>IMUSA USA GAU-18202 4 Cup Espresso/Cappuccino Maker,120 volts, Black</p><p> -25% 0FF </p><p>$29.99</p><a href="https://www.amazon.com/dp/B07L85NN3T?tag=eloabder-20&linkCode=osi&th=1&psc=1">View Product</a></div><div class="product"><a href="https://www.amazon.com/dp/B0D5QY4PY9?tag=eloabder-20&linkCode=osi&th=1&psc=1"><img src="https://m.media-amazon.com/images/I/41nFnfr1ZEL._SL500_.jpg" alt="Product Image"></a><p>CHULUX Kom-Pro Espresso Machine 20 Bar, Semi Automatic Stainless Steel Coffee Machine for Home Latte Cappuccino Espresso Maker, Powerful Milk Frother Steam Wand</p><p> -21% 0FF </p><p>$98.99</p><a href="https://www.amazon.com/dp/B0D5QY4PY9?tag=eloabder-20&linkCode=osi&th=1&psc=1">View Product</a></div><div class="product"><a href="https://www.amazon.com/dp/B0C3F2S53N?tag=eloabder-20&linkCode=osi&th=1&psc=1"><img src="https://m.media-amazon.com/images/I/415fcoCOhfL._SL500_.jpg" alt="Product Image"></a><p>Nespresso Vertuo Pop+ Deluxe Coffee and Espresso Machine by De'Longhi, 120 Volts, Silver</p><p> -27% 0FF </p><p>$109.00</p><a href="https://www.amazon.com/dp/B0C3F2S53N?tag=eloabder-20&linkCode=osi&th=1&psc=1">View Product</a></div><div class="product"><a href="https://www.amazon.com/dp/B0CPJ2XTXF?tag=eloabder-20&linkCode=osi&th=1&psc=1"><img src="https://m.media-amazon.com/images/I/41jHRzdDKAL._SL500_.jpg" alt="Product Image"></a><p>CHULUX Kompatto Espresso Machine 20 Bar with Milk Frother, Stainless Steel Automatic Espresso Coffee Machine for Home Latte & Cappuccino Maker, 40oz Removable Water Tank, 1350W</p><p> -25% 0FF </p><p>$89.99</p><a href="https://www.amazon.com/dp/B0CPJ2XTXF?tag=eloabder-20&linkCode=osi&th=1&psc=1">View Product</a></div><div class="product"><a href="https://www.amazon.com/dp/B0CZ6HQKZD?tag=eloabder-20&linkCode=osi&th=1&psc=1"><img src="https://m.media-amazon.com/images/I/51RRtyCyZlL._SL500_.jpg" alt="Product Image"></a><p>Ihomekee Espresso machine, CM6822 15 Bar Coffee Maker for Cappuccino and Latte Maker With Milk Frother, Removable Water Tank, Fast Heating Coffee Machine for Home, Office</p><p> -11% 0FF </p><p>$79.99</p><a href="https://www.amazon.com/dp/B0CZ6HQKZD?tag=eloabder-20&linkCode=osi&th=1&psc=1">View Product</a></div>
<div class="product"><a href="https://www.amazon.com/dp/B00C8C5I8M?tag=eloabder-20&linkCode=osi&th=1&psc=1"><img src="https://m.media-amazon.com/images/I/21w0+TOUozL._SL500_.jpg" alt="Product Image"></a><p>Elite Gourmet EDB-302BF Countertop Double Cast Iron Burner, 1500 Watts Electric Hot Plate, Temperature Controls, Power Indicator Lights, Easy to Clean, Black</p><p> -24% 0FF </p><p>$27.99</p><a href="https://www.amazon.com/dp/B00C8C5I8M?tag=eloabder-20&linkCode=osi&th=1&psc=1">View Product</a></div><div class="product"><a href="https://www.amazon.com/dp/B08V43S4MJ?tag=eloabder-20&linkCode=osi&th=1&psc=1"><img src="https://m.media-amazon.com/images/I/31fI1bV+ApL._SL500_.jpg" alt="Product Image"></a><p>OVENTE Countertop Infrared Single Burner, 1000W Electric Hot Plate with 7” Ceramic Glass Cooktop, 5 Level Temperature Setting & Easy to Clean Base, Compact Stove for Home Dorm Office, Black BGI101B</p><p> -29% 0FF </p><p>$24.99</p><a href="https://www.amazon.com/dp/B08V43S4MJ?tag=eloabder-20&linkCode=osi&th=1&psc=1">View Product</a></div><div class="product"><a href="https://www.amazon.com/dp/B07D71TD67?tag=eloabder-20&linkCode=osi&th=1&psc=1"><img src="https://m.media-amazon.com/images/I/317DTFZe0AL._SL500_.jpg" alt="Product Image"></a><p>CUSIMAX Electric Hot Plate for Cooking Portable Single Burner 1500W Cast Iron hot plates Heat-up in Seconds Adjustable Temperature Control Stainless Steel Non-Slip Rubber Feet Upgraded Version B101</p><p> -30% 0FF </p><p>$41.96</p><a href="https://www.amazon.com/dp/B07D71TD67?tag=eloabder-20&linkCode=osi&th=1&psc=1">View Product</a></div><div class="product"><a href="https://www.amazon.com/dp/B08QMP7VD3?tag=eloabder-20&linkCode=osi&th=1&psc=1"><img src="https://m.media-amazon.com/images/I/41OrKZIVmpL._SL500_.jpg" alt="Product Image"></a><p>Mueller RapidTherm Portable Induction Cooktop, Hot Plate Electric Stove Top Burner 1800W, 8 Temp Levels up to 460°F, Auto-Off & Pot Detection, LED Display, Child Lock, 4 Programs, Burners for Cooking</p><p> -10% 0FF </p><p>$53.97</p><a href="https://www.amazon.com/dp/B08QMP7VD3?tag=eloabder-20&linkCode=osi&th=1&psc=1">View Product</a></div><div class="product"><a href="https://www.amazon.com/dp/B0007QCRNU?tag=eloabder-20&linkCode=osi&th=1&psc=1"><img src="https://m.media-amazon.com/images/I/31-Ehn2oohL._SL500_.jpg" alt="Product Image"></a><p>Aroma Housewares AHP-303 Single Burner Hot Plate, Metal, Black</p><p> -9% 0FF </p><p>$18.21</p><a href="https://www.amazon.com/dp/B0007QCRNU?tag=eloabder-20&linkCode=osi&th=1&psc=1">View Product</a></div><div class="product"><a href="https://www.amazon.com/dp/B08WR5VF24?tag=eloabder-20&linkCode=osi&th=1&psc=1"><img src="https://m.media-amazon.com/images/I/41z751CI4eL._SL500_.jpg" alt="Product Image"></a><p>OVENTE Electric Countertop Single Burner, 1000W Cooktop with 7.25 Inch Cast Iron Hot Plate, 5 Level Temperature Control, Compact Cooking Stove and Easy to Clean Stainless Steel Base, Silver BGS101S</p><p> -7% 0FF </p><p>$24.99</p><a href="https://www.amazon.com/dp/B08WR5VF24?tag=eloabder-20&linkCode=osi&th=1&psc=1">View Product</a></div>
<div class="product"><a href="https://www.amazon.com/dp/B01GD1JSZM?tag=eloabder-20&linkCode=osi&th=1&psc=1"><img src="https://m.media-amazon.com/images/I/31SlYF1eXnL._SL500_.jpg" alt="Product Image"></a><p>Presto 16-Inch Electric Skillet, Grey Ceramic</p><p> -26% 0FF </p><p>$48.90</p><a href="https://www.amazon.com/dp/B01GD1JSZM?tag=eloabder-20&linkCode=osi&th=1&psc=1">View Product</a></div><div class="product"><a href="https://www.amazon.com/dp/B00FJ3NSCK?tag=eloabder-20&linkCode=osi&th=1&psc=1"><img src="https://m.media-amazon.com/images/I/31+AWuZl9ML._SL500_.jpg" alt="Product Image"></a><p>BELLA Electric Skillet and Frying Pan with Glass Lid, Nonstick Coating, Cool Touch Handles, Removable Heating Probe, Dishwasher Safe, 12 x 12 inch, Black</p><p> -23% 0FF </p><p>$26.99</p><a href="https://www.amazon.com/dp/B00FJ3NSCK?tag=eloabder-20&linkCode=osi&th=1&psc=1">View Product</a></div><div class="product"><a href="https://www.amazon.com/dp/B004PEIY9G?tag=eloabder-20&linkCode=osi&th=1&psc=1"><img src="https://m.media-amazon.com/images/I/31oFk81gjbL._SL500_.jpg" alt="Product Image"></a><p>BLACK+DECKER Electric Skillet, Variable Temperature Control, Nonstick Cooking Surface, Dishwasher Safe, Tempered Glass Lid, 12"x15"</p><p> -7% 0FF </p><p>$46.39</p><a href="https://www.amazon.com/dp/B004PEIY9G?tag=eloabder-20&linkCode=osi&th=1&psc=1">View Product</a></div>
<div class="product"><a href="https://www.amazon.com/dp/B07K1FCZLF?tag=eloabder-20&linkCode=osi&th=1&psc=1"><img src="https://m.media-amazon.com/images/I/41A489usqJL._SL500_.jpg" alt="Product Image"></a><p>OVENTE Electric Griddle with 16 x 10 Inch Flat Non-Stick Cooking Surface, Adjustable Thermostat, Essential Indoor Grill for Instant Breakfast Pancakes Burgers Eggs, Black GD1610B</p><p> -6% 0FF </p><p>$21.02</p><a href="https://www.amazon.com/dp/B07K1FCZLF?tag=eloabder-20&linkCode=osi&th=1&psc=1">View Product</a></div><div class="product"><a href="https://www.amazon.com/dp/B01G7DM7X6?tag=eloabder-20&linkCode=osi&th=1&psc=1"><img src="https://m.media-amazon.com/images/I/31MeKzHffDL._SL500_.jpg" alt="Product Image"></a><p>Presto 07062-22-Inch Ceramic Removable Handles Electric Griddle, 22 Inch, Black</p><p> -13% 0FF </p><p>$51.99</p><a href="https://www.amazon.com/dp/B01G7DM7X6?tag=eloabder-20&linkCode=osi&th=1&psc=1">View Product</a></div><div class="product"><a href="https://www.amazon.com/dp/B0765XJ31G?tag=eloabder-20&linkCode=osi&th=1&psc=1"><img src="https://m.media-amazon.com/images/I/31QCHjFop2L._SL500_.jpg" alt="Product Image"></a><p>BLACK+DECKER 8-Serving Electric Griddle, GD2051B, Non-Stick Cooking Surface, Warming Tray, Removable Drip Tray, Family Sized</p><p> -26% 0FF </p><p>$40.72 ($40.72 / Count)</p><a href="https://www.amazon.com/dp/B0765XJ31G?tag=eloabder-20&linkCode=osi&th=1&psc=1">View Product</a></div><div class="product"><a href="https://www.amazon.com/dp/B0BH9DK283?tag=eloabder-20&linkCode=osi&th=1&psc=1"><img src="https://m.media-amazon.com/images/I/41PvXG2lP0L._SL500_.jpg" alt="Product Image"></a><p>BELLA Electric Griddle & Flat Grill with Nonstick Large Cooking Surface and Removable Probe for Eggs, Tortillas, Pancake and more, 10.5" x 20", Black</p><p> -34% 0FF </p><p>$19.78</p><a href="https://www.amazon.com/dp/B0BH9DK283?tag=eloabder-20&linkCode=osi&th=1&psc=1">View Product</a></div><div class="product"><a href="https://www.amazon.com/dp/B0051XSIO6?tag=eloabder-20&linkCode=osi&th=1&psc=1"><img src="https://m.media-amazon.com/images/I/41xVHW6OqdL._SL500_.jpg" alt="Product Image"></a><p>Presto 07047 Cool Touch Electric Griddle</p><p> -18% 0FF </p><p>$36.73</p><a href="https://www.amazon.com/dp/B0051XSIO6?tag=eloabder-20&linkCode=osi&th=1&psc=1">View Product</a></div>
<div class="product"><a href="https://www.amazon.com/dp/B01FLR0ET8?tag=eloabder-20&linkCode=osi&th=1&psc=1"><img src="https://m.media-amazon.com/images/I/41Vqjrj43GL._SL500_.jpg" alt="Product Image"></a><p>Duxtop Portable Induction Cooktop Burner, Induction Hot Plate with LCD Sensor Touch 1800 Watts, Silver 9600LS/BT-200DZ</p><p> -28% 0FF </p><p>$109.29</p><a href="https://www.amazon.com/dp/B01FLR0ET8?tag=eloabder-20&linkCode=osi&th=1&psc=1">View Product</a></div><div class="product"><a href="https://www.amazon.com/dp/B0C7HL4GHP?tag=eloabder-20&linkCode=osi&th=1&psc=1"><img src="https://m.media-amazon.com/images/I/41-D+rnAOVL._SL500_.jpg" alt="Product Image"></a><p>Nuwave Precision Induction Cooktop Gold, 12” Shatter-Proof Ceramic Glass Surface, Large 8” Heating Coil, Portable, 51Temp Settings 100°F to 575°F, 3 Wattage Settings 600, 900, and 1500 Watts</p><p> -10% 0FF </p><p>$89.99</p><a href="https://www.amazon.com/dp/B0C7HL4GHP?tag=eloabder-20&linkCode=osi&th=1&psc=1">View Product</a></div><div class="product"><a href="https://www.amazon.com/dp/B0045QEPYM?tag=eloabder-20&linkCode=osi&th=1&psc=1"><img src="https://m.media-amazon.com/images/I/41cdyP4hsFL._SL500_.jpg" alt="Product Image"></a><p>Duxtop 1800W Portable Induction Cooktop Countertop Burner, Gold 8100MC/BT-180G3</p><p> -15% 0FF </p><p>$62.99</p><a href="https://www.amazon.com/dp/B0045QEPYM?tag=eloabder-20&linkCode=osi&th=1&psc=1">View Product</a></div><div class="product"><a href="https://www.amazon.com/dp/B0BSG6JTC1?tag=eloabder-20&linkCode=osi&th=1&psc=1"><img src="https://m.media-amazon.com/images/I/41DhHtBXtUL._SL500_.jpg" alt="Product Image"></a><p>Nuwave Double Induction Cooktop, Powerful 1800W, 2 Large 8” Heating Coils, Independent Controls, 94 Temp Settings from 100°F to 575°F in 5°F Increments, 2 x 11.5” Shatter-Proof Ceramic Glass Surface</p><p> -13% 0FF </p><p>$200.31</p><a href="https://www.amazon.com/dp/B0BSG6JTC1?tag=eloabder-20&linkCode=osi&th=1&psc=1">View Product</a></div><div class="product"><a href="https://www.amazon.com/dp/B0B4J6PXPN?tag=eloabder-20&linkCode=osi&th=1&psc=1"><img src="https://m.media-amazon.com/images/I/41kump2F4aL._SL500_.jpg" alt="Product Image"></a><p>ChangBERT Induction Cooktop, Commercial Grade Portable Cooker, Large 8” Heating Coil, 18/10 Stainless Steel Countertop Burner with NSF Certified, 10 Hours Timer, Powerful 1800W Professional Hot Plate</p><p> -23% 0FF </p><p>$119.99</p><a href="https://www.amazon.com/dp/B0B4J6PXPN?tag=eloabder-20&linkCode=osi&th=1&psc=1">View Product</a></div>
<div class="product"><a href="https://www.amazon.com/dp/B09Q88QQHL?tag=eloabder-20&linkCode=osi&th=1&psc=1"><img src="https://m.media-amazon.com/images/I/41cDQKq5xXL._SL500_.jpg" alt="Product Image"></a><p>Gevi One-Touch Button Electric Coffee Grinder Coffee Bean Grinder for Coffee Espresso Latte Mochas, Noiseless Operation Coffee Serving Sets</p><p> -22% 0FF </p><p>$12.99 ($12.99 / 1)</p><a href="https://www.amazon.com/dp/B09Q88QQHL?tag=eloabder-20&linkCode=osi&th=1&psc=1">View Product</a></div><div class="product"><a href="https://www.amazon.com/dp/B079PMWD1B?tag=eloabder-20&linkCode=osi&th=1&psc=1"><img src="https://m.media-amazon.com/images/I/41bLrL-p8jL._SL500_.jpg" alt="Product Image"></a><p>Secura Electric Coffee Grinder and Spice Grinder with 2 Stainless Steel Blades Removable Bowls</p><p> -27% 0FF </p><p>$39.99</p><a href="https://www.amazon.com/dp/B079PMWD1B?tag=eloabder-20&linkCode=osi&th=1&psc=1">View Product</a></div><div class="product"><a href="https://www.amazon.com/dp/B07LG33LV3?tag=eloabder-20&linkCode=osi&th=1&psc=1"><img src="https://m.media-amazon.com/images/I/415qB6lyWgL._SL500_.jpg" alt="Product Image"></a><p>SHARDOR Coffee Grinder Electric, Spice Grinder Electric, Herb Grinder, Grinder for Coffee Bean Spices and Seeds with 2 Removable Stainless Steel Bowls, Black</p><p> -15% 0FF </p><p>$39.99</p><a href="https://www.amazon.com/dp/B07LG33LV3?tag=eloabder-20&linkCode=osi&th=1&psc=1">View Product</a></div><div class="product"><a href="https://www.amazon.com/dp/B00LU2I46E?tag=eloabder-20&linkCode=osi&th=1&psc=1"><img src="https://m.media-amazon.com/images/I/51eoYTzS22L._SL500_.jpg" alt="Product Image"></a><p>BLACK+DECKER 12-Cup Mill and Brew Coffe Maker, CM5000B, 24-Hour Programble, Built-in Grinder, Sneak-A-Cup, Permanent Washable Fitler</p><p> -20% 0FF </p><p>$79.99</p><a href="https://www.amazon.com/dp/B00LU2I46E?tag=eloabder-20&linkCode=osi&th=1&psc=1">View Product</a></div>
<div class="product"><a href="https://www.amazon.com/dp/B07GK7XKJK?tag=eloabder-20&linkCode=osi&th=1&psc=1"><img src="https://m.media-amazon.com/images/I/41MydiUACIL._SL500_.jpg" alt="Product Image"></a><p>KitchenAid KSMMGA Metal Food Grinder Attachment, Silver</p><p> -25% 0FF </p><p>$74.95</p><a href="https://www.amazon.com/dp/B07GK7XKJK?tag=eloabder-20&linkCode=osi&th=1&psc=1">View Product</a></div><div class="product"><a href="https://www.amazon.com/dp/B0CFXXGRLX?tag=eloabder-20&linkCode=osi&th=1&psc=1"><img src="https://m.media-amazon.com/images/I/41C1H8gjr9L._SL500_.jpg" alt="Product Image"></a><p>Electric Meat Grinder, Sausage Stuffer Maker 450W(3000W Max) Food Grinder with Blade & 3 Plates, Sausage Stuffer Tubes & Kubbe Kit, Stainless Steel Heavy Duty Meat Mincer Machine for Home Kitchen Use</p><p> -14% 0FF </p><p>$69.99</p><a href="https://www.amazon.com/dp/B0CFXXGRLX?tag=eloabder-20&linkCode=osi&th=1&psc=1">View Product</a></div><div class="product"><a href="https://www.amazon.com/dp/B0DCVND85W?tag=eloabder-20&linkCode=osi&th=1&psc=1"><img src="https://m.media-amazon.com/images/I/41P1HRElb0L._SL500_.jpg" alt="Product Image"></a><p>AAOBOSI Meat Grinder, 4-In-1 Meat Grinder Electric [2800W Max] with 3 Slice, Shred Blades,2 Blades,4 Plates,Sausage Stuffer,Kubbe Kit, for Home Kitchen Use, Stainless Steel</p><p> -9% 0FF </p><p>$99.99</p><a href="https://www.amazon.com/dp/B0DCVND85W?tag=eloabder-20&linkCode=osi&th=1&psc=1">View Product</a></div><div class="product"><a href="https://www.amazon.com/dp/B08GHFBX7P?tag=eloabder-20&linkCode=osi&th=1&psc=1"><img src="https://m.media-amazon.com/images/I/41go97GVl0L._SL500_.jpg" alt="Product Image"></a><p>Electric Meat Grinder, Heavy Duty Meat Mincer, Sausage Stuffer Maker, Food Grinder with Sausage & Kubbe Kit, 2 Grinder Plates, Stainless Steel (Black)</p><p> -22% 0FF </p><p>$69.99</p><a href="https://www.amazon.com/dp/B08GHFBX7P?tag=eloabder-20&linkCode=osi&th=1&psc=1">View Product</a></div>
<div class="product"><a href="https://www.amazon.com/dp/B0BXXKFJK2?tag=eloabder-20&linkCode=osi&th=1&psc=1"><img src="https://m.media-amazon.com/images/I/41WmZf5IgvL._SL500_.jpg" alt="Product Image"></a><p>Silonn Ice Maker Countertop, Portable Ice Machine with Carry Handle, Self-Cleaning Ice Makers with Basket and Scoop, 9 Cubes in 6 Mins, 26 lbs per Day, Ideal for Home, Kitchen, Camping, RV</p><p> -6% 0FF </p><p>$103.02</p><a href="https://www.amazon.com/dp/B0BXXKFJK2?tag=eloabder-20&linkCode=osi&th=1&psc=1">View Product</a></div><div class="product"><a href="https://www.amazon.com/dp/B0DBHN7WSN?tag=eloabder-20&linkCode=osi&th=1&psc=1"><img src="https://m.media-amazon.com/images/I/411SrTdFoYL._SL500_.jpg" alt="Product Image"></a><p>Nugget Ice Makers Countertop with Soft Chewable Pellet Ice, 7 Mins Ice Making, 35.5Lbs/24Hrs, Pebble Ice Maker Machine with Self-Cleaning/Ice Basket/Ice Scoop for Home/Office/Bar, Black</p><p> -12% 0FF </p><p>$149.00</p><a href="https://www.amazon.com/dp/B0DBHN7WSN?tag=eloabder-20&linkCode=osi&th=1&psc=1">View Product</a></div><div class="product"><a href="https://www.amazon.com/dp/B08ZYJ8CRX?tag=eloabder-20&linkCode=osi&th=1&psc=1"><img src="https://m.media-amazon.com/images/I/41oHlJFaHrL._SL500_.jpg" alt="Product Image"></a><p>Silonn Ice Maker Countertop, 9 Cubes Ready in 6 Mins, 26lbs in 24Hrs, Self-Cleaning Ice Machine with Ice Scoop and Basket, 2 Sizes of Bullet Ice for Home Kitchen Office Bar Party</p><p> -23% 0FF </p><p>$84.98</p><a href="https://www.amazon.com/dp/B08ZYJ8CRX?tag=eloabder-20&linkCode=osi&th=1&psc=1">View Product</a></div><div class="product"><a href="https://www.amazon.com/dp/B0964BF4N7?tag=eloabder-20&linkCode=osi&th=1&psc=1"><img src="https://m.media-amazon.com/images/I/41P6Pg4IlDL._SL500_.jpg" alt="Product Image"></a><p>GE Profile Opal 2.0 with 0.75 Gallon Tank, Chewable Crunchable Countertop Nugget Ice Maker, Scoop included, 38 lbs in 24 hours, Pellet Ice Machine with WiFi & Smart Connected, Stainless Steel</p><p> -19% 0FF </p><p>$487.00</p><a href="https://www.amazon.com/dp/B0964BF4N7?tag=eloabder-20&linkCode=osi&th=1&psc=1">View Product</a></div><div class="product"><a href="https://www.amazon.com/dp/B004VV8GOQ?tag=eloabder-20&linkCode=osi&th=1&psc=1"><img src="https://m.media-amazon.com/images/I/417MZhHcvfL._SL500_.jpg" alt="Product Image"></a><p>Frigidaire EFIC103-AMZ-SC Counter Top Maker with Over-Sized Ice Bucket, Stainless Steel, Self Cleaning Function, Heavy Duty, Stainless</p><p> -31% 0FF </p><p>$89.96</p><a href="https://www.amazon.com/dp/B004VV8GOQ?tag=eloabder-20&linkCode=osi&th=1&psc=1">View Product</a></div><div class="product"><a href="https://www.amazon.com/dp/B0CNVL19YJ?tag=eloabder-20&linkCode=osi&th=1&psc=1"><img src="https://m.media-amazon.com/images/I/415SM2A141L._SL500_.jpg" alt="Product Image"></a><p>AGLUCKY Ice Makers Countertop with Handle,26.5Lbs/24H,9 Cubes in 6 Mins,2 Sizes of Bullet Ice,Portable Ice Maker Machine with Self-Cleaning,Perfect for Home Kitchen(Black)</p><p> -11% 0FF </p><p>$79.99</p><a href="https://www.amazon.com/dp/B0CNVL19YJ?tag=eloabder-20&linkCode=osi&th=1&psc=1">View Product</a></div><div class="product"><a href="https://www.amazon.com/dp/B0BPSW1K11?tag=eloabder-20&linkCode=osi&th=1&psc=1"><img src="https://m.media-amazon.com/images/I/41+T7GsSO2L._SL500_.jpg" alt="Product Image"></a><p>Countertop Ice Maker, Ice Maker Machine 6 Mins 9 Ice, 26.5lbs/24Hrs, Portable Ice Maker Machine with Self-Cleaning, Ice Scoop, and Basket, Compact Ice Maker for Home/Kitchen/Office/Party</p><p> -10% 0FF </p><p>$89.99</p><a href="https://www.amazon.com/dp/B0BPSW1K11?tag=eloabder-20&linkCode=osi&th=1&psc=1">View Product</a></div>
<div class="product"><a href="https://www.amazon.com/dp/B08K93NJP8?tag=eloabder-20&linkCode=osi&th=1&psc=1"><img src="https://m.media-amazon.com/images/I/41RhvK8Yd4L._SL500_.jpg" alt="Product Image"></a><p>ROVSUN 18 Bottle Wine Fridge, Freestanding Compressor Wine Cooler Refrigerator, Beverage Wine Chiller with Digital Temperature Control & Double-layer Glass Door for Red White Wine, Champagne, Beer</p><p> -11% 0FF </p><p>$169.99</p><a href="https://www.amazon.com/dp/B08K93NJP8?tag=eloabder-20&linkCode=osi&th=1&psc=1">View Product</a></div><div class="product"><a href="https://www.amazon.com/dp/B00QSJRSM0?tag=eloabder-20&linkCode=osi&th=1&psc=1"><img src="https://m.media-amazon.com/images/I/31Ugidkf02L._SL500_.jpg" alt="Product Image"></a><p>Koolatron 6 Bottle Refrigerator Black Thermoelectric Wine cooler Freestanding Wine Cellar Red White and Sparkling Wine fridge Ideal for Small Kitchens Apartments RVs</p><p> -35% 0FF </p><p>$129.99</p><a href="https://www.amazon.com/dp/B00QSJRSM0?tag=eloabder-20&linkCode=osi&th=1&psc=1">View Product</a></div><div class="product"><a href="https://www.amazon.com/dp/B00QSJRR4Y?tag=eloabder-20&linkCode=osi&th=1&psc=1"><img src="https://m.media-amazon.com/images/I/41UPTwoGc7L._SL500_.jpg" alt="Product Image"></a><p>Koolatron 20 Bottle Refrigerator Wine Cooler Black Thermoelectric Wine Fridge Under Counter Wine Cellar for Red White Sparkling Wine Storage in Home Bar Apartment</p><p> -33% 0FF </p><p>$199.99</p><a href="https://www.amazon.com/dp/B00QSJRR4Y?tag=eloabder-20&linkCode=osi&th=1&psc=1">View Product</a></div><div class="product"><a href="https://www.amazon.com/dp/B0CQYFQKFX?tag=eloabder-20&linkCode=osi&th=1&psc=1"><img src="https://m.media-amazon.com/images/I/41ckgpC+TLL._SL500_.jpg" alt="Product Image"></a><p>Kalamera Mini Fridge 24” Beverage and Wine Cooler Built-in or Freestanding - 118 Cans & 16 Bottles Capacity Wine Refrigerator Cooler</p><p> -20% 0FF </p><p>$479.98</p><a href="https://www.amazon.com/dp/B0CQYFQKFX?tag=eloabder-20&linkCode=osi&th=1&psc=1">View Product</a></div>
<div class="product"><a href="https://www.amazon.com/dp/B0CHW317SG?tag=eloabder-20&linkCode=osi&th=1&psc=1"><img src="https://m.media-amazon.com/images/I/41KZKC5wMwL._SL500_.jpg" alt="Product Image"></a><p>EUHOMY 48 Can Beverage Refrigerator cooler-Mini Fridge Glass Door for Beer Drinks Wines, Countertop Beverage Fridge with Adjustable Shelves Blue LED for Home/Office/Dorm/Bar, 1.3 cu.ft</p><p> -20% 0FF </p><p>$116.09</p><a href="https://www.amazon.com/dp/B0CHW317SG?tag=eloabder-20&linkCode=osi&th=1&psc=1">View Product</a></div><div class="product"><a href="https://www.amazon.com/dp/B0DGLF3KJY?tag=eloabder-20&linkCode=osi&th=1&psc=1"><img src="https://m.media-amazon.com/images/I/51GSGBxBzSL._SL500_.jpg" alt="Product Image"></a><p>Zibbizo Upgraded Mini Fridge for Bedroom 3.2 Cu.Ft Small Refrigerator with Freezer for Dorm Office, Compact Single Door Adjustable Thermostat Low Noise, 17.5" D x 17.7" W x 31.5" H, Black</p><p> -10% 0FF </p><p>$134.99</p><a href="https://www.amazon.com/dp/B0DGLF3KJY?tag=eloabder-20&linkCode=osi&th=1&psc=1">View Product</a></div><div class="product"><a href="https://www.amazon.com/dp/B08NQ5CPPG?tag=eloabder-20&linkCode=osi&th=1&psc=1"><img src="https://m.media-amazon.com/images/I/31t78TW8XCL._SL500_.jpg" alt="Product Image"></a><p>Frigidaire EFMIS175 Retro 9-Can Mini Personal Fridge Portable Cooler for Car, Office, Bedroom, Dorm Room, or Cabin, 11.8"D x 7.1"W x 10.1"H, Pink</p><p> -17% 0FF </p><p>$33.13</p><a href="https://www.amazon.com/dp/B08NQ5CPPG?tag=eloabder-20&linkCode=osi&th=1&psc=1">View Product</a></div><div class="product"><a href="https://www.amazon.com/dp/B09DTM1NZW?tag=eloabder-20&linkCode=osi&th=1&psc=1"><img src="https://m.media-amazon.com/images/I/311losY-FFL._SL500_.jpg" alt="Product Image"></a><p>FRIGIDAIRE Black EFR176- AMZ Retro Mini Refrigerator-Energy Saving-Adjustable Thermostat Control-Side Mounted Bottle Opener-Ideal for Dorm, Office, RV, Garage, Apartment 1.6 Cubic Feet</p><p> -12% 0FF </p><p>$123.14</p><a href="https://www.amazon.com/dp/B09DTM1NZW?tag=eloabder-20&linkCode=osi&th=1&psc=1">View Product</a></div>
<div class="product"><a href="https://www.amazon.com/dp/B000EW7LGA?tag=eloabder-20&linkCode=osi&th=1&psc=1"><img src="https://m.media-amazon.com/images/I/31RD0Qf0CyL._SL500_.jpg" alt="Product Image"></a><p>InSinkErator Badger 5XP Garbage Disposal, Standard Series 3/4 HP Continuous Feed Food Waste Disposer, Black / Stainless</p><p> -56% 0FF </p><p>$119.99</p><a href="https://www.amazon.com/dp/B000EW7LGA?tag=eloabder-20&linkCode=osi&th=1&psc=1">View Product</a></div><div class="product"><a href="https://www.amazon.com/dp/B000LNIK6C?tag=eloabder-20&linkCode=osi&th=1&psc=1"><img src="https://m.media-amazon.com/images/I/41r60mVDVjL._SL500_.jpg" alt="Product Image"></a><p>Waste King 1/2 HP Garbage Disposal with Power Cord for Kitchen Sink Food Waste, L-1001</p><p> -11% 0FF </p><p>$78.03</p><a href="https://www.amazon.com/dp/B000LNIK6C?tag=eloabder-20&linkCode=osi&th=1&psc=1">View Product</a></div><div class="product"><a href="https://www.amazon.com/dp/B00004U9JO?tag=eloabder-20&linkCode=osi&th=1&psc=1"><img src="https://m.media-amazon.com/images/I/31rMP7d81sL._SL500_.jpg" alt="Product Image"></a><p>InSinkErator Badger 5 Garbage Disposal, Standard Series 1/2 HP Continuous Feed Food Waste Disposer, Black, Set of 1</p><p> -41% 0FF </p><p>$115.96</p><a href="https://www.amazon.com/dp/B00004U9JO?tag=eloabder-20&linkCode=osi&th=1&psc=1">View Product</a></div><div class="product"><a href="https://www.amazon.com/dp/B0CDMH8PVY?tag=eloabder-20&linkCode=osi&th=1&psc=1"><img src="https://m.media-amazon.com/images/I/31LFQmfgZHL._SL500_.jpg" alt="Product Image"></a><p>InSinkErator EVOLUTION 0.75HP 3/4 HP, Advanced Series EZ Connect Continuous Feed Food Waste Garbage Disposal, Gray</p><p> -41% 0FF </p><p>$235.42</p><a href="https://www.amazon.com/dp/B0CDMH8PVY?tag=eloabder-20&linkCode=osi&th=1&psc=1">View Product</a></div><div class="product"><a href="https://www.amazon.com/dp/B0CDMH72DY?tag=eloabder-20&linkCode=osi&th=1&psc=1"><img src="https://m.media-amazon.com/images/I/311HrVUr9jL._SL500_.jpg" alt="Product Image"></a><p>InSinkErator Power 1HP, 1 HP Garbage Disposal, Power Series EZ Connect Continuous Feed Food Waste Disposer, Black</p><p> -44% 0FF </p><p>$199.36</p><a href="https://www.amazon.com/dp/B0CDMH72DY?tag=eloabder-20&linkCode=osi&th=1&psc=1">View Product</a></div>
<div class="product"><a href="https://www.amazon.com/dp/B07RSZSYNC?tag=eloabder-20&linkCode=osi&th=1&psc=1"><img src="https://m.media-amazon.com/images/I/41R-l5eAIuL._SL500_.jpg" alt="Product Image"></a><p>LEVOIT Core 300-P Air Purifier Replacement Filter, 3-In-1 Filter, Efficiency Activated Carbon, Core 300-RF, 1 Pack, White</p><p> -20% 0FF </p><p>$23.99</p><a href="https://www.amazon.com/dp/B07RSZSYNC?tag=eloabder-20&linkCode=osi&th=1&psc=1">View Product</a></div>
<div class="product"><a href="https://www.amazon.com/dp/B07T2TYPSB?tag=eloabder-20&linkCode=osi&th=1&psc=1"><img src="https://m.media-amazon.com/images/I/41ZBBLMHatL._SL500_.jpg" alt="Product Image"></a><p>Schneider Industries Micro Vacuum Attachment 7 Piece Kit</p><p> -37% 0FF </p><p>$8.87</p><a href="https://www.amazon.com/dp/B07T2TYPSB?tag=eloabder-20&linkCode=osi&th=1&psc=1">View Product</a></div><div class="product"><a href="https://www.amazon.com/dp/B000BSJCLY?tag=eloabder-20&linkCode=osi&th=1&psc=1"><img src="https://m.media-amazon.com/images/I/41AoF04bprL._SL500_.jpg" alt="Product Image"></a><p>Schneider Industries Micro Vacuum Attachment 7 Piece Kit, 0.5 Liters, Black</p><p> -27% 0FF </p><p>$9.95</p><a href="https://www.amazon.com/dp/B000BSJCLY?tag=eloabder-20&linkCode=osi&th=1&psc=1">View Product</a></div><div class="product"><a href="https://www.amazon.com/dp/B0CRN52G7Z?tag=eloabder-20&linkCode=osi&th=1&psc=1"><img src="https://m.media-amazon.com/images/I/41DuITrcwkL._SL500_.jpg" alt="Product Image"></a><p>KUIFORTI Ironing Board Covers Standard Size Cute Sewing Machine Pattern Ironing Board Covers with Padding Novelty Gifts for Tailor Seamstress Iron Board Cover Replacement</p><p> -19% 0FF </p><p>$12.99</p><a href="https://www.amazon.com/dp/B0CRN52G7Z?tag=eloabder-20&linkCode=osi&th=1&psc=1">View Product</a></div><div class="product"><a href="https://www.amazon.com/dp/B09LM5F3TM?tag=eloabder-20&linkCode=osi&th=1&psc=1"><img src="https://m.media-amazon.com/images/I/31V8xl2YzoL._SL500_.jpg" alt="Product Image"></a><p>JUKI A9838-090-0A0 JUKI Professional Sewing Machine Zipper Press</p><p> -5% 0FF </p><p>$9.48</p><a href="https://www.amazon.com/dp/B09LM5F3TM?tag=eloabder-20&linkCode=osi&th=1&psc=1">View Product</a></div>
<div class="product"><a href="https://www.amazon.com/dp/B0932K1LR7?tag=eloabder-20&linkCode=osi&th=1&psc=1"><img src="https://m.media-amazon.com/images/I/21feg31K-AS._SL500_.jpg" alt="Product Image"></a><p>LG Styler Steam Closet | Clothes Steamer for Garments and Household Item Care | Sanitize, Deodorize, Freshen & Dry with Steam Technology & Moving Hangers| Easy Install | Wi-Fi enabled| Mirror (S3MFBN)</p><p> -12% 0FF </p><p>$1,495.00</p><a href="https://www.amazon.com/dp/B0932K1LR7?tag=eloabder-20&linkCode=osi&th=1&psc=1">View Product</a></div><div class="product"><a href="https://www.amazon.com/dp/B0CDN1RB64?tag=eloabder-20&linkCode=osi&th=1&psc=1"><img src="https://m.media-amazon.com/images/I/31piNYNA75L._SL500_.jpg" alt="Product Image"></a><p>LG Styler Steam Closet with TrueSteam Technology and Exclusive Moving Hangers (S5WBC), Cream White</p><p> -32% 0FF </p><p>$1,298.00</p><a href="https://www.amazon.com/dp/B0CDN1RB64?tag=eloabder-20&linkCode=osi&th=1&psc=1">View Product</a></div><div class="product"><a href="https://www.amazon.com/dp/B0C55F8L9V?tag=eloabder-20&linkCode=osi&th=1&psc=1"><img src="https://m.media-amazon.com/images/I/31WVZxkPdLL._SL500_.jpg" alt="Product Image"></a><p>Garment Steamer Ironing Gloves and Garment hanger for steaming clothes,Steam rack for clothes,Handheld garment steamer rack,Clothes hanger for steam ironing</p><p> -10% 0FF </p><p>$26.99</p><a href="https://www.amazon.com/dp/B0C55F8L9V?tag=eloabder-20&linkCode=osi&th=1&psc=1">View Product</a></div>

<div class="product"><a href="https://www.amazon.com/dp/B0C2CJWJKJ?tag=eloabder-20&linkCode=osi&th=1&psc=1"><img src="https://m.media-amazon.com/images/I/51RVoLJhhmL._SL500_.jpg" alt="Product Image"></a><p>Metal Pasta Maker Attachment for KitchenAid Mixers -Kitchen aid Mixer Accessories Pasta Attachment 3-in-1 Includes Pasta Roller, Spaghetti Cutter, and Fettuccine Cutter</p><p> -11% 0FF </p><p>$79.99</p><a href="https://www.amazon.com/dp/B0C2CJWJKJ?tag=eloabder-20&linkCode=osi&th=1&psc=1">View Product</a></div><div class="product"><a href="https://www.amazon.com/dp/B01ENK4UV2?tag=eloabder-20&linkCode=osi&th=1&psc=1"><img src="https://m.media-amazon.com/images/I/314A-DNnPtL._SL500_.jpg" alt="Product Image"></a><p>KitchenAid KSMPEXTA Gourmet Pasta Press Attachment with 6 Interchangeable Pasta Plates, White</p><p> -23% 0FF </p><p>$169.99</p><a href="https://www.amazon.com/dp/B01ENK4UV2?tag=eloabder-20&linkCode=osi&th=1&psc=1">View Product</a></div><div class="product"><a href="https://www.amazon.com/dp/B0D41P1V2X?tag=eloabder-20&linkCode=osi&th=1&psc=1"><img src="https://m.media-amazon.com/images/I/41HVCvDVCtL._SL500_.jpg" alt="Product Image"></a><p>FavorKit Pasta Maker Attachment 3 in 1 Set Compatible for KitchenAid Mixers Plus Hub Knob Screw Accessory Included Pasta Sheet Roller, Spaghetti Cutter, Fettuccine Cutter and Cleaning Brush</p><p> -45% 0FF </p><p>$59.99</p><a href="https://www.amazon.com/dp/B0D41P1V2X?tag=eloabder-20&linkCode=osi&th=1&psc=1">View Product</a></div><div class="product"><a href="https://www.amazon.com/dp/B08LX43YVF?tag=eloabder-20&linkCode=osi&th=1&psc=1"><img src="https://m.media-amazon.com/images/I/311wopN+2tL._SL500_.jpg" alt="Product Image"></a><p>Cuisinart Bread, Pasta & Dough Maker Machine, White, PM-1</p><p> -28% 0FF </p><p>$143.99</p><a href="https://www.amazon.com/dp/B08LX43YVF?tag=eloabder-20&linkCode=osi&th=1&psc=1">View Product</a></div><div class="product"><a href="https://www.amazon.com/dp/B0DJMC1XJ8?tag=eloabder-20&linkCode=osi&th=1&psc=1"><img src="https://m.media-amazon.com/images/I/31xmE4brazL._SL500_.jpg" alt="Product Image"></a><p>Pasta Maker Attachment for KitchenAid Stand Mixers with 6 Different Shapes of Pasta Outlet, Durable Pasta Press Attachments</p><p> -44% 0FF </p><p>$49.99</p><a href="https://www.amazon.com/dp/B0DJMC1XJ8?tag=eloabder-20&linkCode=osi&th=1&psc=1">View Product</a></div>
<div class="product"><a href="https://www.amazon.com/dp/B0BQ9F56WV?tag=eloabder-20&linkCode=osi&th=1&psc=1"><img src="https://m.media-amazon.com/images/I/41B6Pr8rUVL._SL500_.jpg" alt="Product Image"></a><p>Anova Culinary Sous Vide Precision Cooker 3.0 (WiFi), 1100 Watts</p><p> -40% 0FF </p><p>$119.00</p><a href="https://www.amazon.com/dp/B0BQ9F56WV?tag=eloabder-20&linkCode=osi&th=1&psc=1">View Product</a></div><div class="product"><a href="https://www.amazon.com/dp/B09BJ5VGM4?tag=eloabder-20&linkCode=osi&th=1&psc=1"><img src="https://m.media-amazon.com/images/I/31lWAHFnoYL._SL500_.jpg" alt="Product Image"></a><p>Sous Vide Machines, Immersion Circulators, Precision Cooker, with Recipe,Temperature and Time Digital Display Control, 1000W</p><p> -17% 0FF </p><p>$49.77</p><a href="https://www.amazon.com/dp/B09BJ5VGM4?tag=eloabder-20&linkCode=osi&th=1&psc=1">View Product</a></div><div class="product"><a href="https://www.amazon.com/dp/B07RNWJZNR?tag=eloabder-20&linkCode=osi&th=1&psc=1"><img src="https://m.media-amazon.com/images/I/51RpzG8PCdL._SL500_.jpg" alt="Product Image"></a><p>Inkbird WIFI Sous Vide Machine ISV-100W, 1000 Watts Sous-Vide Cooker Immersion Circulator with 14 Preset Recipes on APP & Calibration Function, Thermal Immersion, Fast-Heating with Timer |Best Gift</p><p> -21% 0FF </p><p>$69.49</p><a href="https://www.amazon.com/dp/B07RNWJZNR?tag=eloabder-20&linkCode=osi&th=1&psc=1">View Product</a></div><div class="product"><a href="https://www.amazon.com/dp/B07QFC6LN6?tag=eloabder-20&linkCode=osi&th=1&psc=1"><img src="https://m.media-amazon.com/images/I/41XFRVF7U4L._SL500_.jpg" alt="Product Image"></a><p>Anova Culinary Sous Vide Precision Cooker Pro, 1200 Watts, Black and Silver</p><p> -42% 0FF </p><p>$231.50</p><a href="https://www.amazon.com/dp/B07QFC6LN6?tag=eloabder-20&linkCode=osi&th=1&psc=1">View Product</a></div><div class="product"><a href="https://www.amazon.com/dp/B0C384T4P2?tag=eloabder-20&linkCode=osi&th=1&psc=1"><img src="https://m.media-amazon.com/images/I/217eMQhOaUL._SL500_.jpg" alt="Product Image"></a><p>Breville the Joule Turbo Sous Vide Machine, Sous Vide Cooker, Immersion Circulator, BSV600PSS, Polished Stainless Steel</p><p> -20% 0FF </p><p>$199.99</p><a href="https://www.amazon.com/dp/B0C384T4P2?tag=eloabder-20&linkCode=osi&th=1&psc=1">View Product</a></div><div class="product"><a href="https://www.amazon.com/dp/B08S316BZ8?tag=eloabder-20&linkCode=osi&th=1&psc=1"><img src="https://m.media-amazon.com/images/I/419Nj871gPL._SL500_.jpg" alt="Product Image"></a><p>Greater Goods Kitchen Sous Vide Machine - Precision Cooker, Immersion Circulator, Brushless Motor, 1100 Watts (Onyx Black)</p><p> -23% 0FF </p><p>$99.99</p><a href="https://www.amazon.com/dp/B08S316BZ8?tag=eloabder-20&linkCode=osi&th=1&psc=1">View Product</a></div><div class="product"><a href="https://www.amazon.com/dp/B0BK12LRCM?tag=eloabder-20&linkCode=osi&th=1&psc=1"><img src="https://m.media-amazon.com/images/I/415kAnZQbQL._SL500_.jpg" alt="Product Image"></a><p>KitchenBoss WIFI Sous Vide Cooker: Ultra-Quiet Sous-vide Cooking Machine 1100 Watts Stainless Steel Immersion Circulator for Kitchen with TFT Preset Recipes, Black</p><p> -24% 0FF </p><p>$135.99</p><a href="https://www.amazon.com/dp/B0BK12LRCM?tag=eloabder-20&linkCode=osi&th=1&psc=1">View Product</a></div>
<div class="product"><a href="https://www.amazon.com/dp/B089DCC9JR?tag=eloabder-20&linkCode=osi&th=1&psc=1"><img src="https://m.media-amazon.com/images/I/413t3P7zaRL._SL500_.jpg" alt="Product Image"></a><p>Navaris Electric Plate Warmer - 10 Plate Blanket Heater Pockets for Warming Dinner Plates to 165 Degrees in 10 Minutes - Thin Folding Design - Black</p><p> -8% 0FF </p><p>$33.99</p><a href="https://www.amazon.com/dp/B089DCC9JR?tag=eloabder-20&linkCode=osi&th=1&psc=1">View Product</a></div>
<div class="product"><a href="https://www.amazon.com/dp/B0C1N9PFXT?tag=eloabder-20&linkCode=osi&th=1&psc=1"><img src="https://m.media-amazon.com/images/I/51iiV--e5wL._SL500_.jpg" alt="Product Image"></a><p>Christmas Stove Top Covers, Extra Large Stove Top Cover for Electric, Anti-Slip Waterproof Mat for Glass Stove Top Protector Heat Resistant Square Pad Multipurpose Foldable Cooktop Cover</p><p> -8% 0FF </p><p>$23.99</p><a href="https://www.amazon.com/dp/B0C1N9PFXT?tag=eloabder-20&linkCode=osi&th=1&psc=1">View Product</a></div>

<div class="product"><a href="https://www.amazon.com/dp/B0932ZV12J?tag=eloabder-20&linkCode=osi&th=1&psc=1"><img src="https://m.media-amazon.com/images/I/41qhisDRAIL._SL500_.jpg" alt="Product Image"></a><p>TP01 True HEPA Replacement Filter Compatible with Dyson Tower Purifier Pure Cool Link TP01, TP02, TP03, AM11, BP01 Models, Compare to Part 968126-03, 2 Pack</p><p> -15% 0FF </p><p>$27.95 ($13.98 / Count)</p><a href="https://www.amazon.com/dp/B0932ZV12J?tag=eloabder-20&linkCode=osi&th=1&psc=1">View Product</a></div><div class="product"><a href="https://www.amazon.com/dp/B0D6D5Q5L2?tag=eloabder-20&linkCode=osi&th=1&psc=1"><img src="https://m.media-amazon.com/images/I/21URyRtgElL._SL500_.jpg" alt="Product Image"></a><p>Lasko Filter Replacement 3 Pack for DST100 Pinnacle Tower Fan, Plant-Based Filters, Remove Hair, Dust, VOCs and Odors from Home, Black, 21”, CXF42</p><p> -9% 0FF </p><p>$13.57 ($4.52 / Count)</p><a href="https://www.amazon.com/dp/B0D6D5Q5L2?tag=eloabder-20&linkCode=osi&th=1&psc=1">View Product</a></div><div class="product"><a href="https://www.amazon.com/dp/B0C16KXRNH?tag=eloabder-20&linkCode=osi&th=1&psc=1"><img src="https://m.media-amazon.com/images/I/41WJFefZ4ZL._SL500_.jpg" alt="Product Image"></a><p>Amalfy 2 Pack of 360° Glass HEPA Filter Replacement Compatible with Dyson Pure Cool Link TP01/TP02 Purifying Tower Fan, Dyson Pure Cool Me BP01 Personal Purifying Fan</p><p> -7% 0FF </p><p>$26.88 ($13.44 / Count)</p><a href="https://www.amazon.com/dp/B0C16KXRNH?tag=eloabder-20&linkCode=osi&th=1&psc=1">View Product</a></div><div class="product"><a href="https://www.amazon.com/dp/B0BR59XXWM?tag=eloabder-20&linkCode=osi&th=1&psc=1"><img src="https://m.media-amazon.com/images/I/41tUzZA5emL._SL500_.jpg" alt="Product Image"></a><p>Netezza TP01 HEPA Filter for Dyson,Replacement Filter for Dyson Tower Purifier Pure Cool Link TP01, TP02, TP03, AM11, BP01 Tower Air Purifier, Compare to Part 968126-03,2 Pack</p><p> -20% 0FF </p><p>$21.99 ($11.00 / Count)</p><a href="https://www.amazon.com/dp/B0BR59XXWM?tag=eloabder-20&linkCode=osi&th=1&psc=1">View Product</a></div>
<div class="product"><a href="https://www.amazon.com/dp/B07NQ7SX96?tag=eloabder-20&linkCode=osi&th=1&psc=1"><img src="https://m.media-amazon.com/images/I/31Mp+dZaF4L._SL500_.jpg" alt="Product Image"></a><p>Lutron Pico Smart Remote for Caseta Smart Fan Speed Control, PJ2-3BRL-GIV-F01, Ivory</p><p> -25% 0FF </p><p>$25.45</p><a href="https://www.amazon.com/dp/B07NQ7SX96?tag=eloabder-20&linkCode=osi&th=1&psc=1">View Product</a></div>
<div class="product"><a href="https://www.amazon.com/dp/B08G1MTK16?tag=eloabder-20&linkCode=osi&th=1&psc=1"><img src="https://m.media-amazon.com/images/I/41SAcC6OyGL._SL500_.jpg" alt="Product Image"></a><p>Dotlite Bronze Ceiling Fan Pull Chain Set, Decorative Fan Pull Chain Pendant Extension, 12 Inches Lighting & Fan Beaded Ball Chain Extender with Connector (2 Pack)</p><p> -30% 0FF </p><p>$6.99 ($3.50 / Count)</p><a href="https://www.amazon.com/dp/B08G1MTK16?tag=eloabder-20&linkCode=osi&th=1&psc=1">View Product</a></div>
<div class="product"><a href="https://www.amazon.com/dp/B0924J3XJ5?tag=eloabder-20&linkCode=osi&th=1&psc=1"><img src="https://m.media-amazon.com/images/I/21TiicLaafL._SL500_.jpg" alt="Product Image"></a><p>Comfee' CVU30W2AST 30 Inch Ducted Ductless Vent Durable Stainless Steel Kitchen Reusable Filter, 200 CFM, 2 Speed Exhaust Fan Under Cabinet Range Hood</p><p> -22% 0FF </p><p>$69.99</p><a href="https://www.amazon.com/dp/B0924J3XJ5?tag=eloabder-20&linkCode=osi&th=1&psc=1">View Product</a></div><div class="product"><a href="https://www.amazon.com/dp/B00QW2CUGC?tag=eloabder-20&linkCode=osi&th=1&psc=1"><img src="https://m.media-amazon.com/images/I/51evCHlA3yL._SL500_.jpg" alt="Product Image"></a><p>Broan-NuTone S97012026 Fan</p><p> -32% 0FF </p><p>$33.99</p><a href="https://www.amazon.com/dp/B00QW2CUGC?tag=eloabder-20&linkCode=osi&th=1&psc=1">View Product</a></div><div class="product"><a href="https://www.amazon.com/dp/B09JZZJ2Y1?tag=eloabder-20&linkCode=osi&th=1&psc=1"><img src="https://m.media-amazon.com/images/I/41fdKM9nvxL._SL500_.jpg" alt="Product Image"></a><p>Broan-NuTone PM300SS Custom Power Pack Range Hood Insert with 2-Speed Exhaust Fan and Light, 300 Max Blower CFM, Stainless Steel, 21-Inch Built</p><p> -7% 0FF </p><p>$203.10</p><a href="https://www.amazon.com/dp/B09JZZJ2Y1?tag=eloabder-20&linkCode=osi&th=1&psc=1">View Product</a></div><div class="product"><a href="https://www.amazon.com/dp/B000KKO6E6?tag=eloabder-20&linkCode=osi&th=1&psc=1"><img src="https://m.media-amazon.com/images/I/31t4veALoUL._SL500_.jpg" alt="Product Image"></a><p>Broan-NuTone F403623 Exhaust Fan for Under Cabinet Two-Speed Four-Way Range Hood, 36-Inch, Black</p><p> -15% 0FF </p><p>$79.54</p><a href="https://www.amazon.com/dp/B000KKO6E6?tag=eloabder-20&linkCode=osi&th=1&psc=1">View Product</a></div>
<div class="product"><a href="https://www.amazon.com/dp/B07FDJMC9Q?tag=eloabder-20&linkCode=osi&th=1&psc=1"><img src="https://m.media-amazon.com/images/I/31MBSKiZOPL._SL500_.jpg" alt="Product Image"></a><p>Ninja Air Fryer, Roast, Bake, Air Fry, Roast, Broil, Reheats, & Dehydrates, 4-in-1, Fries, Frozen Food, Veggies, and Juicy Meat, Less Oil, Easy Meals, Healthy Meals, Compact, 4 QT, Grey, AF101</p><p> -11% 0FF </p><p>$79.99</p><a href="https://www.amazon.com/dp/B07FDJMC9Q?tag=eloabder-20&linkCode=osi&th=1&psc=1">View Product</a></div><div class="product"><a href="https://www.amazon.com/dp/B0B15Q3HCQ?tag=eloabder-20&linkCode=osi&th=1&psc=1"><img src="https://m.media-amazon.com/images/I/41iJ87aPT8L._SL500_.jpg" alt="Product Image"></a><p>Ninja Air Fryer, Thermometer, Roast, Bake, Air Fry, Crisps, Broil, Reheats, Keep Warm, 10-in-1, Fries, Frozen Food, Veggies, and Meat, Quick Meals, Healthy Meals, Less Oil, 10 QT, Grey, DZ550​</p><p> -18% 0FF </p><p>$204.78</p><a href="https://www.amazon.com/dp/B0B15Q3HCQ?tag=eloabder-20&linkCode=osi&th=1&psc=1">View Product</a></div><div class="product"><a href="https://www.amazon.com/dp/B0BDFRZX3F?tag=eloabder-20&linkCode=osi&th=1&psc=1"><img src="https://m.media-amazon.com/images/I/41pyLTPPKOL._SL500_.jpg" alt="Product Image"></a><p>COSORI 2.1Qt Air Fryer, Small 4-in-1 Air Fryer Perfect for Simple Meals and Snack, Easy to Leftover Food to Crispy, 97% Less Oil, 30 In-App Recipes, Nonstick & Dishwasher Safe Basket</p><p> -17% 0FF </p><p>$49.99</p><a href="https://www.amazon.com/dp/B0BDFRZX3F?tag=eloabder-20&linkCode=osi&th=1&psc=1">View Product</a></div><div class="product"><a href="https://www.amazon.com/dp/B0936FGLQS?tag=eloabder-20&linkCode=osi&th=1&psc=1"><img src="https://m.media-amazon.com/images/I/41TKOcGeZzL._SL500_.jpg" alt="Product Image"></a><p>COSORI Air Fryer 9-in-1, Compact 5-Qt, Perect for Meat Enthusiasts with 450°F Max Heat Function , 130+ In-App Recipes, Little to No Oil, Easy Clean Glass Touch Panel & Nonstick Basket, Gray</p><p> -20% 0FF </p><p>$79.94</p><a href="https://www.amazon.com/dp/B0936FGLQS?tag=eloabder-20&linkCode=osi&th=1&psc=1">View Product</a></div><div class="product"><a href="https://www.amazon.com/dp/B0CGRYRBL7?tag=eloabder-20&linkCode=osi&th=1&psc=1"><img src="https://m.media-amazon.com/images/I/41jspc2TDCL._SL500_.jpg" alt="Product Image"></a><p>West Bend Compact Air Fryer 5-Quart Capacity with Digital Controls and 10 Cooking Presets, Nonstick Frying Basket, 1500-Watts, Black</p><p> -21% 0FF </p><p>$47.29</p><a href="https://www.amazon.com/dp/B0CGRYRBL7?tag=eloabder-20&linkCode=osi&th=1&psc=1">View Product</a></div><div class="product"><a href="https://www.amazon.com/dp/B08DKYBTPH?tag=eloabder-20&linkCode=osi&th=1&psc=1"><img src="https://m.media-amazon.com/images/I/51PO1kLlN6L._SL500_.jpg" alt="Product Image"></a><p>Chefman TurboFry® Touch Air Fryer, XL 8-Qt Family Size, One-Touch Digital Control Presets, French Fries, Chicken, Meat, Fish, Nonstick Dishwasher-Safe Parts, Automatic Shutoff, Stainless Steel</p><p> -29% 0FF </p><p>$84.98</p><a href="https://www.amazon.com/dp/B08DKYBTPH?tag=eloabder-20&linkCode=osi&th=1&psc=1">View Product</a></div>
<div class="product"><a href="https://www.amazon.com/dp/B000EX16RY?tag=eloabder-20&linkCode=osi&th=1&psc=1"><img src="https://m.media-amazon.com/images/I/41LqsX6dEML._SL500_.jpg" alt="Product Image"></a><p>Euro Cuisine YM80 Electric Yogurt Maker Machine- Promote Gut Health with Probiotic Rich Homemade Yogurt -Home Yogurt Incubator with Glass Jars, White</p><p> -40% 0FF </p><p>$29.99</p><a href="https://www.amazon.com/dp/B000EX16RY?tag=eloabder-20&linkCode=osi&th=1&psc=1">View Product</a></div><div class="product"><a href="https://www.amazon.com/dp/B085XS69L5?tag=eloabder-20&linkCode=osi&th=1&psc=1"><img src="https://m.media-amazon.com/images/I/41JEca97hnL._SL500_.jpg" alt="Product Image"></a><p>Bear Yogurt Maker, Greek Yogurt Maker Machine with Strainer and Timer Control, Stainless Steel Inner Pot, Automatic Digital with 2 Glass Jars 1 Quart for Home Organic Yogurt, Cheese, Fruit Wine</p><p> -19% 0FF </p><p>$64.99</p><a href="https://www.amazon.com/dp/B085XS69L5?tag=eloabder-20&linkCode=osi&th=1&psc=1">View Product</a></div><div class="product"><a href="https://www.amazon.com/dp/B09MP8BK8P?tag=eloabder-20&linkCode=osi&th=1&psc=1"><img src="https://m.media-amazon.com/images/I/41ORh3ZvMrL._SL500_.jpg" alt="Product Image"></a><p>JoyMech Yogurt Maker, Compact Greek Yogurt Maker Machine with Constant Temperature Control, Stainless Steel Container, 1 Quart for Home Organic Yogurt</p><p> -25% 0FF </p><p>$29.99</p><a href="https://www.amazon.com/dp/B09MP8BK8P?tag=eloabder-20&linkCode=osi&th=1&psc=1">View Product</a></div>
<div class="product"><a href="https://www.amazon.com/dp/B0BXSKHL8D?tag=eloabder-20&linkCode=osi&th=1&psc=1"><img src="https://m.media-amazon.com/images/I/419rzQjVpiL._SL500_.jpg" alt="Product Image"></a><p>Mesliese Vacuum Sealer Machine Powerful 90Kpa Precision 6-in-1 Compact Food Preservation System with Cutter, 2 Bag Rolls & 5 Pre-cut Bags, Widened 12mm Sealing Strip, Dry&Moist Modes (Silver)</p><p> -42% 0FF </p><p>$69.99</p><a href="https://www.amazon.com/dp/B0BXSKHL8D?tag=eloabder-20&linkCode=osi&th=1&psc=1">View Product</a></div><div class="product"><a href="https://www.amazon.com/dp/B08BRN1B7Q?tag=eloabder-20&linkCode=osi&th=1&psc=1"><img src="https://m.media-amazon.com/images/I/41B5yUrv3IL._SL500_.jpg" alt="Product Image"></a><p>POTANE Precision Vacuum Sealer Machine, Powerful Pro Vacuum Food Sealer, 8-in-1 Easy Presets, 4 Food Modes, Dry&Moist&Soft&Delicate with Starter Kit, Compact Design(Silver)</p><p> -29% 0FF </p><p>$84.98</p><a href="https://www.amazon.com/dp/B08BRN1B7Q?tag=eloabder-20&linkCode=osi&th=1&psc=1">View Product</a></div><div class="product"><a href="https://www.amazon.com/dp/B0CW2G9W1T?tag=eloabder-20&linkCode=osi&th=1&psc=1"><img src="https://m.media-amazon.com/images/I/51IAX5BLMkL._SL500_.jpg" alt="Product Image"></a><p>Bonsenkitchen Vacuum Sealer Machine, Fast-Compact Food Sealer, Multi-Functional Food Vacuum Sealer with 5 Vacuum Bags & Accessory Hose, Globefish Technology for High-Speed Continuous Working, Silver</p><p> -40% 0FF </p><p>$29.99</p><a href="https://www.amazon.com/dp/B0CW2G9W1T?tag=eloabder-20&linkCode=osi&th=1&psc=1">View Product</a></div><div class="product"><a href="https://www.amazon.com/dp/B0D8BB83Y1?tag=eloabder-20&linkCode=osi&th=1&psc=1"><img src="https://m.media-amazon.com/images/I/41pEdOT1LVL._SL500_.jpg" alt="Product Image"></a><p>Mesliese Vacuum Sealer Machine, 85kPa 120W Automatic Food Sealer, Powerful Sealing System, Build-in Cutter | Bags Storage | Moist Mode and Air Suction Hose | 2 Bag Rolls and 5pcs Pre-cut Bags</p><p> -23% 0FF </p><p>$99.99</p><a href="https://www.amazon.com/dp/B0D8BB83Y1?tag=eloabder-20&linkCode=osi&th=1&psc=1">View Product</a></div><div class="product"><a href="https://www.amazon.com/dp/B07B4W5PMB?tag=eloabder-20&linkCode=osi&th=1&psc=1"><img src="https://m.media-amazon.com/images/I/41c7aLA6wtL._SL500_.jpg" alt="Product Image"></a><p>GERYON Vacuum Sealer, Vacuum Sealer Machine for Food Storage with Sealer Bags & Roll, Automatic Food Sealer for Sous Vide, Compact Design, LED Lights, Easy to Clean, Dry & Moist Modes (Silver)</p><p> -15% 0FF </p><p>$35.70</p><a href="https://www.amazon.com/dp/B07B4W5PMB?tag=eloabder-20&linkCode=osi&th=1&psc=1">View Product</a></div><div class="product"><a href="https://www.amazon.com/dp/B01KCK9W1K?tag=eloabder-20&linkCode=osi&th=1&psc=1"><img src="https://m.media-amazon.com/images/I/41imUh6Fx+L._SL500_.jpg" alt="Product Image"></a><p>Nesco Deluxe Food VS-12 Vacuum Sealer, 130 Watts, Kit Bags & Viewing Lid, Compact, Silver</p><p> -18% 0FF </p><p>$114.69 ($114.69 / count)</p><a href="https://www.amazon.com/dp/B01KCK9W1K?tag=eloabder-20&linkCode=osi&th=1&psc=1">View Product</a></div><div class="product"><a href="https://www.amazon.com/dp/B08XJW5LHG?tag=eloabder-20&linkCode=osi&th=1&psc=1"><img src="https://m.media-amazon.com/images/I/51XpZ5cHWqL._SL500_.jpg" alt="Product Image"></a><p>2023 Updated Vacuum Sealer Machine, MEGAWISE Food Sealer w/Starter Kit, Dry & Moist Food Modes, Compact Design with 10 Vacuum Bags & Bulit-in Cutter(Grey)</p><p> -24% 0FF </p><p>$25.10</p><a href="https://www.amazon.com/dp/B08XJW5LHG?tag=eloabder-20&linkCode=osi&th=1&psc=1">View Product</a></div><div class="product"><a href="https://www.amazon.com/dp/B0DF7F9QNG?tag=eloabder-20&linkCode=osi&th=1&psc=1"><img src="https://m.media-amazon.com/images/I/51W8Bchue6L._SL500_.jpg" alt="Product Image"></a><p>BEYUAM Vacuum Sealer Machine: Upgraded 5 in1 Food Vacuum Sealer with Dry&Moist Modes, LED Indicator Lights, Compact Design, Includes 15PCS Vacuum Seal Bags,1 Air Suction Hose, 1Cutter</p><p> -30% 0FF </p><p>$20.99</p><a href="https://www.amazon.com/dp/B0DF7F9QNG?tag=eloabder-20&linkCode=osi&th=1&psc=1">View Product</a></div>
<div class="product"><a href="https://www.amazon.com/dp/B01AKTFK6Y?tag=eloabder-20&linkCode=osi&th=1&psc=1"><img src="https://m.media-amazon.com/images/I/31ayy5SDEeL._SL500_.jpg" alt="Product Image"></a><p>Avalon Bottom Loading Water Cooler Water Dispenser with BioGuard- 3 Temperature Settings - Hot, Cold & Room Water, Durable Stainless Steel Construction, Anti-Microbial Coating- UL Listed</p><p> -11% 0FF </p><p>$177.05</p><a href="https://www.amazon.com/dp/B01AKTFK6Y?tag=eloabder-20&linkCode=osi&th=1&psc=1">View Product</a></div><div class="product"><a href="https://www.amazon.com/dp/B06XJ86F7L?tag=eloabder-20&linkCode=osi&th=1&psc=1"><img src="https://m.media-amazon.com/images/I/41ZROGKK8KL._SL500_.jpg" alt="Product Image"></a><p>Avalon Self Cleaning Bottleless Water Cooler Water Dispenser - 3 Temperature Settings - Hot, Cold & Room Water, Durable Stainless Steel Cabinet, NSF Certified Filter- UL Listed</p><p> -33% 0FF </p><p>$199.99</p><a href="https://www.amazon.com/dp/B06XJ86F7L?tag=eloabder-20&linkCode=osi&th=1&psc=1">View Product</a></div><div class="product"><a href="https://www.amazon.com/dp/B01J1W7S34?tag=eloabder-20&linkCode=osi&th=1&psc=1"><img src="https://m.media-amazon.com/images/I/31-F2Hf3T3L._SL500_.jpg" alt="Product Image"></a><p>Avalon Limited Edition Self Cleaning Water Cooler Water Dispenser - 3 Temperature Settings - Hot, Cold & Room Water, Durable Stainless Steel Construction, Bottom Loading - UL Listed</p><p> -50% 0FF </p><p>$150.00</p><a href="https://www.amazon.com/dp/B01J1W7S34?tag=eloabder-20&linkCode=osi&th=1&psc=1">View Product</a></div><div class="product"><a href="https://www.amazon.com/dp/B0DK1BRVFH?tag=eloabder-20&linkCode=osi&th=1&psc=1"><img src="https://m.media-amazon.com/images/I/213Scb+FXHL._SL500_.jpg" alt="Product Image"></a><p>Tehanld Top Loading Water Cooler Dispenser Hot Cold & Cool Water Dispenser for 3 or 5 Gallon Bottles, Child Safety Lock, Simple Quite Design, Ideal for Home, Office, Living Room</p><p> -6% 0FF </p><p>$119.99</p><a href="https://www.amazon.com/dp/B0DK1BRVFH?tag=eloabder-20&linkCode=osi&th=1&psc=1">View Product</a></div>
<div class="product"><a href="https://www.amazon.com/dp/B0786TJC33?tag=eloabder-20&linkCode=osi&th=1&psc=1"><img src="https://m.media-amazon.com/images/I/41frLdkbpPL._SL500_.jpg" alt="Product Image"></a><p>hOmeLabs Beverage Refrigerator and Cooler - 120 Can Mini Fridge with Glass Door for Soda Beer or Wine - Small Drink Dispenser Machine for Office or Bar with Adjustable Removable Shelves</p><p> -14% 0FF </p><p>$299.99</p><a href="https://www.amazon.com/dp/B0786TJC33?tag=eloabder-20&linkCode=osi&th=1&psc=1">View Product</a></div><div class="product"><a href="https://www.amazon.com/dp/B07F9PH82Z?tag=eloabder-20&linkCode=osi&th=1&psc=1"><img src="https://m.media-amazon.com/images/I/41DBsObCijL._SL500_.jpg" alt="Product Image"></a><p>Antarctic Star 26 Bottle 130 Can Wine Cooler/Cabinet Beverage Refrigerator Mini Wine Cellar Beer Soda Clear Glass Door Bar Fridge Quiet Compressor Adjust Temp Freestanding Indoor Use 3.2cu.ft Black</p><p> -7% 0FF </p><p>$249.98</p><a href="https://www.amazon.com/dp/B07F9PH82Z?tag=eloabder-20&linkCode=osi&th=1&psc=1">View Product</a></div><div class="product"><a href="https://www.amazon.com/dp/B0C1S3RB9Q?tag=eloabder-20&linkCode=osi&th=1&psc=1"><img src="https://m.media-amazon.com/images/I/519o+StfLML._SL500_.jpg" alt="Product Image"></a><p>Antarctic Star Beverage Refrigerator Cooler 68 Can, Mini Fridge with Glass Door for Beer Drinks Wine,Freestanding Small Fridge with Electronic Temperature Control for Home and Bar,1.7 cu.ft</p><p> -10% 0FF </p><p>$152.99</p><a href="https://www.amazon.com/dp/B0C1S3RB9Q?tag=eloabder-20&linkCode=osi&th=1&psc=1">View Product</a></div>
<div class="product"><a href="https://www.amazon.com/dp/B0864P1L3Y?tag=eloabder-20&linkCode=osi&th=1&psc=1"><img src="https://m.media-amazon.com/images/I/41YjtUvRvIL._SL500_.jpg" alt="Product Image"></a><p>Ivation 18 Bottle Compressor Wine Cooler Refrigerator w/Lock, Large Freestanding Wine Cellar For Red, White, Champagne or Sparkling Wine, 41f-64f Digital Temperature Control Fridge Glass Door Black</p><p> -32% 0FF </p><p>$224.99</p><a href="https://www.amazon.com/dp/B0864P1L3Y?tag=eloabder-20&linkCode=osi&th=1&psc=1">View Product</a></div><div class="product"><a href="https://www.amazon.com/dp/B0C2F2JY88?tag=eloabder-20&linkCode=osi&th=1&psc=1"><img src="https://m.media-amazon.com/images/I/41CVJtUWA9L._SL500_.jpg" alt="Product Image"></a><p>DUURA Elite DE430WCDZSS Wine Cooler Designer Series Dual-Zone, 46-Bottle, Metallic</p><p> -10% 0FF </p><p>$262.81</p><a href="https://www.amazon.com/dp/B0C2F2JY88?tag=eloabder-20&linkCode=osi&th=1&psc=1">View Product</a></div>
<div class="product"><a href="https://www.amazon.com/dp/B0C4NH7Q1Z?tag=eloabder-20&linkCode=osi&th=1&psc=1"><img src="https://m.media-amazon.com/images/I/41huzzh73qL._SL500_.jpg" alt="Product Image"></a><p>VEVOR Beer Kegerator, Single Tap Draft Beer Dispenser, Full Size Keg Refrigerator With Shelves, CO2 Cylinder, Drip Tray & Rail, 32°F- 50°F Temperature Control, Holds 1/6, 1/4, 1/2 Barrels, Black</p><p> -14% 0FF </p><p>$528.27</p><a href="https://www.amazon.com/dp/B0C4NH7Q1Z?tag=eloabder-20&linkCode=osi&th=1&psc=1">View Product</a></div><div class="product"><a href="https://www.amazon.com/dp/B0170O0D82?tag=eloabder-20&linkCode=osi&th=1&psc=1"><img src="https://m.media-amazon.com/images/I/31niLclMC1L._SL500_.jpg" alt="Product Image"></a><p>EdgeStar KC2000TWIN Full Size Dual Tap Kegerator & Draft Beer Dispenser - Black</p><p> -7% 0FF </p><p>$719.00</p><a href="https://www.amazon.com/dp/B0170O0D82?tag=eloabder-20&linkCode=osi&th=1&psc=1">View Product</a></div><div class="product"><a href="https://www.amazon.com/dp/B00E7N4CXM?tag=eloabder-20&linkCode=osi&th=1&psc=1"><img src="https://m.media-amazon.com/images/I/31tI6VySYqL._SL500_.jpg" alt="Product Image"></a><p>Kegco K309B-1 Kegerator Black, 2 Faucet</p><p> -9% 0FF </p><p>$828.14</p><a href="https://www.amazon.com/dp/B00E7N4CXM?tag=eloabder-20&linkCode=osi&th=1&psc=1">View Product</a></div><div class="product"><a href="https://www.amazon.com/dp/B00E93XXZ8?tag=eloabder-20&linkCode=osi&th=1&psc=1"><img src="https://m.media-amazon.com/images/I/31K6I3DKW6L._SL500_.jpg" alt="Product Image"></a><p>Kegco K309SS-1 Keg Dispenser, Stainless Steel</p><p> -5% 0FF </p><p>$845.33</p><a href="https://www.amazon.com/dp/B00E93XXZ8?tag=eloabder-20&linkCode=osi&th=1&psc=1">View Product</a></div>
<div class="product"><a href="https://www.amazon.com/dp/B0D78LGPXY?tag=eloabder-20&linkCode=osi&th=1&psc=1"><img src="https://m.media-amazon.com/images/I/41bekd23sDL._SL500_.jpg" alt="Product Image"></a><p>ikare Manual Trash Compactor for 60-100L Bins, Trash Compactor for Kitchen, Portable Small Trash Compactor, Waste Bin Compactor for Fast Food Restaurant</p><p> -34% 0FF </p><p>$38.99</p><a href="https://www.amazon.com/dp/B0D78LGPXY?tag=eloabder-20&linkCode=osi&th=1&psc=1">View Product</a></div><div class="product"><a href="https://www.amazon.com/dp/B075DJ4ZVQ?tag=eloabder-20&linkCode=osi&th=1&psc=1"><img src="https://m.media-amazon.com/images/I/51Vaek4I89L._SL500_.jpg" alt="Product Image"></a><p>Dano Pre-Cuffed Compactor Bags</p><p> -18% 0FF </p><p>$32.95 ($2.75 / Count)</p><a href="https://www.amazon.com/dp/B075DJ4ZVQ?tag=eloabder-20&linkCode=osi&th=1&psc=1">View Product</a></div>
<div class="product"><a href="https://www.amazon.com/dp/B07HJS45XQ?tag=eloabder-20&linkCode=osi&th=1&psc=1"><img src="https://m.media-amazon.com/images/I/31NTMREf9kL._SL500_.jpg" alt="Product Image"></a><p>iRobot Authentic Replacement Parts - 3 Count (Pack of 1) Dirt Disposal Bags Compatible with Roomba Clean Base Models i1+, i3+, i4+, i5+, i7+, i8+, Combo j8+, j9+</p><p> -15% 0FF </p><p>$14.43 ($4.81 / Count)</p><a href="https://www.amazon.com/dp/B07HJS45XQ?tag=eloabder-20&linkCode=osi&th=1&psc=1">View Product</a></div><div class="product"><a href="https://www.amazon.com/dp/B09CV3QGF2?tag=eloabder-20&linkCode=osi&th=1&psc=1"><img src="https://m.media-amazon.com/images/I/31VQqEzbeJL._SL500_.jpg" alt="Product Image"></a><p>iRobot Authentic Replacement Parts - Replenishment Kit for Roomba e, i, and j Series and Roomba Combo i5 and j5 Series, Not Compatible with Roomba Combo j7+ or Roomba Combo j9+</p><p> -51% 0FF </p><p>$31.57</p><a href="https://www.amazon.com/dp/B09CV3QGF2?tag=eloabder-20&linkCode=osi&th=1&psc=1">View Product</a></div><div class="product"><a href="https://www.amazon.com/dp/B07C4SGM54?tag=eloabder-20&linkCode=osi&th=1&psc=1"><img src="https://m.media-amazon.com/images/I/41ZWLocYKkL._SL500_.jpg" alt="Product Image"></a><p>iRobot 4502233 Robot Vacuum, Black</p><p> -6% 0FF </p><p>$84.50</p><a href="https://www.amazon.com/dp/B07C4SGM54?tag=eloabder-20&linkCode=osi&th=1&psc=1">View Product</a></div>
<div class="product"><a href="https://www.amazon.com/dp/B01NHEU1DJ?tag=eloabder-20&linkCode=osi&th=1&psc=1"><img src="https://m.media-amazon.com/images/I/21CK7T8v9HS._SL500_.jpg" alt="Product Image"></a><p>BLACK+DECKER HFS115J10 Lithium Floor Sweeper 50 Min Lithium Floor Sweeper, Powder White</p><p> -30% 0FF </p><p>$34.81</p><a href="https://www.amazon.com/dp/B01NHEU1DJ?tag=eloabder-20&linkCode=osi&th=1&psc=1">View Product</a></div>
<div class="product"><a href="https://www.amazon.com/dp/B088M3G7QH?tag=eloabder-20&linkCode=osi&th=1&psc=1"><img src="https://m.media-amazon.com/images/I/41qSwWLksEL._SL500_.jpg" alt="Product Image"></a><p>Yocada Carpet Sweeper Cleaner for Home Office Low Carpets Rugs Undercoat Carpets Pet Hair Dust Scraps Paper Small Rubbish Cleaning with a Brush Green</p><p> -13% 0FF </p><p>$25.99</p><a href="https://www.amazon.com/dp/B088M3G7QH?tag=eloabder-20&linkCode=osi&th=1&psc=1">View Product</a></div><div class="product"><a href="https://www.amazon.com/dp/B087M125SV?tag=eloabder-20&linkCode=osi&th=1&psc=1"><img src="https://m.media-amazon.com/images/I/31FnLu2oAAL._SL500_.jpg" alt="Product Image"></a><p>JEHONN Carpet Floor Sweeper with Horsehair, Non Electric Manual Sweeping, Rotor Brush Heavy Duty for Pet Hair Clean</p><p> -22% 0FF </p><p>$24.99</p><a href="https://www.amazon.com/dp/B087M125SV?tag=eloabder-20&linkCode=osi&th=1&psc=1">View Product</a></div><div class="product"><a href="https://www.amazon.com/dp/B07HGWZ7LG?tag=eloabder-20&linkCode=osi&th=1&psc=1"><img src="https://m.media-amazon.com/images/I/31-FhS9ID4L._SL500_.jpg" alt="Product Image"></a><p>Dttery 3 Post + 3 Foam & Felt Filters Kit Replacement for Shark Rocket Ultra-Light Vacuum HV292, HV300, HV300W, HV301, HV302, HV303, HV305, HV308, HV310, UV450 Part XFFV300</p><p> -25% 0FF </p><p>$11.97 ($3.99 / Count)</p><a href="https://www.amazon.com/dp/B07HGWZ7LG?tag=eloabder-20&linkCode=osi&th=1&psc=1">View Product</a></div>
<div class="product"><a href="https://www.amazon.com/dp/B004FJTMO2?tag=eloabder-20&linkCode=osi&th=1&psc=1"><img src="https://m.media-amazon.com/images/I/41Y9YbOYswL._SL500_.jpg" alt="Product Image"></a><p>Collections Etc Grandma Upright Vacuum Cleaner Cover</p><p> -9% 0FF </p><p>$29.98</p><a href="https://www.amazon.com/dp/B004FJTMO2?tag=eloabder-20&linkCode=osi&th=1&psc=1">View Product</a></div><div class="product"><a href="https://www.amazon.com/dp/B00Q40F0S2?tag=eloabder-20&linkCode=osi&th=1&psc=1"><img src="https://m.media-amazon.com/images/I/41T1H0EditL._SL500_.jpg" alt="Product Image"></a><p>Kenmore 53294 6 Pack Type O HEPA Vacuum Bags for Upright Vacuums</p><p> -7% 0FF </p><p>$16.70 ($2.78 / Count)</p><a href="https://www.amazon.com/dp/B00Q40F0S2?tag=eloabder-20&linkCode=osi&th=1&psc=1">View Product</a></div><div class="product"><a href="https://www.amazon.com/dp/B00002N8DH?tag=eloabder-20&linkCode=osi&th=1&psc=1"><img src="https://m.media-amazon.com/images/I/31z6U7Xz5OL._SL500_.jpg" alt="Product Image"></a><p>Hoover Type Y Allergen Bags, for WindTunnel Vacuum Cleaners, 3-Pack, 4010100Y, White</p><p> -20% 0FF </p><p>$7.98 ($2.66 / Count)</p><a href="https://www.amazon.com/dp/B00002N8DH?tag=eloabder-20&linkCode=osi&th=1&psc=1">View Product</a></div>
<div class="product"><a href="https://www.amazon.com/dp/B0CXJ2LJP6?tag=eloabder-20&linkCode=osi&th=1&psc=1"><img src="https://m.media-amazon.com/images/I/41zVdymV5NL._SL500_.jpg" alt="Product Image"></a><p>5055 Vacuum Bags Replacement Fit for Kenmore Canister Type C/Q 50555 50558 50557 and Type C-5 C-18,16 Pack</p><p> -11% 0FF </p><p>$13.29</p><a href="https://www.amazon.com/dp/B0CXJ2LJP6?tag=eloabder-20&linkCode=osi&th=1&psc=1">View Product</a></div><div class="product"><a href="https://www.amazon.com/dp/B002BFSK6I?tag=eloabder-20&linkCode=osi&th=1&psc=1"><img src="https://m.media-amazon.com/images/I/41Z3T53G+sL._SL500_.jpg" alt="Product Image"></a><p>Vacuum Bare Surface Canister Floor Brush, Compatible with Kenmore</p><p> -55% 0FF </p><p>$8.99</p><a href="https://www.amazon.com/dp/B002BFSK6I?tag=eloabder-20&linkCode=osi&th=1&psc=1">View Product</a></div><div class="product"><a href="https://www.amazon.com/dp/B00TNDC09E?tag=eloabder-20&linkCode=osi&th=1&psc=1"><img src="https://m.media-amazon.com/images/I/41lChTXA+XL._SL500_.jpg" alt="Product Image"></a><p>Other 50104 Kenmore Vacuum Bag, Type C and Q, 8-Pack Genuine Original Equipment Manufacturer (OEM) Part</p><p> -14% 0FF </p><p>$12.67 ($1.58 / Count)</p><a href="https://www.amazon.com/dp/B00TNDC09E?tag=eloabder-20&linkCode=osi&th=1&psc=1">View Product</a></div><div class="product"><a href="https://www.amazon.com/dp/B00QGD3SBI?tag=eloabder-20&linkCode=osi&th=1&psc=1"><img src="https://m.media-amazon.com/images/I/51xw0asyqTL._SL500_.jpg" alt="Product Image"></a><p>EnviroCare Replacement Vacuum Bags made to fit Kenmore Canister Type C or Q 50555, 50558, 50557 and Panasonic Type C-5 Vacuums, 9 pack</p><p> -11% 0FF </p><p>$9.79</p><a href="https://www.amazon.com/dp/B00QGD3SBI?tag=eloabder-20&linkCode=osi&th=1&psc=1">View Product</a></div><div class="product"><a href="https://www.amazon.com/dp/B09PC16J91?tag=eloabder-20&linkCode=osi&th=1&psc=1"><img src="https://m.media-amazon.com/images/I/41rz-xT6tIL._SL500_.jpg" alt="Product Image"></a><p>Compatible with Kenmore 53292 Type Q - C HEPA Canister Vacuum Bags,6-Pack (white)</p><p> -24% 0FF </p><p>$22.89 ($3.82 / Count)</p><a href="https://www.amazon.com/dp/B09PC16J91?tag=eloabder-20&linkCode=osi&th=1&psc=1">View Product</a></div><div class="product"><a href="https://www.amazon.com/dp/B0CWTR85TZ?tag=eloabder-20&linkCode=osi&th=1&psc=1"><img src="https://m.media-amazon.com/images/I/41lmqedxXSL._SL500_.jpg" alt="Product Image"></a><p>20 Pack Style MM Vacuum Bags Compatible with Eureka Style MM Eureka Mighty Mite 3670 and 3680 Series Canister Vacuums, Replaces Part # 60295, 60295A, 60295B 60295C, 60296 & 60297A</p><p> -5% 0FF </p><p>$18.98</p><a href="https://www.amazon.com/dp/B0CWTR85TZ?tag=eloabder-20&linkCode=osi&th=1&psc=1">View Product</a></div>

<div class="product"><a href="https://www.amazon.com/dp/B07H3MYZLD?tag=eloabder-20&linkCode=osi&th=1&psc=1"><img src="https://m.media-amazon.com/images/I/511p6MPxQ0L._SL500_.jpg" alt="Product Image"></a><p>Flammi Steam Pocket Mop Replacement Pads for Shark S3500 Series S3501 S3601 S3550 S3901 SE450 S3801CO S3601D S2901 S2902 Steam Pocket Mop, 4 Pack</p><p> -23% 0FF </p><p>$16.97 ($4.24 / Count)</p><a href="https://www.amazon.com/dp/B07H3MYZLD?tag=eloabder-20&linkCode=osi&th=1&psc=1">View Product</a></div><div class="product"><a href="https://www.amazon.com/dp/B08S7283SJ?tag=eloabder-20&linkCode=osi&th=1&psc=1"><img src="https://m.media-amazon.com/images/I/41TAxpXWPLL._SL500_.jpg" alt="Product Image"></a><p>Steam & Go - Demineralized Water for Steam Cleaner, PVC-Free Floor Cleaner Liquid Compatible With Any Steam Mop, Ready-to-Use Multisurface Cleaner, Scented Mop Solution, Eucalyptus Mint, 32 oz</p><p> -35% 0FF </p><p>$12.99</p><a href="https://www.amazon.com/dp/B08S7283SJ?tag=eloabder-20&linkCode=osi&th=1&psc=1">View Product</a></div><div class="product"><a href="https://www.amazon.com/dp/B07GT9VB9X?tag=eloabder-20&linkCode=osi&th=1&psc=1"><img src="https://m.media-amazon.com/images/I/41IokheYtNL._SL500_.jpg" alt="Product Image"></a><p>6 Pack 1940 Bissell Steam Mop Pads for Bissell PowerFresh Steam Mop 1806 1544 1440 2075A 2685A 1940W 19404 Series, Model 19402 19408 1940a 1940f 1940q 1940t B0006 B0017, Part #5938#203-2633</p><p> -14% 0FF </p><p>$17.99 ($3.00 / Count)</p><a href="https://www.amazon.com/dp/B07GT9VB9X?tag=eloabder-20&linkCode=osi&th=1&psc=1">View Product</a></div><div class="product"><a href="https://www.amazon.com/dp/B09NM5T11N?tag=eloabder-20&linkCode=osi&th=1&psc=1"><img src="https://m.media-amazon.com/images/I/51p54JxUpYL._SL500_.jpg" alt="Product Image"></a><p>AIR U+ 8 Pack Replacement Steam Mop Pads for Shark S7001 S8001 S8201 S7201 S7000AMZ S7000 S7005 S7020 S7001C Steam Mop, Steam & Scrub All-in-One Scrubbing and Sanitizing, Dirt Grip Scrub Washable Pad</p><p> -20% 0FF </p><p>$17.99</p><a href="https://www.amazon.com/dp/B09NM5T11N?tag=eloabder-20&linkCode=osi&th=1&psc=1">View Product</a></div><div class="product"><a href="https://www.amazon.com/dp/B0CBC1HQQN?tag=eloabder-20&linkCode=osi&th=1&psc=1"><img src="https://m.media-amazon.com/images/I/51eAx7S-+2L._SL500_.jpg" alt="Product Image"></a><p>Upgraded Scrub Steam Mop Pad for Shark Steam Pocket Mop S3501 S3601 S2901 S2902 S3550 S3801 S3901 SE450 S3601D S3901D, Steam Mop Replacement Pads for All Hard Floors, 3 Pack</p><p> -5% 0FF </p><p>$18.99</p><a href="https://www.amazon.com/dp/B0CBC1HQQN?tag=eloabder-20&linkCode=osi&th=1&psc=1">View Product</a></div>
<div class="product"><a href="https://www.amazon.com/dp/B0D2QFVY7H?tag=eloabder-20&linkCode=osi&th=1&psc=1"><img src="https://m.media-amazon.com/images/I/417B7H+vvML._SL500_.jpg" alt="Product Image"></a><p>Kenmore KS1010 Deep Clean & Revitalize Pet Carpet Cleaner Formula, 64 oz, White, 64 Fl Oz</p><p> -13% 0FF </p><p>$19.99 ($0.31 / Fl Oz)</p><a href="https://www.amazon.com/dp/B0D2QFVY7H?tag=eloabder-20&linkCode=osi&th=1&psc=1">View Product</a></div><div class="product"><a href="https://www.amazon.com/dp/B07TN5DGP9?tag=eloabder-20&linkCode=osi&th=1&psc=1"><img src="https://m.media-amazon.com/images/I/41ObG6UBMvL._SL500_.jpg" alt="Product Image"></a><p>Eyliden Carpet Sweeper, Mini Size Lightweight Hand Push Carpet Sweepers - No Noise, Non-Electric - Easy Manual Sweeping, Automatic Compact Broom Only for Carpet Cleaning</p><p> -21% 0FF </p><p>$25.99</p><a href="https://www.amazon.com/dp/B07TN5DGP9?tag=eloabder-20&linkCode=osi&th=1&psc=1">View Product</a></div><div class="product"><a href="https://www.amazon.com/dp/B07R27JLKQ?tag=eloabder-20&linkCode=osi&th=1&psc=1"><img src="https://m.media-amazon.com/images/I/41Puyen2y4L._SL500_.jpg" alt="Product Image"></a><p>Bissell Pet Multi-Surface Febreze Freshness for Crosswave and Spinwave (64 oz), 22951, 64 Ounce, 64 Fl Oz</p><p> -5% 0FF </p><p>$17.99 ($0.28 / Fl Oz)</p><a href="https://www.amazon.com/dp/B07R27JLKQ?tag=eloabder-20&linkCode=osi&th=1&psc=1">View Product</a></div><div class="product"><a href="https://www.amazon.com/dp/B0D2RGW219?tag=eloabder-20&linkCode=osi&th=1&psc=1"><img src="https://m.media-amazon.com/images/I/41gD+82tnAL._SL500_.jpg" alt="Product Image"></a><p>Vacmaster Clean & Restore Carpet Cleaner Formula – CCS03</p><p> -25% 0FF </p><p>$14.99 ($0.23 / Fl Oz)</p><a href="https://www.amazon.com/dp/B0D2RGW219?tag=eloabder-20&linkCode=osi&th=1&psc=1">View Product</a></div>



<div class="product"><a href="https://www.amazon.com/dp/B00162723O?tag=eloabder-20&linkCode=osi&th=1&psc=1"><img src="https://m.media-amazon.com/images/I/31K5PNJ3AbL._SL500_.jpg" alt="Product Image"></a><p>A/C Safe AC-160 Universal Heavy Duty Window Air Conditioner Support</p><p> -47% 0FF </p><p>$24.99</p><a href="https://www.amazon.com/dp/B00162723O?tag=eloabder-20&linkCode=osi&th=1&psc=1">View Product</a></div>
<div class="product"><a href="https://www.amazon.com/dp/B0D3TMW987?tag=eloabder-20&linkCode=osi&th=1&psc=1"><img src="https://m.media-amazon.com/images/I/417Mm6n1nqL._SL500_.jpg" alt="Product Image"></a><p>HOXHA Portable Air Conditioner Hose with Insulated Hose Cover Warp 5.9 Inch AC Exhaust Vent Duct Hose with Sleeve Fit 5 Inch to 5.9 Inch Universal AC Tube Hose Kit Parts Accessories</p><p> -29% 0FF </p><p>$16.99</p><a href="https://www.amazon.com/dp/B0D3TMW987?tag=eloabder-20&linkCode=osi&th=1&psc=1">View Product</a></div><div class="product"><a href="https://www.amazon.com/dp/B093WC1936?tag=eloabder-20&linkCode=osi&th=1&psc=1"><img src="https://m.media-amazon.com/images/I/41+7dH1N4oS._SL500_.jpg" alt="Product Image"></a><p>Portable Air conditioner Window Kit, Adjustable Vertical/Horizontal Sliding Window Kit Plate for AC Unit, AC Window Vent Kit, AC Window Seal Suitable for 5.9” AC Exhaust Hose</p><p> -22% 0FF </p><p>$24.99</p><a href="https://www.amazon.com/dp/B093WC1936?tag=eloabder-20&linkCode=osi&th=1&psc=1">View Product</a></div><div class="product"><a href="https://www.amazon.com/dp/B08B5Y83XZ?tag=eloabder-20&linkCode=osi&th=1&psc=1"><img src="https://m.media-amazon.com/images/I/4162pkNHTYL._SL500_.jpg" alt="Product Image"></a><p>TURBRO Portable Air Conditioner Universal Exhaust Hose - 5.9 Inch Diameter, 78 Inch Length, Clockwise Thread</p><p> -17% 0FF </p><p>$19.99</p><a href="https://www.amazon.com/dp/B08B5Y83XZ?tag=eloabder-20&linkCode=osi&th=1&psc=1">View Product</a></div>
<div class="product"><a href="https://www.amazon.com/dp/B0CS3HRFLB?tag=eloabder-20&linkCode=osi&th=1&psc=1"><img src="https://m.media-amazon.com/images/I/31-rGPG7x2L._SL500_.jpg" alt="Product Image"></a><p>Eastrexon Mini Split Ground Stand, Adjustable Anti-Vibration Mini Split Stand w/ 400LBS Load Capacity, Heavy Duty AC Stand for 9,000-18,000 BTU Ductless Mini Split Air Conditioner Heat Pump</p><p> -11% 0FF </p><p>$79.99</p><a href="https://www.amazon.com/dp/B0CS3HRFLB?tag=eloabder-20&linkCode=osi&th=1&psc=1">View Product</a></div>
<div class="product"><a href="https://www.amazon.com/dp/B0D3DRYGSY?tag=eloabder-20&linkCode=osi&th=1&psc=1"><img src="https://m.media-amazon.com/images/I/41X8-PVRBjL._SL500_.jpg" alt="Product Image"></a><p>Air Conditioning Motor WZDK20-38G (ZKFP-20-8-6) OEM DC Brushless Fan Motor, 20W Inverter Air Conditioner Brushless DC Motor for Central air Conditioner, CCW 1300rpm DC280V 0.10A</p><p> -11% 0FF </p><p>$40.99</p><a href="https://www.amazon.com/dp/B0D3DRYGSY?tag=eloabder-20&linkCode=osi&th=1&psc=1">View Product</a></div><div class="product"><a href="https://www.amazon.com/dp/B0BQQZC7J8?tag=eloabder-20&linkCode=osi&th=1&psc=1"><img src="https://m.media-amazon.com/images/I/31BhDXXE59L._SL500_.jpg" alt="Product Image"></a><p>AKB73598009 Replace AC Remote Control Compatible with LG Dual Inverter Smart Window Air Conditioner LW1222IVSM LW1817IVSM LW2217IVSM LW1822IVSM LW2422IVSM LW1517IVSM LW1019IVSM</p><p> -8% 0FF </p><p>$11.94</p><a href="https://www.amazon.com/dp/B0BQQZC7J8?tag=eloabder-20&linkCode=osi&th=1&psc=1">View Product</a></div><div class="product"><a href="https://www.amazon.com/dp/B0D3DTXSVY?tag=eloabder-20&linkCode=osi&th=1&psc=1"><img src="https://m.media-amazon.com/images/I/41WKhBV4qfL._SL500_.jpg" alt="Product Image"></a><p>New Air Conditioning Motor (OEM) WZDK30-38G (RD-310-30-8T) DC Brushless Fan Motor, 30W Inverter air Conditioner Motor DC Motor for Conditioner,DC310V 0.14A 1300RPM CCW</p><p> -12% 0FF </p><p>$52.95</p><a href="https://www.amazon.com/dp/B0D3DTXSVY?tag=eloabder-20&linkCode=osi&th=1&psc=1">View Product</a></div>
<div class="product"><a href="https://www.amazon.com/dp/B0CNK7MSLC?tag=eloabder-20&linkCode=osi&th=1&psc=1"><img src="https://m.media-amazon.com/images/I/41R2RQNaV2L._SL500_.jpg" alt="Product Image"></a><p>Travel Electric Kettle Portable Small Kettle,Mini Hotel Camping Hot Water Boiler for Tea Coffee,4 Warmable Temperature Control,304 Stainless Steel& Auto Shut-Off& Boil Dry Protection(White,380ml)</p><p> -17% 0FF </p><p>$24.99</p><a href="https://www.amazon.com/dp/B0CNK7MSLC?tag=eloabder-20&linkCode=osi&th=1&psc=1">View Product</a></div>
<div class="product"><a href="https://www.amazon.com/dp/B08LZWP29P?tag=eloabder-20&linkCode=osi&th=1&psc=1"><img src="https://m.media-amazon.com/images/I/41NLuzzFW9L._SL500_.jpg" alt="Product Image"></a><p>Chromex Tankless Water Heater Descaling Solution | Highly Effective Descaler Restores Heating Efficiency, Quart, 32 fl oz (1)</p><p> -7% 0FF </p><p>$24.99</p><a href="https://www.amazon.com/dp/B08LZWP29P?tag=eloabder-20&linkCode=osi&th=1&psc=1">View Product</a></div><div class="product"><a href="https://www.amazon.com/dp/B0CQDCW3PT?tag=eloabder-20&linkCode=osi&th=1&psc=1"><img src="https://m.media-amazon.com/images/I/51UjKRV2nXL._SL500_.jpg" alt="Product Image"></a><p>CMI Inc - 3/4 Inch Tankless Water Heater Installation Kit – With Isolation Valves, Pressure Relief Valves, Ball Valves, and Inline Flush Parts – Cold & Hot Water Plumbing Repair Kit – FNPT X FNPT</p><p> -11% 0FF </p><p>$80.80</p><a href="https://www.amazon.com/dp/B0CQDCW3PT?tag=eloabder-20&linkCode=osi&th=1&psc=1">View Product</a></div>

<div class="product"><a href="https://www.amazon.com/dp/B0BPN7G43T?tag=eloabder-20&linkCode=osi&th=1&psc=1"><img src="https://m.media-amazon.com/images/I/413kXvvbUhL._SL500_.jpg" alt="Product Image"></a><p>Elite Gourmet EC008 Classic Stovetop Coffee Percolator, Glass Clear Brew Progress Knob, Cool-Touch Handle, Cordless Serve, 8-Cup, Stainless Steel</p><p> -8% 0FF </p><p>$23.07</p><a href="https://www.amazon.com/dp/B0BPN7G43T?tag=eloabder-20&linkCode=osi&th=1&psc=1">View Product</a></div><div class="product"><a href="https://www.amazon.com/dp/B09MMN1CCP?tag=eloabder-20&linkCode=osi&th=1&psc=1"><img src="https://m.media-amazon.com/images/I/31UyuaVNkbL._SL500_.jpg" alt="Product Image"></a><p>Elite Gourmet EC812 Electric 12-Cup Coffee Percolator with Keep Warm, Clear Brew Progress Knob Cool-Touch Handle Cord-less Serve, Stainless Steel</p><p> -23% 0FF </p><p>$36.99</p><a href="https://www.amazon.com/dp/B09MMN1CCP?tag=eloabder-20&linkCode=osi&th=1&psc=1">View Product</a></div><div class="product"><a href="https://www.amazon.com/dp/B0009PUQSM?tag=eloabder-20&linkCode=osi&th=1&psc=1"><img src="https://m.media-amazon.com/images/I/41maPldn1NL._SL500_.jpg" alt="Product Image"></a><p>Coleman Stainless Steel Coffee Percolator 12 Cup</p><p> -38% 0FF </p><p>$33.87</p><a href="https://www.amazon.com/dp/B0009PUQSM?tag=eloabder-20&linkCode=osi&th=1&psc=1">View Product</a></div>
<div class="product"><a href="https://www.amazon.com/dp/B0BTN3VYW9?tag=eloabder-20&linkCode=osi&th=1&psc=1"><img src="https://m.media-amazon.com/images/I/41Li6k0UIrL._SL500_.jpg" alt="Product Image"></a><p>De'Longhi TrueBrew Drip Coffee Maker, Built in Grinder, Single Serve, 8 oz to 24 oz, Hot or Iced Coffee, Stainless, CAM51025MB</p><p> -29% 0FF </p><p>$355.00</p><a href="https://www.amazon.com/dp/B0BTN3VYW9?tag=eloabder-20&linkCode=osi&th=1&psc=1">View Product</a></div><div class="product"><a href="https://www.amazon.com/dp/B09HDFLF2X?tag=eloabder-20&linkCode=osi&th=1&psc=1"><img src="https://m.media-amazon.com/images/I/41ttEVV0DhL._SL500_.jpg" alt="Product Image"></a><p>Cuisinart Single Serve Coffee Maker + Coffee Grinder, 48-Ounce Removable Reservoir, Black, DGB-2</p><p> -9% 0FF </p><p>$136.95</p><a href="https://www.amazon.com/dp/B09HDFLF2X?tag=eloabder-20&linkCode=osi&th=1&psc=1">View Product</a></div><div class="product"><a href="https://www.amazon.com/dp/B0D2MMGHM8?tag=eloabder-20&linkCode=osi&th=1&psc=1"><img src="https://m.media-amazon.com/images/I/41z2U4+t1fL._SL500_.jpg" alt="Product Image"></a><p>Gevi 10-Cup Drip Coffee Maker with Built-in Grinder, Programmable Brew Coffee Machine with Timer, Reusable Filter, 1.5L Water Tank, Coffee Pot, Warming Plate Burr Grinder Combo</p><p> -6% 0FF </p><p>$169.99</p><a href="https://www.amazon.com/dp/B0D2MMGHM8?tag=eloabder-20&linkCode=osi&th=1&psc=1">View Product</a></div><div class="product"><a href="https://www.amazon.com/dp/B000T9SCZ2?tag=eloabder-20&linkCode=osi&th=1&psc=1"><img src="https://m.media-amazon.com/images/I/51E3eEOPg7L._SL500_.jpg" alt="Product Image"></a><p>Cuisinart Grind & Brew 12 Cup Coffeemaker, Chrome</p><p> -11% 0FF </p><p>$189.81 ($15.82 / Count)</p><a href="https://www.amazon.com/dp/B000T9SCZ2?tag=eloabder-20&linkCode=osi&th=1&psc=1">View Product</a></div><div class="product"><a href="https://www.amazon.com/dp/B0CG2NLVPK?tag=eloabder-20&linkCode=osi&th=1&psc=1"><img src="https://m.media-amazon.com/images/I/41PlW5iZ9cL._SL500_.jpg" alt="Product Image"></a><p>Café Specialty Grind and Brew Coffee Maker, Single-Serve to 10-Cup Thermal Carafe, with Built-In Bean Grinder & Removable 75oz Water Reservoir, WiFi & Smart Connected, SCA Certified, Matte White</p><p> -19% 0FF </p><p>$267.99</p><a href="https://www.amazon.com/dp/B0CG2NLVPK?tag=eloabder-20&linkCode=osi&th=1&psc=1">View Product</a></div>
<div class="product"><a href="https://www.amazon.com/dp/B078NN17K3?tag=eloabder-20&linkCode=osi&th=1&psc=1"><img src="https://m.media-amazon.com/images/I/41MI7T21FgL._SL500_.jpg" alt="Product Image"></a><p>Keurig K-Elite Single Serve K-Cup Pod Coffee Maker, with Strength and Temperature Control, Iced Coffee Capability, 8 to 12oz Brew Size, Programmable, Brushed Slate</p><p> -37% 0FF </p><p>$119.00</p><a href="https://www.amazon.com/dp/B078NN17K3?tag=eloabder-20&linkCode=osi&th=1&psc=1">View Product</a></div><div class="product"><a href="https://www.amazon.com/dp/B0C25Y15TL?tag=eloabder-20&linkCode=osi&th=1&psc=1"><img src="https://m.media-amazon.com/images/I/41cX7EQf+HL._SL500_.jpg" alt="Product Image"></a><p>Ninja Pod & Grounds Specialty Single-Serve Coffee Maker, K-Cup Pod Compatible, Brews Grounds, Compact Design, Built-In Milk Frother, 56-oz. Reservoir, 6-oz. Cup to 24-oz. Mug Sizes, Black, PB051</p><p> -30% 0FF </p><p>$69.99</p><a href="https://www.amazon.com/dp/B0C25Y15TL?tag=eloabder-20&linkCode=osi&th=1&psc=1">View Product</a></div><div class="product"><a href="https://www.amazon.com/dp/B0892TW82K?tag=eloabder-20&linkCode=osi&th=1&psc=1"><img src="https://m.media-amazon.com/images/I/31vXpkWlRZL._SL500_.jpg" alt="Product Image"></a><p>Keurig K-Supreme Single Serve K-Cup Pod Coffee Maker, MultiStream Technology, 4 Brew Sizes, 66oz Dual-Position Removable Reservoir, Black</p><p> -41% 0FF </p><p>$99.99</p><a href="https://www.amazon.com/dp/B0892TW82K?tag=eloabder-20&linkCode=osi&th=1&psc=1">View Product</a></div><div class="product"><a href="https://www.amazon.com/dp/B014W1C2VM?tag=eloabder-20&linkCode=osi&th=1&psc=1"><img src="https://m.media-amazon.com/images/I/41lgFMhEj5L._SL500_.jpg" alt="Product Image"></a><p>Cuisinart Coffee Maker, Single Serve 72-Ounce Reservoir Coffee Machine, Programmable Brewing & Hot Water Dispenser, Stainless Steel, SS-10P1,Silver</p><p> -5% 0FF </p><p>$142.74</p><a href="https://www.amazon.com/dp/B014W1C2VM?tag=eloabder-20&linkCode=osi&th=1&psc=1">View Product</a></div><div class="product"><a href="https://www.amazon.com/dp/B083248S3B?tag=eloabder-20&linkCode=osi&th=1&psc=1"><img src="https://m.media-amazon.com/images/I/31AI86Z78OL._SL500_.jpg" alt="Product Image"></a><p>Keurig K-Slim Single Serve K-Cup Pod Coffee Maker, Multistream Technology, 3 Brew Sizes, Slim and Sleek Design, 46oz Removable Reservoir, Black</p><p> -38% 0FF </p><p>$79.99</p><a href="https://www.amazon.com/dp/B083248S3B?tag=eloabder-20&linkCode=osi&th=1&psc=1">View Product</a></div><div class="product"><a href="https://www.amazon.com/dp/B0BV9HKMNT?tag=eloabder-20&linkCode=osi&th=1&psc=1"><img src="https://m.media-amazon.com/images/I/41Nsl9jGGaL._SL500_.jpg" alt="Product Image"></a><p>Keurig K-Compact Single-Serve K-Cup Pod Coffee Maker, with 3 Brew Sizes, Smart Start Feature, 36oz Removable Reservoir, Black</p><p> -30% 0FF </p><p>$69.99</p><a href="https://www.amazon.com/dp/B0BV9HKMNT?tag=eloabder-20&linkCode=osi&th=1&psc=1">View Product</a></div>
<div class="product"><a href="https://www.amazon.com/dp/B085NLFY9F?tag=eloabder-20&linkCode=osi&th=1&psc=1"><img src="https://m.media-amazon.com/images/I/41shkY558zL._SL500_.jpg" alt="Product Image"></a><p>Taylor Swoden 12-Cup Programmable Coffee Maker, Regular & Strong Brew Drip Coffee Machine for Home and Office, Glass Carafe, Pause & Serve, Auto Shut Off, Black & Stainless Steel</p><p> -18% 0FF </p><p>$39.99</p><a href="https://www.amazon.com/dp/B085NLFY9F?tag=eloabder-20&linkCode=osi&th=1&psc=1">View Product</a></div><div class="product"><a href="https://www.amazon.com/dp/B07X43VXZV?tag=eloabder-20&linkCode=osi&th=1&psc=1"><img src="https://m.media-amazon.com/images/I/41H6O9zkknL._SL500_.jpg" alt="Product Image"></a><p>KRUPS Simply Brew 5 Cup Coffee Maker, Cold Brew, Drip Free & Keep Warm Functions, Stainless Steel Coffee Maker Silver and Black</p><p> -18% 0FF </p><p>$32.85</p><a href="https://www.amazon.com/dp/B07X43VXZV?tag=eloabder-20&linkCode=osi&th=1&psc=1">View Product</a></div>

<div class="product"><a href="https://www.amazon.com/dp/B0C7WTKWZN?tag=eloabder-20&linkCode=osi&th=1&psc=1"><img src="https://m.media-amazon.com/images/I/417z+KFuxAL._SL500_.jpg" alt="Product Image"></a><p>Ninja Programmable XL 14-Cup Coffee Maker PRO, 14-Cup Glass Carafe, Freshness Timer, with Permanent Filter, Black Stainless Steel, DCM201BK</p><p> -20% 0FF </p><p>$79.99</p><a href="https://www.amazon.com/dp/B0C7WTKWZN?tag=eloabder-20&linkCode=osi&th=1&psc=1">View Product</a></div><div class="product"><a href="https://www.amazon.com/dp/B0C2JK9Y8V?tag=eloabder-20&linkCode=osi&th=1&psc=1"><img src="https://m.media-amazon.com/images/I/4177Pg-DiWS._SL500_.jpg" alt="Product Image"></a><p>BLACK+DECKER 12 Cup Thermal Programmable Coffee Maker with Brew Strength and VORTEX Technology, Black/Steel</p><p> -14% 0FF </p><p>$60.00 ($5.00 / Count)</p><a href="https://www.amazon.com/dp/B0C2JK9Y8V?tag=eloabder-20&linkCode=osi&th=1&psc=1">View Product</a></div>
<div class="product"><a href="https://www.amazon.com/dp/B0CJ7DMVW6?tag=eloabder-20&linkCode=osi&th=1&psc=1"><img src="https://m.media-amazon.com/images/I/41Et+b9QSzL._SL500_.jpg" alt="Product Image"></a><p>Xylanor Cold Brew Coffee Maker Pitcher, 64 OZ Heavy Duty Glass Wide Mouth Mason Jar Pour Spout Airtight Lid with Stainless Steel Infuser Filter for Iced Coffee, Ice Tea, Brewed Making</p><p> -50% 0FF </p><p>$12.49</p><a href="https://www.amazon.com/dp/B0CJ7DMVW6?tag=eloabder-20&linkCode=osi&th=1&psc=1">View Product</a></div><div class="product"><a href="https://www.amazon.com/dp/B07C36HVWK?tag=eloabder-20&linkCode=osi&th=1&psc=1"><img src="https://m.media-amazon.com/images/I/31dPKeu1VqL._SL500_.jpg" alt="Product Image"></a><p>Takeya Patented Deluxe Cold Brew Coffee Maker with Black Lid Airtight Pitcher, 2 Quart, Black</p><p> -26% 0FF </p><p>$27.99</p><a href="https://www.amazon.com/dp/B07C36HVWK?tag=eloabder-20&linkCode=osi&th=1&psc=1">View Product</a></div><div class="product"><a href="https://www.amazon.com/dp/B086V1QXNM?tag=eloabder-20&linkCode=osi&th=1&psc=1"><img src="https://m.media-amazon.com/images/I/31BHMrB0QSL._SL500_.jpg" alt="Product Image"></a><p>Primula Burke Deluxe Cold Brew Iced Coffee Maker, Comfort Grip Handle, Durable Glass Carafe, Removable Mesh Filter, Perfect 6 Cup Size, Dishwasher Safe, 1.6 qt, Blue</p><p> -35% 0FF </p><p>$11.74</p><a href="https://www.amazon.com/dp/B086V1QXNM?tag=eloabder-20&linkCode=osi&th=1&psc=1">View Product</a></div><div class="product"><a href="https://www.amazon.com/dp/B0BNN7GGKR?tag=eloabder-20&linkCode=osi&th=1&psc=1"><img src="https://m.media-amazon.com/images/I/51p17-SYzvL._SL500_.jpg" alt="Product Image"></a><p>JunVpic Cold Brew Coffee Maker Jar - 64oz Thick Glass Multipurpose Mason Pitcher Spout Lid with Handle & Stainless Steel Filter for Iced Coffee, Lemonade, Ice Tea, Homemade Fruit Drinks Container</p><p> -5% 0FF </p><p>$18.98 ($18.98 / Count)</p><a href="https://www.amazon.com/dp/B0BNN7GGKR?tag=eloabder-20&linkCode=osi&th=1&psc=1">View Product</a></div><div class="product"><a href="https://www.amazon.com/dp/B0CGWS1M51?tag=eloabder-20&linkCode=osi&th=1&psc=1"><img src="https://m.media-amazon.com/images/I/410ZIkV0HFL._SL500_.jpg" alt="Product Image"></a><p>QHH Cold Brew Coffee Maker, 64 oz Wide Mouth Mason Jar Pitcher with Stainless Steel Filter, Pour Spout Handle Lid, Heavy Duty Glass Airtight & Leak-Proof Pitcher for iced coffee & Tea Lemonade</p><p> -20% 0FF </p><p>$18.49</p><a href="https://www.amazon.com/dp/B0CGWS1M51?tag=eloabder-20&linkCode=osi&th=1&psc=1">View Product</a></div><div class="product"><a href="https://www.amazon.com/dp/B0CVLJ2NQK?tag=eloabder-20&linkCode=osi&th=1&psc=1"><img src="https://m.media-amazon.com/images/I/51lQGHFBfPL._SL500_.jpg" alt="Product Image"></a><p>Zulay Kitchen 1 Gallon Cold Brew Coffee Maker - Large Iced Tea & Cold Brew Pitcher with Extra-Thick Glass & Stainless Steel Infuser - Cold Brew Coffee Maker with Airtight Lid & Spout (Silver)</p><p> -20% 0FF </p><p>$39.99</p><a href="https://www.amazon.com/dp/B0CVLJ2NQK?tag=eloabder-20&linkCode=osi&th=1&psc=1">View Product</a></div><div class="product"><a href="https://www.amazon.com/dp/B0D929JTC9?tag=eloabder-20&linkCode=osi&th=1&psc=1"><img src="https://m.media-amazon.com/images/I/41WA4B3VkCL._SL500_.jpg" alt="Product Image"></a><p>Cold Brew Coffee Maker,64oz Food Grade Glass Cold Brew Pitcher,Strong Sealing Cold Brew Maker With Fine Filter,Cold Brew Coffee Pitcher For Ice Tea&Fruit Drinks,Easy To Wash Iced Coffee Pitcher Grey</p><p> -27% 0FF </p><p>$15.99</p><a href="https://www.amazon.com/dp/B0D929JTC9?tag=eloabder-20&linkCode=osi&th=1&psc=1">View Product</a></div><div class="product"><a href="https://www.amazon.com/dp/B07VJJJ764?tag=eloabder-20&linkCode=osi&th=1&psc=1"><img src="https://m.media-amazon.com/images/I/41xKFEtM8EL._SL500_.jpg" alt="Product Image"></a><p>County Line Kitchen Glass Cold Brew Coffee Maker with Lid - Wide Mouth, 2 Quart (64 oz) - Heavy Duty, Leak Proof - Sun & Iced Tea Pitcher, Cold Brew Coffee, Breast Milk Storage, Water - Gray</p><p> -25% 0FF </p><p>$29.99</p><a href="https://www.amazon.com/dp/B07VJJJ764?tag=eloabder-20&linkCode=osi&th=1&psc=1">View Product</a></div><div class="product"><a href="https://www.amazon.com/dp/B0CKN6MCLD?tag=eloabder-20&linkCode=osi&th=1&psc=1"><img src="https://m.media-amazon.com/images/I/510bfugc5jL._SL500_.jpg" alt="Product Image"></a><p>DWTS DANWEITESI Cold Brew Coffee Maker 64 oz,2-Quart Wide Mouth Cold Brew Maker with Stainless Steel Cold Brew Filter-Mason Jar Pitcher with Lid and Spout for Coffee,Iced Coffee Accessories(Black)</p><p> -24% 0FF </p><p>$12.99</p><a href="https://www.amazon.com/dp/B0CKN6MCLD?tag=eloabder-20&linkCode=osi&th=1&psc=1">View Product</a></div>

<div class="product"><a href="https://www.amazon.com/dp/B099J3J6VJ?tag=eloabder-20&linkCode=osi&th=1&psc=1"><img src="https://m.media-amazon.com/images/I/41ecdckFeFL._SL500_.jpg" alt="Product Image"></a><p>Eurolux Percolator Coffee Maker Pot - 9 Cups | Durable Stainless Steel Material | Brew Coffee On Fire, Grill or Stovetop | No Electricity, No Bad Plastic Taste | Ideal for Home, Camping & Travel</p><p> -13% 0FF </p><p>$34.99 ($3.89 / Count)</p><a href="https://www.amazon.com/dp/B099J3J6VJ?tag=eloabder-20&linkCode=osi&th=1&psc=1">View Product</a></div><div class="product"><a href="https://www.amazon.com/dp/B0C9VW3N1X?tag=eloabder-20&linkCode=osi&th=1&psc=1"><img src="https://m.media-amazon.com/images/I/31YYKk0EaiL._SL500_.jpg" alt="Product Image"></a><p>Primula Stovetop Coffee Percolator, Premium Stainless Steel Coffee Maker with Reusable Filter Basket, Non-Drip Spout, Glass Knob Brew Indicator and Heat Resistant Handle, Dishwasher Safe, 8 Cup</p><p> -6% 0FF </p><p>$28.17</p><a href="https://www.amazon.com/dp/B0C9VW3N1X?tag=eloabder-20&linkCode=osi&th=1&psc=1">View Product</a></div><div class="product"><a href="https://www.amazon.com/dp/B0DFXBGKQW?tag=eloabder-20&linkCode=osi&th=1&psc=1"><img src="https://m.media-amazon.com/images/I/41HwFOR87NL._SL500_.jpg" alt="Product Image"></a><p>VERDETECH Glass Coffee Percolator - The Nonna | Non-Electric Borosilicate Glass & Stainless Steel | Eco-Friendly Coffee Gift | BPA Free | Stovetop Glass Percolator (1 Unit)</p><p> -14% 0FF </p><p>$59.99</p><a href="https://www.amazon.com/dp/B0DFXBGKQW?tag=eloabder-20&linkCode=osi&th=1&psc=1">View Product</a></div>

<div class="product"><a href="https://www.amazon.com/dp/B009PCI2JU?tag=eloabder-20&linkCode=osi&th=1&psc=1"><img src="https://m.media-amazon.com/images/I/319P4iuozKL._SL500_.jpg" alt="Product Image"></a><p>GE RPWFE Refrigerator Water Filter, Genuine Replacement Filter, Certified to Reduce Lead, Sulfur, and 50+ Other Impurities, Replace Every 6 Months for Best Results, Pack of 1</p><p> -11% 0FF </p><p>$49.00</p><a href="https://www.amazon.com/dp/B009PCI2JU?tag=eloabder-20&linkCode=osi&th=1&psc=1">View Product</a></div><div class="product"><a href="https://www.amazon.com/dp/B00UXG4WR8?tag=eloabder-20&linkCode=osi&th=1&psc=1"><img src="https://m.media-amazon.com/images/I/317c+XdM3jL._SL500_.jpg" alt="Product Image"></a><p>everydrop by Whirlpool Ice and Water Refrigerator Filter 1, EDR1RXD1, Single-Pack , Purple</p><p> -30% 0FF </p><p>$41.99</p><a href="https://www.amazon.com/dp/B00UXG4WR8?tag=eloabder-20&linkCode=osi&th=1&psc=1">View Product</a></div><div class="product"><a href="https://www.amazon.com/dp/B0882ZJ48W?tag=eloabder-20&linkCode=osi&th=1&psc=1"><img src="https://m.media-amazon.com/images/I/31sBIpG9D+L._SL500_.jpg" alt="Product Image"></a><p>GE XWFE Refrigerator Water Filter, Genuine Replacement Filter, Certified to Reduce Lead, Sulfur, and 50+ Other Impurities, Replace Every 6 Months for Best Results, Pack of 1</p><p> -9% 0FF </p><p>$49.95</p><a href="https://www.amazon.com/dp/B0882ZJ48W?tag=eloabder-20&linkCode=osi&th=1&psc=1">View Product</a></div><div class="product"><a href="https://www.amazon.com/dp/B08V6JB9R7?tag=eloabder-20&linkCode=osi&th=1&psc=1"><img src="https://m.media-amazon.com/images/I/31f6HhVENHL._SL500_.jpg" alt="Product Image"></a><p>Frigidaire FPPWFU01 PurePour PWF-1 Water Filter 1 Count (Pack of 1)</p><p> -28% 0FF </p><p>$38.99</p><a href="https://www.amazon.com/dp/B08V6JB9R7?tag=eloabder-20&linkCode=osi&th=1&psc=1">View Product</a></div><div class="product"><a href="https://www.amazon.com/dp/B074HLRXMP?tag=eloabder-20&linkCode=osi&th=1&psc=1"><img src="https://m.media-amazon.com/images/I/21pHfBmff3L._SL500_.jpg" alt="Product Image"></a><p>LG LT1000P - 6 Month / 200 Gallon Capacity Replacement Refrigerator Water Filter (NSF42, NSF53, and NSF401) ADQ74793501, ADQ75795105, AGF80300704, or AGF80300705 White</p><p> -19% 0FF </p><p>$44.59</p><a href="https://www.amazon.com/dp/B074HLRXMP?tag=eloabder-20&linkCode=osi&th=1&psc=1">View Product</a></div><div class="product"><a href="https://www.amazon.com/dp/B01BKWSHHE?tag=eloabder-20&linkCode=osi&th=1&psc=1"><img src="https://m.media-amazon.com/images/I/31le9xXAImL._SL500_.jpg" alt="Product Image"></a><p>Frigidaire EPTWFU01 Water Filtration Filter, 1 Count, White</p><p> -8% 0FF </p><p>$49.00</p><a href="https://www.amazon.com/dp/B01BKWSHHE?tag=eloabder-20&linkCode=osi&th=1&psc=1">View Product</a></div><div class="product"><a href="https://www.amazon.com/dp/B00VBP8QPO?tag=eloabder-20&linkCode=osi&th=1&psc=1"><img src="https://m.media-amazon.com/images/I/31NokdYCZOL._SL500_.jpg" alt="Product Image"></a><p>Everydrop by Whirlpool Ice and Water Refrigerator Filter 2, EDR2RXD1, Single-Pack</p><p> -20% 0FF </p><p>$47.99</p><a href="https://www.amazon.com/dp/B00VBP8QPO?tag=eloabder-20&linkCode=osi&th=1&psc=1">View Product</a></div><div class="product"><a href="https://www.amazon.com/dp/B00UB38V2A?tag=eloabder-20&linkCode=osi&th=1&psc=1"><img src="https://m.media-amazon.com/images/I/317IAqOtFtL._SL500_.jpg" alt="Product Image"></a><p>everydrop by Whirlpool Ice and Water Refrigerator Filter 4, EDR4RXD1, Single-Pack</p><p> -23% 0FF </p><p>$46.32 ($27.09 / Pound)</p><a href="https://www.amazon.com/dp/B00UB38V2A?tag=eloabder-20&linkCode=osi&th=1&psc=1">View Product</a></div><div class="product"><a href="https://www.amazon.com/dp/B071NFVVNG?tag=eloabder-20&linkCode=osi&th=1&psc=1"><img src="https://m.media-amazon.com/images/I/41uJIz7wOSL._SL500_.jpg" alt="Product Image"></a><p>SAMSUNG Genuine Filter for Refrigerator Water and Ice, Carbon Block Filtration, Reduces 99% of Harmful Contaminants for Clean, Clear Drinking Water, 6-Month Life, HAF-QIN/EXP, 1 Pack</p><p> -30% 0FF </p><p>$34.99</p><a href="https://www.amazon.com/dp/B071NFVVNG?tag=eloabder-20&linkCode=osi&th=1&psc=1">View Product</a></div><div class="product"><a href="https://www.amazon.com/dp/B0045LLC7K?tag=eloabder-20&linkCode=osi&th=1&psc=1"><img src="https://m.media-amazon.com/images/I/61KMsxTZCzL._SL500_.jpg" alt="Product Image"></a><p>Frigidaire WF3CB Puresource3 Refrigerator Water Filter , White, 1 Count (Pack of 1)</p><p> -12% 0FF </p><p>$42.00</p><a href="https://www.amazon.com/dp/B0045LLC7K?tag=eloabder-20&linkCode=osi&th=1&psc=1">View Product</a></div>
<div class="product"><a href="https://www.amazon.com/dp/B0CCK33WLB?tag=eloabder-20&linkCode=osi&th=1&psc=1"><img src="https://m.media-amazon.com/images/I/41EyKRnAWNL._SL500_.jpg" alt="Product Image"></a><p>Ninja Thirsti Drink System, Soda Maker, Create Unique Sparkling & Still Drinks, Personalize Size & Flavor, Carbonated Water Machine, 60L CO2 Cylinder & Variety of Flavored Water Drops, Black WC1001</p><p> -44% 0FF </p><p>$99.99</p><a href="https://www.amazon.com/dp/B0CCK33WLB?tag=eloabder-20&linkCode=osi&th=1&psc=1">View Product</a></div><div class="product"><a href="https://www.amazon.com/dp/B09K81HGGD?tag=eloabder-20&linkCode=osi&th=1&psc=1"><img src="https://m.media-amazon.com/images/I/41iyFiXEpmL._SL500_.jpg" alt="Product Image"></a><p>PHILIPS Sparkling Water Maker Soda Maker Soda Streaming Machine for Carbonating with 1L Carbonating Bottle, Seltzer Fizzy Water Maker, Compatible with Any Screw-in 60L CO2 Carbonator(NOT Included)</p><p> -20% 0FF </p><p>$53.97 ($53.97 / Count)</p><a href="https://www.amazon.com/dp/B09K81HGGD?tag=eloabder-20&linkCode=osi&th=1&psc=1">View Product</a></div><div class="product"><a href="https://www.amazon.com/dp/B08HR72YN1?tag=eloabder-20&linkCode=osi&th=1&psc=1"><img src="https://m.media-amazon.com/images/I/41m9KO8snqL._SL500_.jpg" alt="Product Image"></a><p>aarke - Carbonator III Premium Carbonator-Sparkling & Seltzer Water Maker-Soda Maker with PET Bottle (Stainless Steel)</p><p> -16% 0FF </p><p>$189.99</p><a href="https://www.amazon.com/dp/B08HR72YN1?tag=eloabder-20&linkCode=osi&th=1&psc=1">View Product</a></div><div class="product"><a href="https://www.amazon.com/dp/B01MAVUI17?tag=eloabder-20&linkCode=osi&th=1&psc=1"><img src="https://m.media-amazon.com/images/I/31hwDO28c+L._SL500_.jpg" alt="Product Image"></a><p>iSi North America Soda Siphon Classic Mesh Sodamaker for Making Carbonating Beverages, 1 Quart, Stainless Steel,Silver</p><p> -27% 0FF </p><p>$91.24</p><a href="https://www.amazon.com/dp/B01MAVUI17?tag=eloabder-20&linkCode=osi&th=1&psc=1">View Product</a></div><div class="product"><a href="https://www.amazon.com/dp/B097TD8V5P?tag=eloabder-20&linkCode=osi&th=1&psc=1"><img src="https://m.media-amazon.com/images/I/41waAUN4cYL._SL500_.jpg" alt="Product Image"></a><p>SodaStream Terra Sparkling Water Maker (Black) with CO2 and DWS Bottle</p><p> -18% 0FF </p><p>$81.99</p><a href="https://www.amazon.com/dp/B097TD8V5P?tag=eloabder-20&linkCode=osi&th=1&psc=1">View Product</a></div><div class="product"><a href="https://www.amazon.com/dp/B0CG8W3YTG?tag=eloabder-20&linkCode=osi&th=1&psc=1"><img src="https://m.media-amazon.com/images/I/41o-dYH8ZFL._SL500_.jpg" alt="Product Image"></a><p>spoonlemon Sparkling Water Maker,Soda Streaming Machine for Home Use, Carbonated Water Machine with BPA Free 1L PET Bottle, Compatible with Any Screw-in 60L CO2 Exchange Carbonator, Black</p><p> -40% 0FF </p><p>$29.99</p><a href="https://www.amazon.com/dp/B0CG8W3YTG?tag=eloabder-20&linkCode=osi&th=1&psc=1">View Product</a></div>
<div class="product"><a href="https://www.amazon.com/dp/B0CNV1ZVFY?tag=eloabder-20&linkCode=osi&th=1&psc=1"><img src="https://m.media-amazon.com/images/I/51-GQToXwtL._SL500_.jpg" alt="Product Image"></a><p>Zulay Powerful Milk Frother (4 Duracell Batteries Included) - Handheld Milk Frother Wand Drink Mixer for Coffee - Powerful Milk Foamer for Cappuccino, Frappe, Matcha & Coffee Creamer - Black</p><p> -27% 0FF </p><p>$15.99</p><a href="https://www.amazon.com/dp/B0CNV1ZVFY?tag=eloabder-20&linkCode=osi&th=1&psc=1">View Product</a></div><div class="product"><a href="https://www.amazon.com/dp/B0CQS3ZS76?tag=eloabder-20&linkCode=osi&th=1&psc=1"><img src="https://m.media-amazon.com/images/I/41Qi-eOYOAL._SL500_.jpg" alt="Product Image"></a><p>5-in-1 Milk Frother and Steamer - Upgraded Automatic Milk Steamer 11.8oz Hot & Cold Foam Maker and Milk Warmer with LED Display Touch Screen & Two Whisks for Latte,Cappuccinos,Silent Working</p><p> -20% 0FF </p><p>$36.98</p><a href="https://www.amazon.com/dp/B0CQS3ZS76?tag=eloabder-20&linkCode=osi&th=1&psc=1">View Product</a></div><div class="product"><a href="https://www.amazon.com/dp/B0CT43RWPQ?tag=eloabder-20&linkCode=osi&th=1&psc=1"><img src="https://m.media-amazon.com/images/I/3113HSHcJUL._SL500_.jpg" alt="Product Image"></a><p>Keurig® SimpleCafé Milk Frother</p><p> -20% 0FF </p><p>$23.99</p><a href="https://www.amazon.com/dp/B0CT43RWPQ?tag=eloabder-20&linkCode=osi&th=1&psc=1">View Product</a></div>
<div class="product"><a href="https://www.amazon.com/dp/B00ZGCKLE2?tag=eloabder-20&linkCode=osi&th=1&psc=1"><img src="https://m.media-amazon.com/images/I/31i6YnOvfAL._SL500_.jpg" alt="Product Image"></a><p>DASH Deluxe Rapid Egg Cooker for Hard Boiled, Poached, Scrambled Eggs, Omelets, Steamed Vegetables, Dumplings & More, 12 capacity, with Auto Shut Off Feature - Black</p><p> -8% 0FF </p><p>$22.94</p><a href="https://www.amazon.com/dp/B00ZGCKLE2?tag=eloabder-20&linkCode=osi&th=1&psc=1">View Product</a></div><div class="product"><a href="https://www.amazon.com/dp/B09YFBKGCS?tag=eloabder-20&linkCode=osi&th=1&psc=1"><img src="https://m.media-amazon.com/images/I/31eiNcNseHL._SL500_.jpg" alt="Product Image"></a><p>Elite Gourmet Easy Electric 7 Egg Capacity Soft, Medium, Hard-Boiled Cooker Poacher, Scrambled, Omelet Maker with Auto Shut-Off and Buzzer, BPA Free</p><p> -7% 0FF </p><p>$13.99</p><a href="https://www.amazon.com/dp/B09YFBKGCS?tag=eloabder-20&linkCode=osi&th=1&psc=1">View Product</a></div>
<div class="product"><a href="https://www.amazon.com/dp/B0D69JWL18?tag=eloabder-20&linkCode=osi&th=1&psc=1"><img src="https://m.media-amazon.com/images/I/41kYQfIKwhL._SL500_.jpg" alt="Product Image"></a><p>Electric Meat Grinder, Sausage Stuffer Maker 450W(3000W Max) Food Grinder with Blade & 3 Plates, Sausage Stuffer Tubes & Kubbe Kit, Stainless Steel Heavy Duty Meat Mincer Machine for Home Kitchen Use</p><p> -15% 0FF </p><p>$68.99</p><a href="https://www.amazon.com/dp/B0D69JWL18?tag=eloabder-20&linkCode=osi&th=1&psc=1">View Product</a></div>
<div class="product"><a href="https://www.amazon.com/dp/B0DFMVWB9L?tag=eloabder-20&linkCode=osi&th=1&psc=1"><img src="https://m.media-amazon.com/images/I/419rFpp0fLL._SL500_.jpg" alt="Product Image"></a><p>Dough Mixer 7L Large Capacity Electric Dough Maker with Ferment Function for Baking Bread Dough&Pizza Dough - Dough whisk 304 Stainless Steel Blender Add water/seasoning with Top Small Window</p><p> -33% 0FF </p><p>$93.99</p><a href="https://www.amazon.com/dp/B0DFMVWB9L?tag=eloabder-20&linkCode=osi&th=1&psc=1">View Product</a></div><div class="product"><a href="https://www.amazon.com/dp/B09BVDKSTN?tag=eloabder-20&linkCode=osi&th=1&psc=1"><img src="https://m.media-amazon.com/images/I/41Y7r4SvteL._SL500_.jpg" alt="Product Image"></a><p>Kitchen in the box Stand Mixer,3.2Qt Small Electric Food Mixer,6 Speeds Portable Lightweight Kitchen Mixer for Daily Use with Egg Whisk,Dough Hook,Flat Beater (Blue)</p><p> -20% 0FF </p><p>$79.99</p><a href="https://www.amazon.com/dp/B09BVDKSTN?tag=eloabder-20&linkCode=osi&th=1&psc=1">View Product</a></div><div class="product"><a href="https://www.amazon.com/dp/B0DDT7GKZS?tag=eloabder-20&linkCode=osi&th=1&psc=1"><img src="https://m.media-amazon.com/images/I/41l9zrpiWsL._SL500_.jpg" alt="Product Image"></a><p>Electric Dough Maker with Ferment Function, 5L(5.2QT) Dough Mixer Machine with 304 Stainless Steel Bowl, Microcomputer Timing, Kitchen Stand Mixers, Household Flour Kneading Machine for Pizza Bread</p><p> -10% 0FF </p><p>$89.99</p><a href="https://www.amazon.com/dp/B0DDT7GKZS?tag=eloabder-20&linkCode=osi&th=1&psc=1">View Product</a></div>
<div class="product"><a href="https://www.amazon.com/dp/B006N453NQ?tag=eloabder-20&linkCode=osi&th=1&psc=1"><img src="https://m.media-amazon.com/images/I/311EqpHCn9L._SL500_.jpg" alt="Product Image"></a><p>IMUSA USA Tortilla Press, 8 Inch, Silver</p><p> -38% 0FF </p><p>$12.39</p><a href="https://www.amazon.com/dp/B006N453NQ?tag=eloabder-20&linkCode=osi&th=1&psc=1">View Product</a></div><div class="product"><a href="https://www.amazon.com/dp/B00455NTOU?tag=eloabder-20&linkCode=osi&th=1&psc=1"><img src="https://m.media-amazon.com/images/I/41OXJbbz3fL._SL500_.jpg" alt="Product Image"></a><p>CucinaPro Electric Tortilla Maker - 10" Pitas, Chapati, Roti, Flatbread, Non-Stick Cooking Plates with Ready Light and Cord Wrap</p><p> -12% 0FF </p><p>$61.65</p><a href="https://www.amazon.com/dp/B00455NTOU?tag=eloabder-20&linkCode=osi&th=1&psc=1">View Product</a></div><div class="product"><a href="https://www.amazon.com/dp/B00IFDGST6?tag=eloabder-20&linkCode=osi&th=1&psc=1"><img src="https://m.media-amazon.com/images/I/41gVmZedZML._SL500_.jpg" alt="Product Image"></a><p>Manual Corn Tortilla Maker by Monarca</p><p> -29% 0FF </p><p>$105.78</p><a href="https://www.amazon.com/dp/B00IFDGST6?tag=eloabder-20&linkCode=osi&th=1&psc=1">View Product</a></div><div class="product"><a href="https://www.amazon.com/dp/B0CRF6ZZDJ?tag=eloabder-20&linkCode=osi&th=1&psc=1"><img src="https://m.media-amazon.com/images/I/41NLGn3m6PL._SL500_.jpg" alt="Product Image"></a><p>10inch Roti Maker by StarBlue with FREE Roti Warmer and Removable Handle - The automatic Stainless Steel Non-Stick Electric machine to make Indian style Chapati, Tortilla, Roti AC 110V 50/60Hz 1200W</p><p> -13% 0FF </p><p>$69.99</p><a href="https://www.amazon.com/dp/B0CRF6ZZDJ?tag=eloabder-20&linkCode=osi&th=1&psc=1">View Product</a></div><div class="product"><a href="https://www.amazon.com/dp/B06XWNDKW7?tag=eloabder-20&linkCode=osi&th=1&psc=1"><img src="https://m.media-amazon.com/images/I/41nx+omSxCL._SL500_.jpg" alt="Product Image"></a><p>Made in Mexico Manual Corn Tortilla Maker GONZALEZ Maquina Tortilladora Aluminum 5.5" Automatic Cutting Machine</p><p> -5% 0FF </p><p>$209.87</p><a href="https://www.amazon.com/dp/B06XWNDKW7?tag=eloabder-20&linkCode=osi&th=1&psc=1">View Product</a></div>
<div class="product"><a href="https://www.amazon.com/dp/B0C82BY7CK?tag=eloabder-20&linkCode=osi&th=1&psc=1"><img src="https://m.media-amazon.com/images/I/51c+eLUrDVL._SL500_.jpg" alt="Product Image"></a><p>nutrichef Electric Crepe Maker Pan & Griddle, 12 Inch Nonstick Cooktop, LED Indicators & Adjustable Temperature Control, Includes Spatula, Batter Spreader, Cooks Crepes, Roti & Pancakes</p><p> -17% 0FF </p><p>$24.99</p><a href="https://www.amazon.com/dp/B0C82BY7CK?tag=eloabder-20&linkCode=osi&th=1&psc=1">View Product</a></div><div class="product"><a href="https://www.amazon.com/dp/B000WW46QA?tag=eloabder-20&linkCode=osi&th=1&psc=1"><img src="https://m.media-amazon.com/images/I/41CY+mgFAmL._SL500_.jpg" alt="Product Image"></a><p>CucinaPro Cordless Crepe Maker- FREE Recipe Guide, NonStick Dipping Plate plus Electric Base & Batter Spatula, Portable Compact Baker, Homemade Holiday Morning Breakfast or Dessert Treat, Gift for Her</p><p> -20% 0FF </p><p>$39.95</p><a href="https://www.amazon.com/dp/B000WW46QA?tag=eloabder-20&linkCode=osi&th=1&psc=1">View Product</a></div><div class="product"><a href="https://www.amazon.com/dp/B07GSFVVDB?tag=eloabder-20&linkCode=osi&th=1&psc=1"><img src="https://m.media-amazon.com/images/I/51XKEoqpDBL._SL500_.jpg" alt="Product Image"></a><p>Crepe Maker Machine (Easy to Use), Pancake Griddle – Nonstick 12” Electric Griddle – Pancake Maker, Batter Spreader, Wooden Spatula – Crepe Pan for Crepes Roti, Tortilla, Blintzes – Portable, Compact</p><p> -36% 0FF </p><p>$31.99 ($0.77 / oz)</p><a href="https://www.amazon.com/dp/B07GSFVVDB?tag=eloabder-20&linkCode=osi&th=1&psc=1">View Product</a></div><div class="product"><a href="https://www.amazon.com/dp/B001EZCJL8?tag=eloabder-20&linkCode=osi&th=1&psc=1"><img src="https://m.media-amazon.com/images/I/51Ih03aFGjL._SL500_.jpg" alt="Product Image"></a><p>12" Griddle & Crepe Maker, Non-Stick Electric Crepe Pan w Batter Spreader & Recipe Guide- Dual Use for Blintzes Eggs Pancakes, Portable, Adjustable Temperature Settings - Holiday Breakfast, Xmas Gift</p><p> -20% 0FF </p><p>$39.95</p><a href="https://www.amazon.com/dp/B001EZCJL8?tag=eloabder-20&linkCode=osi&th=1&psc=1">View Product</a></div>
<div class="product"><a href="https://www.amazon.com/dp/B000FZ4TZC?tag=eloabder-20&linkCode=osi&th=1&psc=1"><img src="https://m.media-amazon.com/images/I/31nyHOkItNL._SL500_.jpg" alt="Product Image"></a><p>Nostalgia 3 Tier Electric Chocolate Fondue Fountain Machine for Parties - Melts Cheese, Queso, Candy, and Liqueur - Dip Strawberries, Apple Wedges, Vegetables, and More - 24-Ounce - Black, Small</p><p> -13% 0FF </p><p>$34.99</p><a href="https://www.amazon.com/dp/B000FZ4TZC?tag=eloabder-20&linkCode=osi&th=1&psc=1">View Product</a></div><div class="product"><a href="https://www.amazon.com/dp/B0D7SZXBRW?tag=eloabder-20&linkCode=osi&th=1&psc=1"><img src="https://m.media-amazon.com/images/I/41+DhKbj5zL._SL500_.jpg" alt="Product Image"></a><p>Electric Chocolate Fondue Fountain Machine, 3-Tier Chocolate and Cheese Melting Fountain with 10oz Capacity, Stainless Steel Mini Chocolate Fountain for Parties, Weddings, Birthdays, and Events</p><p> -24% 0FF </p><p>$18.99</p><a href="https://www.amazon.com/dp/B0D7SZXBRW?tag=eloabder-20&linkCode=osi&th=1&psc=1">View Product</a></div>
<div class="product"><a href="https://www.amazon.com/dp/B0888F15LM?tag=eloabder-20&linkCode=osi&th=1&psc=1"><img src="https://m.media-amazon.com/images/I/41Ikd-J1tpL._SL500_.jpg" alt="Product Image"></a><p>Taylor Swoden Electric Kettle with Tea Infuser, 1L Small Electric Tea Kettle with Keep Warm, LED Light Hot Water Boiler & Heater for Coffee & Tea, Auto Shut-Off & Boil Dry Protection, BPA Free, Black</p><p> -7% 0FF </p><p>$27.99</p><a href="https://www.amazon.com/dp/B0888F15LM?tag=eloabder-20&linkCode=osi&th=1&psc=1">View Product</a></div>
<div class="product"><a href="https://www.amazon.com/dp/B07X6C6J25?tag=eloabder-20&linkCode=osi&th=1&psc=1"><img src="https://m.media-amazon.com/images/I/41RaGumc3qL._SL500_.jpg" alt="Product Image"></a><p>ALINK 5-Pack Bottle Brush Cleaner - Long Bamboo Handle Water Bottle Straw Cleaning Brush for Washing Narrow Neck Beer Wine Decanter, Sports Bottle, Thermos, Flask</p><p> -29% 0FF </p><p>$9.99</p><a href="https://www.amazon.com/dp/B07X6C6J25?tag=eloabder-20&linkCode=osi&th=1&psc=1">View Product</a></div><div class="product"><a href="https://www.amazon.com/dp/B0BQLGCQVD?tag=eloabder-20&linkCode=osi&th=1&psc=1"><img src="https://m.media-amazon.com/images/I/3144LGFz9-L._SL500_.jpg" alt="Product Image"></a><p>5 Pcs Bottle Brush with Stainless Steel and Long Handle, Specialized for Sports Bottles, Baby Bottle, Cups, Coffee Mugs, Glasswares, Tumblers, Wine Decanters Cleaning</p><p> -25% 0FF </p><p>$1.50</p><a href="https://www.amazon.com/dp/B0BQLGCQVD?tag=eloabder-20&linkCode=osi&th=1&psc=1">View Product</a></div>
<div class="product"><a href="https://www.amazon.com/dp/B01EVHWNVG?tag=eloabder-20&linkCode=osi&th=1&psc=1"><img src="https://m.media-amazon.com/images/I/41DiyhHQuzL._SL500_.jpg" alt="Product Image"></a><p>Zojirushi NS-LGC05XB Micom Rice Cooker & Warmer, 3-Cups (uncooked), Stainless Black</p><p> -27% 0FF </p><p>$142.14</p><a href="https://www.amazon.com/dp/B01EVHWNVG?tag=eloabder-20&linkCode=osi&th=1&psc=1">View Product</a></div><div class="product"><a href="https://www.amazon.com/dp/B098BVDKYK?tag=eloabder-20&linkCode=osi&th=1&psc=1"><img src="https://m.media-amazon.com/images/I/31LwHSfartL._SL500_.jpg" alt="Product Image"></a><p>Aroma Housewares 4-Cups (Cooked) / 1Qt. Rice & Grain Cooker (ARC-302NGP), Pink</p><p> -20% 0FF </p><p>$19.99</p><a href="https://www.amazon.com/dp/B098BVDKYK?tag=eloabder-20&linkCode=osi&th=1&psc=1">View Product</a></div><div class="product"><a href="https://www.amazon.com/dp/B091BZQMMT?tag=eloabder-20&linkCode=osi&th=1&psc=1"><img src="https://m.media-amazon.com/images/I/31L3e+bmJ3L._SL500_.jpg" alt="Product Image"></a><p>GreenLife 4-Cup Digital Rice Cooker, PFAS & PFOA-Free Removable Ceramic Dishwasher Safe Pot, Healthy Cooking Oats Grains & More, Auto Presets, Touch-screen, Delay & Keep Warm, Paddle Included, White</p><p> -34% 0FF </p><p>$33.00</p><a href="https://www.amazon.com/dp/B091BZQMMT?tag=eloabder-20&linkCode=osi&th=1&psc=1">View Product</a></div><div class="product"><a href="https://www.amazon.com/dp/B00007J5U7?tag=eloabder-20&linkCode=osi&th=1&psc=1"><img src="https://m.media-amazon.com/images/I/31wuPFARpOS._SL500_.jpg" alt="Product Image"></a><p>Zojirushi NS-ZCC10 5-1/2-Cup Neuro Fuzzy Rice Cooker and Warmer, Premium White</p><p> -18% 0FF </p><p>$199.99</p><a href="https://www.amazon.com/dp/B00007J5U7?tag=eloabder-20&linkCode=osi&th=1&psc=1">View Product</a></div>
<div class="product"><a href="https://www.amazon.com/dp/B01LYR6VNZ?tag=eloabder-20&linkCode=osi&th=1&psc=1"><img src="https://m.media-amazon.com/images/I/51BYZ5qkPBL._SL500_.jpg" alt="Product Image"></a><p>BLACK+DECKER 1.5-Cup Electric Food Chopper, One Touch Pulse, 150W Motor, Stay-Sharp Blade, Dishwasher Safe</p><p> -15% 0FF </p><p>$16.99</p><a href="https://www.amazon.com/dp/B01LYR6VNZ?tag=eloabder-20&linkCode=osi&th=1&psc=1">View Product</a></div><div class="product"><a href="https://www.amazon.com/dp/B01LX8I3R3?tag=eloabder-20&linkCode=osi&th=1&psc=1"><img src="https://m.media-amazon.com/images/I/31OuiPMscGL._SL500_.jpg" alt="Product Image"></a><p>KitchenAid KFC3516CU 3.5 Cup Food Chopper, Contour Silver</p><p> -25% 0FF </p><p>$44.95</p><a href="https://www.amazon.com/dp/B01LX8I3R3?tag=eloabder-20&linkCode=osi&th=1&psc=1">View Product</a></div><div class="product"><a href="https://www.amazon.com/dp/B00006IUX0?tag=eloabder-20&linkCode=osi&th=1&psc=1"><img src="https://m.media-amazon.com/images/I/41DiC1LmvUL._SL500_.jpg" alt="Product Image"></a><p>Proctor Silex Durable Electric Vegetable Chopper & Mini Food Processor for Chopping, Puree & Emulsify, 1.5 Cup, 1.5 cups, White</p><p> -17% 0FF </p><p>$14.99</p><a href="https://www.amazon.com/dp/B00006IUX0?tag=eloabder-20&linkCode=osi&th=1&psc=1">View Product</a></div><div class="product"><a href="https://www.amazon.com/dp/B0CSYVGP9S?tag=eloabder-20&linkCode=osi&th=1&psc=1"><img src="https://m.media-amazon.com/images/I/41kBleyq34L._SL500_.jpg" alt="Product Image"></a><p>DEVINC Food Processor, Electric Food Chopper with 2 Bowls (8 Cup+8 Cup), 2 Sets Blades, 500W Meat Grinder & Veggie Chopper, 2 Speed for Baby food &Family Use Blue</p><p> -40% 0FF </p><p>$29.99</p><a href="https://www.amazon.com/dp/B0CSYVGP9S?tag=eloabder-20&linkCode=osi&th=1&psc=1">View Product</a></div>
<div class="product"><a href="https://www.amazon.com/dp/B07D7TFTVN?tag=eloabder-20&linkCode=osi&th=1&psc=1"><img src="https://m.media-amazon.com/images/I/31ZeQnL1X4L._SL500_.jpg" alt="Product Image"></a><p>Elite Gourmet EMT-625B Ultimate Precision Electric Deli Food Meat Slicer Removable Stainless Steel Blade, Adjustable Thickness, Ideal for Cold Cuts, Hard Cheese, Vegetables & Bread, 7.5”, Black</p><p> -25% 0FF </p><p>$60.24</p><a href="https://www.amazon.com/dp/B07D7TFTVN?tag=eloabder-20&linkCode=osi&th=1&psc=1">View Product</a></div><div class="product"><a href="https://www.amazon.com/dp/B0CLDD8DHP?tag=eloabder-20&linkCode=osi&th=1&psc=1"><img src="https://m.media-amazon.com/images/I/41ScDNLkLAL._SL500_.jpg" alt="Product Image"></a><p>Meat Slicer,TOKASS Electric Deli Food Slicer with Removable 7.5’’ Stainless Steel Blade, Adjustable Thickness Meat Slicer for Home Use, Child Lock Protection, Easy to Clean, Food Slicer Machine-Silver</p><p> -5% 0FF </p><p>$89.99</p><a href="https://www.amazon.com/dp/B0CLDD8DHP?tag=eloabder-20&linkCode=osi&th=1&psc=1">View Product</a></div><div class="product"><a href="https://www.amazon.com/dp/B08FWZ9J18?tag=eloabder-20&linkCode=osi&th=1&psc=1"><img src="https://m.media-amazon.com/images/I/41YjSPaAYwL._SL500_.jpg" alt="Product Image"></a><p>Meat Slicer, Techwood Electric Deil Food Slicer with Removable 9” Stainless Steel Blade, Deli Cheese Fruit Vegetable Bread Cutter with Adjustable Knob for Thickness, Food Carriage & Non-Slip Feet</p><p> -22% 0FF </p><p>$139.98</p><a href="https://www.amazon.com/dp/B08FWZ9J18?tag=eloabder-20&linkCode=osi&th=1&psc=1">View Product</a></div>
<div class="product"><a href="https://www.amazon.com/dp/B00XPRRHYW?tag=eloabder-20&linkCode=osi&th=1&psc=1"><img src="https://m.media-amazon.com/images/I/31dUvP1wfeL._SL500_.jpg" alt="Product Image"></a><p>KitchenAid Fruit and Vegetable Spiralizer Attachment Stand Mixer, Polished Aluminum</p><p> -46% 0FF </p><p>$69.99</p><a href="https://www.amazon.com/dp/B00XPRRHYW?tag=eloabder-20&linkCode=osi&th=1&psc=1">View Product</a></div>
<div class="product"><a href="https://www.amazon.com/dp/B07DD3CPMW?tag=eloabder-20&linkCode=osi&th=1&psc=1"><img src="https://m.media-amazon.com/images/I/415ikDbvbCL._SL500_.jpg" alt="Product Image"></a><p>OVENTE Portable 5 Speed Mixing Electric Hand Mixer with Stainless Steel Whisk Beater Attachments & Snap Storage Case, Compact Lightweight 150 Watt Powerful Blender for Baking & Cooking, Red HM151R</p><p> -8% 0FF </p><p>$15.63</p><a href="https://www.amazon.com/dp/B07DD3CPMW?tag=eloabder-20&linkCode=osi&th=1&psc=1">View Product</a></div><div class="product"><a href="https://www.amazon.com/dp/B009N68ULS?tag=eloabder-20&linkCode=osi&th=1&psc=1"><img src="https://m.media-amazon.com/images/I/31pxKM3rl7L._SL500_.jpg" alt="Product Image"></a><p>KitchenAid 5 Speed Ultra Power Hand Mixer, Onyx Black</p><p> -25% 0FF </p><p>$44.95</p><a href="https://www.amazon.com/dp/B009N68ULS?tag=eloabder-20&linkCode=osi&th=1&psc=1">View Product</a></div><div class="product"><a href="https://www.amazon.com/dp/B09JV8DBX5?tag=eloabder-20&linkCode=osi&th=1&psc=1"><img src="https://m.media-amazon.com/images/I/31rRc0J8DTL._SL500_.jpg" alt="Product Image"></a><p>KitchenAid 6 Speed Hand Mixer with Flex Edge Beaters - KHM6118</p><p> -25% 0FF </p><p>$59.99</p><a href="https://www.amazon.com/dp/B09JV8DBX5?tag=eloabder-20&linkCode=osi&th=1&psc=1">View Product</a></div><div class="product"><a href="https://www.amazon.com/dp/B0BS75GLH2?tag=eloabder-20&linkCode=osi&th=1&psc=1"><img src="https://m.media-amazon.com/images/I/31Dss3HeqwL._SL500_.jpg" alt="Product Image"></a><p>Electric Egg Beater, Cordless Hand Mixer 3 Speeds for Home Baking (Black)</p><p> -11% 0FF </p><p>$15.97</p><a href="https://www.amazon.com/dp/B0BS75GLH2?tag=eloabder-20&linkCode=osi&th=1&psc=1">View Product</a></div><div class="product"><a href="https://www.amazon.com/dp/B075X1KPLZ?tag=eloabder-20&linkCode=osi&th=1&psc=1"><img src="https://m.media-amazon.com/images/I/515aqZsYz-L._SL500_.jpg" alt="Product Image"></a><p>Mueller Immersion Blender Handheld - 8 Speed Stainless Steel Electric Hand Blender, 3 in 1 Emulsion Blender Handheld with Turbo Mode, Stick Blender Emulsifier for Kitchen for Soup, Smoothie, Puree</p><p> -13% 0FF </p><p>$34.99</p><a href="https://www.amazon.com/dp/B075X1KPLZ?tag=eloabder-20&linkCode=osi&th=1&psc=1">View Product</a></div>
<div class="product"><a href="https://www.amazon.com/dp/B07GJXFCGR?tag=eloabder-20&linkCode=osi&th=1&psc=1"><img src="https://m.media-amazon.com/images/I/41bfOIwQ93L._SL500_.jpg" alt="Product Image"></a><p>Whisk Wiper® PRO compatible with KitchenAid Bowl-Lift Stand Mixers - Mix Without The Mess - The Ultimate Stand Mixer Accessory - Only Compatible With 6-Wire Whisks (Glass Blue)</p><p> -5% 0FF </p><p>$18.95</p><a href="https://www.amazon.com/dp/B07GJXFCGR?tag=eloabder-20&linkCode=osi&th=1&psc=1">View Product</a></div><div class="product"><a href="https://www.amazon.com/dp/B07796MWGN?tag=eloabder-20&linkCode=osi&th=1&psc=1"><img src="https://m.media-amazon.com/images/I/41GMDDQ6GWL._SL500_.jpg" alt="Product Image"></a><p>Whisk Wiper® PRO for Stand Mixers - Mix Without The Mess - The Ultimate Stand Mixer Accessory - Compatible With KitchenAid Tilt-Head Stand Mixers - 4.5qt, 5qt (Color: Clear)</p><p> -5% 0FF </p><p>$18.95</p><a href="https://www.amazon.com/dp/B07796MWGN?tag=eloabder-20&linkCode=osi&th=1&psc=1">View Product</a></div><div class="product"><a href="https://www.amazon.com/dp/B091F4PDNH?tag=eloabder-20&linkCode=osi&th=1&psc=1"><img src="https://m.media-amazon.com/images/I/31sUVweurbL._SL500_.jpg" alt="Product Image"></a><p>3- in-1 Immersion Hand blender, Powerful MOTOR & Stainless Steel Stick Blender, 4 Sharpe Blades with Whisk, Milk Frother Attachments</p><p> -16% 0FF </p><p>$22.80</p><a href="https://www.amazon.com/dp/B091F4PDNH?tag=eloabder-20&linkCode=osi&th=1&psc=1">View Product</a></div><div class="product"><a href="https://www.amazon.com/dp/B0CH4YZMTN?tag=eloabder-20&linkCode=osi&th=1&psc=1"><img src="https://m.media-amazon.com/images/I/41Q0AfduopL._SL500_.jpg" alt="Product Image"></a><p>Double Whisk Milk Frother, Handheld Electric Blender stick, Drink Mixer with Food Grade Stainless Steel Stirrer, Battery Operated Foam Maker for Coffee, Cappuccino, Matcha,Hot Chocolate Latte, in Pink</p><p> -20% 0FF </p><p>$7.99</p><a href="https://www.amazon.com/dp/B0CH4YZMTN?tag=eloabder-20&linkCode=osi&th=1&psc=1">View Product</a></div>
<div class="product"><a href="https://www.amazon.com/dp/B072TNMLNF?tag=eloabder-20&linkCode=osi&th=1&psc=1"><img src="https://m.media-amazon.com/images/I/41OnUdyH+sL._SL500_.jpg" alt="Product Image"></a><p>KitchenAid Vegetable Sheet Cutter, 1, Metallic</p><p> -38% 0FF </p><p>$79.99</p><a href="https://www.amazon.com/dp/B072TNMLNF?tag=eloabder-20&linkCode=osi&th=1&psc=1">View Product</a></div><div class="product"><a href="https://www.amazon.com/dp/B08GS17PFW?tag=eloabder-20&linkCode=osi&th=1&psc=1"><img src="https://m.media-amazon.com/images/I/41wT8q2I1aL._SL500_.jpg" alt="Product Image"></a><p>Spiralizer Attachment (5 Blades) Compatible with KitchenAid Stand Mixer, Comes with Peel, Core and Slice (Not KitchenAid Brand Spiralizer)</p><p> -22% 0FF </p><p>$69.98</p><a href="https://www.amazon.com/dp/B08GS17PFW?tag=eloabder-20&linkCode=osi&th=1&psc=1">View Product</a></div><div class="product"><a href="https://www.amazon.com/dp/B07H4K499J?tag=eloabder-20&linkCode=osi&th=1&psc=1"><img src="https://m.media-amazon.com/images/I/41y9+qxAXXL._SL500_.jpg" alt="Product Image"></a><p>Electric Food Processor,Food Chopper with Garlic Peeler and Titanium Coating Blades, 5 Cup Glass Bowl for Vegetables Fruit Salad Onion Garlic Meat Ice Chopper, Silver</p><p> -7% 0FF </p><p>$41.99</p><a href="https://www.amazon.com/dp/B07H4K499J?tag=eloabder-20&linkCode=osi&th=1&psc=1">View Product</a></div><div class="product"><a href="https://www.amazon.com/dp/B0D54CYJWN?tag=eloabder-20&linkCode=osi&th=1&psc=1"><img src="https://m.media-amazon.com/images/I/41JhLwIwMEL._SL500_.jpg" alt="Product Image"></a><p>Sunvivi Electric Food Chopper, 4 in 1 Small Food Processor for Grinding Meat, Peeling Garlic & Juicing, 2 Speed Blender and Food Grinder Combo with 1.5L Glass Bowl & 2 Cups (0.4L+0.2L), Black</p><p> -17% 0FF </p><p>$49.99</p><a href="https://www.amazon.com/dp/B0D54CYJWN?tag=eloabder-20&linkCode=osi&th=1&psc=1">View Product</a></div>
<div class="product"><a href="https://www.amazon.com/dp/B0CJLKS9CR?tag=eloabder-20&linkCode=osi&th=1&psc=1"><img src="https://m.media-amazon.com/images/I/41l9Ty14tRL._SL500_.jpg" alt="Product Image"></a><p>Mason Jar Vacuum Sealer - Electric Mason Jar Sealer Vacuum Sealing Kit, Vacuum Sealer for Mason Canning Jars with Can Opener, Regular and Wide Mouth Mason Jar Lids</p><p> -63% 0FF </p><p>$21.99</p><a href="https://www.amazon.com/dp/B0CJLKS9CR?tag=eloabder-20&linkCode=osi&th=1&psc=1">View Product</a></div>
<div class="product"><a href="https://www.amazon.com/dp/B01261VEOG?tag=eloabder-20&linkCode=osi&th=1&psc=1"><img src="https://m.media-amazon.com/images/I/418kVwEu+dL._SL500_.jpg" alt="Product Image"></a><p>Secura Electric Wine Opener, Automatic Electric Wine Bottle Corkscrew Opener with Foil Cutter, Rechargeable (Stainless Steel)</p><p> -35% 0FF </p><p>$21.77</p><a href="https://www.amazon.com/dp/B01261VEOG?tag=eloabder-20&linkCode=osi&th=1&psc=1">View Product</a></div><div class="product"><a href="https://www.amazon.com/dp/B07MH2W7QS?tag=eloabder-20&linkCode=osi&th=1&psc=1"><img src="https://m.media-amazon.com/images/I/41SB3Mq+ZtL._SL500_.jpg" alt="Product Image"></a><p>Air Pressure Pump Bottle Opener With Foil Cutter,Aerator Pourer,Vacuum Stopper(4PCS),Simple Cork Remover,Efficient Corkscrew Bottle Opener,Great For Wine Lovers,Perfect Wine Gift.</p><p> -33% 0FF </p><p>$9.99</p><a href="https://www.amazon.com/dp/B07MH2W7QS?tag=eloabder-20&linkCode=osi&th=1&psc=1">View Product</a></div><div class="product"><a href="https://www.amazon.com/dp/B08D8XHNXQ?tag=eloabder-20&linkCode=osi&th=1&psc=1"><img src="https://m.media-amazon.com/images/I/412uOa7TXAL._SL500_.jpg" alt="Product Image"></a><p>COKUNST Electric Wine Opener, Battery Operated Wine Bottle Openers with Foil Cutter, One-click Button Corkscrew Remover for Home Kitchen Party Wedding</p><p> -32% 0FF </p><p>$12.99</p><a href="https://www.amazon.com/dp/B08D8XHNXQ?tag=eloabder-20&linkCode=osi&th=1&psc=1">View Product</a></div><div class="product"><a href="https://www.amazon.com/dp/B00NOPV4JO?tag=eloabder-20&linkCode=osi&th=1&psc=1"><img src="https://m.media-amazon.com/images/I/31Z5OAL71SL._SL500_.jpg" alt="Product Image"></a><p>Rabbit Automatic Electric Corkscrew Wine Bottle Opener, One Size, Shiny Black</p><p> -24% 0FF </p><p>$34.99</p><a href="https://www.amazon.com/dp/B00NOPV4JO?tag=eloabder-20&linkCode=osi&th=1&psc=1">View Product</a></div>
<div class="product"><a href="https://www.amazon.com/dp/B0C84YQTNB?tag=eloabder-20&linkCode=osi&th=1&psc=1"><img src="https://m.media-amazon.com/images/I/51eZxT5kAZL._SL500_.jpg" alt="Product Image"></a><p>OurWarm Christmas Refrigerator Handle Covers Set of 4, Christmas Kitchen Decor Nutcracker Fridge Door Handle Cover Appliance Handle Covers for Christmas Decorations</p><p> -23% 0FF </p><p>$9.99 ($2.50 / Count)</p><a href="https://www.amazon.com/dp/B0C84YQTNB?tag=eloabder-20&linkCode=osi&th=1&psc=1">View Product</a></div><div class="product"><a href="https://www.amazon.com/dp/B0DJPYJTLW?tag=eloabder-20&linkCode=osi&th=1&psc=1"><img src="https://m.media-amazon.com/images/I/41nftVACcIL._SL500_.jpg" alt="Product Image"></a><p>Yankee Candle Scentplug Diffuser, Nutcracker with Light Sensor</p><p> -13% 0FF </p><p>$19.89</p><a href="https://www.amazon.com/dp/B0DJPYJTLW?tag=eloabder-20&linkCode=osi&th=1&psc=1">View Product</a></div>
<div class="product"><a href="https://www.amazon.com/dp/B0BNQXXT2F?tag=eloabder-20&linkCode=osi&th=1&psc=1"><img src="https://m.media-amazon.com/images/I/31X0LkDwyKL._SL500_.jpg" alt="Product Image"></a><p>Hamilton Beach Electric Knife Set with Reciprocating Serrated Blades, Storage Case, Fork - For Carving Meats, Bread, Foam, More</p><p> -14% 0FF </p><p>$21.49</p><a href="https://www.amazon.com/dp/B0BNQXXT2F?tag=eloabder-20&linkCode=osi&th=1&psc=1">View Product</a></div><div class="product"><a href="https://www.amazon.com/dp/B00006IUX1?tag=eloabder-20&linkCode=osi&th=1&psc=1"><img src="https://m.media-amazon.com/images/I/21YsbXZzuqL._SL500_.jpg" alt="Product Image"></a><p>Proctor Silex Easy Slice Electric Knife for Carving Meats, Poultry, Bread, Crafting Foam and More, Lightweight with Contoured Grip, White</p><p> -5% 0FF </p><p>$18.99</p><a href="https://www.amazon.com/dp/B00006IUX1?tag=eloabder-20&linkCode=osi&th=1&psc=1">View Product</a></div>

<div class="product"><a href="https://www.amazon.com/dp/B079MJ68Y9?tag=eloabder-20&linkCode=osi&th=1&psc=1"><img src="https://m.media-amazon.com/images/I/211nSaqDuuL._SL500_.jpg" alt="Product Image"></a><p>OVENTE Electric Immersion Hand Blender 300 Watt 2 Mixing Speed with Stainless Steel Blades, Powerful Portable Easy Control Grip Stick Mixer Perfect for Smoothies, Puree Baby Food & Soup, Red HS560R</p><p> -23% 0FF </p><p>$16.96</p><a href="https://www.amazon.com/dp/B079MJ68Y9?tag=eloabder-20&linkCode=osi&th=1&psc=1">View Product</a></div><div class="product"><a href="https://www.amazon.com/dp/B08HSNGR8P?tag=eloabder-20&linkCode=osi&th=1&psc=1"><img src="https://m.media-amazon.com/images/I/510nvQxxbfL._SL500_.jpg" alt="Product Image"></a><p>Mueller Multistick 800W 4-in-1 Immersion Blender Handheld, 12 Speed Hand Mixer - Turbo Boost, Heaviest Duty Copper Motor, Titanium Blades Hand Blender, Milk Frother Wand, Whisk, Beaker, Chopper</p><p> -20% 0FF </p><p>$39.96</p><a href="https://www.amazon.com/dp/B08HSNGR8P?tag=eloabder-20&linkCode=osi&th=1&psc=1">View Product</a></div><div class="product"><a href="https://www.amazon.com/dp/B08F2SS6T2?tag=eloabder-20&linkCode=osi&th=1&psc=1"><img src="https://m.media-amazon.com/images/I/21TyV9p71CL._SL500_.jpg" alt="Product Image"></a><p>KitchenAid Variable Speed Corded Hand Blender KHBV53, Empire Red</p><p> -25% 0FF </p><p>$44.99</p><a href="https://www.amazon.com/dp/B08F2SS6T2?tag=eloabder-20&linkCode=osi&th=1&psc=1">View Product</a></div>
<div class="product"><a href="https://www.amazon.com/dp/B0DB29NMGK?tag=eloabder-20&linkCode=osi&th=1&psc=1"><img src="https://m.media-amazon.com/images/I/41zIfRgW1QL._SL500_.jpg" alt="Product Image"></a><p>Garlic Press, UHIYEE Multipurpose Garlic Grinder BPA-Free, Garlic Crusher Tool Dishwasher Safe, Easy-Clean Garlic Press Mincer, Ideal Kitchen Gifts</p><p> -14% 0FF </p><p>$18.95</p><a href="https://www.amazon.com/dp/B0DB29NMGK?tag=eloabder-20&linkCode=osi&th=1&psc=1">View Product</a></div><div class="product"><a href="https://www.amazon.com/dp/B0D969K4X6?tag=eloabder-20&linkCode=osi&th=1&psc=1"><img src="https://m.media-amazon.com/images/I/41oe5uMPzbL._SL500_.jpg" alt="Product Image"></a><p>KOIOS Food Processor, 500W Electric Food Chopper with 2 Bowls (8 Cup+8 Cup) & 2 Bi-Level Blades&, Small Electric Grinder Meat Processor for Nuts, Meat, Onion, Garlic, Baby Food, Blue</p><p> -25% 0FF </p><p>$29.99</p><a href="https://www.amazon.com/dp/B0D969K4X6?tag=eloabder-20&linkCode=osi&th=1&psc=1">View Product</a></div>
<div class="product"><a href="https://www.amazon.com/dp/B01MUTSU13?tag=eloabder-20&linkCode=osi&th=1&psc=1"><img src="https://m.media-amazon.com/images/I/41LObBw8jvL._SL500_.jpg" alt="Product Image"></a><p>KitchenAid Fresh Prep Slicer/Shredder, 1, White</p><p> -25% 0FF </p><p>$44.99</p><a href="https://www.amazon.com/dp/B01MUTSU13?tag=eloabder-20&linkCode=osi&th=1&psc=1">View Product</a></div><div class="product"><a href="https://www.amazon.com/dp/B0CRDX11GS?tag=eloabder-20&linkCode=osi&th=1&psc=1"><img src="https://m.media-amazon.com/images/I/41FzBxdrTHL._SL500_.jpg" alt="Product Image"></a><p>Heiolkako Stainless Steel Slicer Shredder Attachment for KitchenAid Stand Mixer,Cheese Grater,Salad Maker,Grinding Powder,Kitchenaid Cheese Grater Attachment with 4 Blades</p><p> -54% 0FF </p><p>$32.19</p><a href="https://www.amazon.com/dp/B0CRDX11GS?tag=eloabder-20&linkCode=osi&th=1&psc=1">View Product</a></div><div class="product"><a href="https://www.amazon.com/dp/B07H96RQDK?tag=eloabder-20&linkCode=osi&th=1&psc=1"><img src="https://m.media-amazon.com/images/I/41TaPboi9IL._SL500_.jpg" alt="Product Image"></a><p>Slicer Shredder Attachment for KitchenAid Stand Mixers, Vegetable for Kitchenaid, Cheese Grater by Gvode</p><p> -23% 0FF </p><p>$35.99</p><a href="https://www.amazon.com/dp/B07H96RQDK?tag=eloabder-20&linkCode=osi&th=1&psc=1">View Product</a></div><div class="product"><a href="https://www.amazon.com/dp/B09ZTVCN76?tag=eloabder-20&linkCode=osi&th=1&psc=1"><img src="https://m.media-amazon.com/images/I/51295QO3owL._SL500_.jpg" alt="Product Image"></a><p>FOHERE Electric Cheese Grater Salad Maker, Electric Slicer Shredder for Home Kitchen Use, One-Touch Easy Control, Electric Grater for Vegetables, Cheeses and Nuts, BPA-Free, Red</p><p> -8% 0FF </p><p>$54.99</p><a href="https://www.amazon.com/dp/B09ZTVCN76?tag=eloabder-20&linkCode=osi&th=1&psc=1">View Product</a></div><div class="product"><a href="https://www.amazon.com/dp/B00006IV0R?tag=eloabder-20&linkCode=osi&th=1&psc=1"><img src="https://m.media-amazon.com/images/I/41hdPUCSeiL._SL500_.jpg" alt="Product Image"></a><p>Presto Salad Shooter Electric Slicer/Shredder,White</p><p> -12% 0FF </p><p>$43.99</p><a href="https://www.amazon.com/dp/B00006IV0R?tag=eloabder-20&linkCode=osi&th=1&psc=1">View Product</a></div><div class="product"><a href="https://www.amazon.com/dp/B0000Z6JJG?tag=eloabder-20&linkCode=osi&th=1&psc=1"><img src="https://m.media-amazon.com/images/I/41qu0qCEbpL._SL500_.jpg" alt="Product Image"></a><p>Presto 02970 Professional SaladShooter Electric Slicer/Shredder, Black,1 count</p><p> -7% 0FF </p><p>$69.94</p><a href="https://www.amazon.com/dp/B0000Z6JJG?tag=eloabder-20&linkCode=osi&th=1&psc=1">View Product</a></div>
<div class="product"><a href="https://www.amazon.com/dp/B0CRH69TNQ?tag=eloabder-20&linkCode=osi&th=1&psc=1"><img src="https://m.media-amazon.com/images/I/41TdTRUZE+L._SL500_.jpg" alt="Product Image"></a><p>KSIFJRTO Electric Salad Spinner Large 4.75L.Vegetable Washer Dryer Dishwasher Safe.Lettuce Cleaner and Dryer.BPA Free and Easy to Use</p><p> -5% 0FF </p><p>$37.99</p><a href="https://www.amazon.com/dp/B0CRH69TNQ?tag=eloabder-20&linkCode=osi&th=1&psc=1">View Product</a></div><div class="product"><a href="https://www.amazon.com/dp/B0C8166T64?tag=eloabder-20&linkCode=osi&th=1&psc=1"><img src="https://m.media-amazon.com/images/I/51vSDD8O4XL._SL500_.jpg" alt="Product Image"></a><p>Electric Salad Spinner 6.3-Quart– Large Capacity Lettuce Spinner with Squeeze Bottle,Built-In Draining System,and Bowl & Colander – Serves 6-12 Persons Perfect for Family Meals, Parties and Gatherings</p><p> -20% 0FF </p><p>$39.99</p><a href="https://www.amazon.com/dp/B0C8166T64?tag=eloabder-20&linkCode=osi&th=1&psc=1">View Product</a></div><div class="product"><a href="https://www.amazon.com/dp/B0CBRXK8TV?tag=eloabder-20&linkCode=osi&th=1&psc=1"><img src="https://m.media-amazon.com/images/I/51F8UrWeiVL._SL500_.jpg" alt="Product Image"></a><p>Electric Salad Spinner,Automatic Salad Rotator,USB Chargeble Lettuce Spinner- Easy Water Drain System,Lettuce Cleaner and Dryer for Home Kitchen Washing & Drying Leafy Vegetables (White)</p><p> -11% 0FF </p><p>$32.99</p><a href="https://www.amazon.com/dp/B0CBRXK8TV?tag=eloabder-20&linkCode=osi&th=1&psc=1">View Product</a></div>
<div class="product"><a href="https://www.amazon.com/dp/B06XQMK2GJ?tag=eloabder-20&linkCode=osi&th=1&psc=1"><img src="https://m.media-amazon.com/images/I/31e1L9CJeZL._SL500_.jpg" alt="Product Image"></a><p>Hobart 00-270348 Tenderizer Cover, 13" Height, 13" Width, 9" Length</p><p> -43% 0FF </p><p>$153.87</p><a href="https://www.amazon.com/dp/B06XQMK2GJ?tag=eloabder-20&linkCode=osi&th=1&psc=1">View Product</a></div>
<div class="product"><a href="https://www.amazon.com/dp/B001DZ6TH4?tag=eloabder-20&linkCode=osi&th=1&psc=1"><img src="https://m.media-amazon.com/images/I/31WNioaDy-L._SL500_.jpg" alt="Product Image"></a><p>Tribest CitriStar Citrus Stainless Steel Strainer and Spout, Electric Juicer, White</p><p> -22% 0FF </p><p>$46.96</p><a href="https://www.amazon.com/dp/B001DZ6TH4?tag=eloabder-20&linkCode=osi&th=1&psc=1">View Product</a></div>
<div class="product"><a href="https://www.amazon.com/dp/B07SJQZVZS?tag=eloabder-20&linkCode=osi&th=1&psc=1"><img src="https://m.media-amazon.com/images/I/41F036om3pL._SL500_.jpg" alt="Product Image"></a><p>WEPSEN Hand Mixer Electric Mixing Bowls Set, 5 Speeds Handheld Mixer with 4 Nesting Stainless Steel Mixing Bowl, Measuring Cups Spoons 200W Kitchen Blender Whisk Beater Baking Supplies For Beginner</p><p> -5% 0FF </p><p>$40.99</p><a href="https://www.amazon.com/dp/B07SJQZVZS?tag=eloabder-20&linkCode=osi&th=1&psc=1">View Product</a></div><div class="product"><a href="https://www.amazon.com/dp/B08PYNC8T8?tag=eloabder-20&linkCode=osi&th=1&psc=1"><img src="https://m.media-amazon.com/images/I/31vrHycpiJL._SL500_.jpg" alt="Product Image"></a><p>Milk Frothing Pitcher, 12 Oz Milk Frother Steamer Cup Stainless Steel Espresso Cup</p><p> -28% 0FF </p><p>$8.69</p><a href="https://www.amazon.com/dp/B08PYNC8T8?tag=eloabder-20&linkCode=osi&th=1&psc=1">View Product</a></div><div class="product"><a href="https://www.amazon.com/dp/B08J3XXP67?tag=eloabder-20&linkCode=osi&th=1&psc=1"><img src="https://m.media-amazon.com/images/I/41OnPGc9k9L._SL500_.jpg" alt="Product Image"></a><p>EIKS 2 Pack 3oz(100ml) Glass Measuring Cups Milk Frothing Pitcher for Coffee Espresso Cappuccino Latte Juice Maker in Kitchen Restaurant</p><p> -16% 0FF </p><p>$9.99 ($5.00 / Count)</p><a href="https://www.amazon.com/dp/B08J3XXP67?tag=eloabder-20&linkCode=osi&th=1&psc=1">View Product</a></div>
<div class="product"><a href="https://www.amazon.com/dp/B0D41QZ9T2?tag=eloabder-20&linkCode=osi&th=1&psc=1"><img src="https://m.media-amazon.com/images/I/41V+hiXhcgL._SL500_.jpg" alt="Product Image"></a><p>3 in 1 Cup Lid Cleaning Brush, 2024 Multifunctional Crevice Portable Cup Lid Cleaning Brush for Bottle Gap Tight Spaces Cup (B-Green)</p><p> -60% 0FF </p><p>$3.99</p><a href="https://www.amazon.com/dp/B0D41QZ9T2?tag=eloabder-20&linkCode=osi&th=1&psc=1">View Product</a></div><div class="product"><a href="https://www.amazon.com/dp/B08ZJXMHR5?tag=eloabder-20&linkCode=osi&th=1&psc=1"><img src="https://m.media-amazon.com/images/I/31k9l0vz6VL._SL500_.jpg" alt="Product Image"></a><p>Brew Addicts Coffee Scoop Funnel for Reusable K Cups, Coffee Spoon Keurig Accessories for Keurig Brewers & Other Refillable Capsules, Dark Black</p><p> -9% 0FF </p><p>$8.99</p><a href="https://www.amazon.com/dp/B08ZJXMHR5?tag=eloabder-20&linkCode=osi&th=1&psc=1">View Product</a></div><div class="product"><a href="https://www.amazon.com/dp/B07C4TXDSL?tag=eloabder-20&linkCode=osi&th=1&psc=1"><img src="https://m.media-amazon.com/images/I/41BNPoEQz+L._SL500_.jpg" alt="Product Image"></a><p>Milk Frothing Pitcher Cup, 12oz/350ML Milk Frother Cup Stainless Steel Steaming Pitcher Milk Jug Coffee Latte Art Cappuccino Espresso Machine Accessories Barista Steam Pitchers Attached Dessert Spoons</p><p> -23% 0FF </p><p>$9.99</p><a href="https://www.amazon.com/dp/B07C4TXDSL?tag=eloabder-20&linkCode=osi&th=1&psc=1">View Product</a></div><div class="product"><a href="https://www.amazon.com/dp/B0CNVMZ2LM?tag=eloabder-20&linkCode=osi&th=1&psc=1"><img src="https://m.media-amazon.com/images/I/41j0UEM6XPL._SL500_.jpg" alt="Product Image"></a><p>Reusable Coffee Capsule Filters 3Pcs, Colorful Coffee Filters for Nescafe Dolce Gusto Brewers Machine, Reusable Refillable Coffee Pods Capsule Filter Cups Kit with Cleaning Brush and Measuring Spoon</p><p> -13% 0FF </p><p>$6.98 ($6.60 / Ounce)</p><a href="https://www.amazon.com/dp/B0CNVMZ2LM?tag=eloabder-20&linkCode=osi&th=1&psc=1">View Product</a></div>
<div class="product"><a href="https://www.amazon.com/dp/B08FB31NH5?tag=eloabder-20&linkCode=osi&th=1&psc=1"><img src="https://m.media-amazon.com/images/I/41eJZ9MTfFL._SL500_.jpg" alt="Product Image"></a><p>WEPSEN 5-Speed Electric Hand Mixer, 4 Large Mixing Bowls Set, Handheld Mixers with Whisks Beater, Stainless Steel Metal Nesting Bowl Measuring Cups Spoons Kitchen Cake Blender for Baking Supplies</p><p> -30% 0FF </p><p>$41.98</p><a href="https://www.amazon.com/dp/B08FB31NH5?tag=eloabder-20&linkCode=osi&th=1&psc=1">View Product</a></div><div class="product"><a href="https://www.amazon.com/dp/B0DF2T1HMZ?tag=eloabder-20&linkCode=osi&th=1&psc=1"><img src="https://m.media-amazon.com/images/I/41xSelvq-CL._SL500_.jpg" alt="Product Image"></a><p>5 QT Food-Grade Stainless Steel Mixer Bowl Compatible With KITCHENAID TILT-HEAD STAND MIXERS 4.5-5 Quart, with Anti-slip handle & Prominent Clasp, Stainless Steel Polished</p><p> -25% 0FF </p><p>$29.99</p><a href="https://www.amazon.com/dp/B0DF2T1HMZ?tag=eloabder-20&linkCode=osi&th=1&psc=1">View Product</a></div><div class="product"><a href="https://www.amazon.com/dp/B0C5XYPXCS?tag=eloabder-20&linkCode=osi&th=1&psc=1"><img src="https://m.media-amazon.com/images/I/31apfzgKDUL._SL500_.jpg" alt="Product Image"></a><p>KitchenAid 5 Quart Ceramic Bowl for all 4.5-5 Quart Tilt-Head Stand Mixers KSM2CB5MR, Meringue</p><p> -25% 0FF </p><p>$74.99</p><a href="https://www.amazon.com/dp/B0C5XYPXCS?tag=eloabder-20&linkCode=osi&th=1&psc=1">View Product</a></div>
<div class="product"><a href="https://www.amazon.com/dp/B097QVPFVQ?tag=eloabder-20&linkCode=osi&th=1&psc=1"><img src="https://m.media-amazon.com/images/I/31ROOH+yjAL._SL500_.jpg" alt="Product Image"></a><p>Thermoplastic Rubber Microwave Splatter Cover,Microwave Cover for Food Fruit Drainer,BPA-Free Dishwasher Safe 10.5 inch (GREY)</p><p> -20% 0FF </p><p>$7.99 ($226.35 / Ounce)</p><a href="https://www.amazon.com/dp/B097QVPFVQ?tag=eloabder-20&linkCode=osi&th=1&psc=1">View Product</a></div><div class="product"><a href="https://www.amazon.com/dp/B08N4Q6SM1?tag=eloabder-20&linkCode=osi&th=1&psc=1"><img src="https://m.media-amazon.com/images/I/41lhA8-GScL._SL500_.jpg" alt="Product Image"></a><p>4Pcs Coffee Filter,Flannel Cloth Coffee Filter Strainers with Steel Handle,Reusable Flannel Coffee Dripper,Coffee Sock Filter Bag Coffee Cloth Strainers for Home Office Kitchen Use</p><p> -11% 0FF </p><p>$10.69 ($2.67 / Count)</p><a href="https://www.amazon.com/dp/B08N4Q6SM1?tag=eloabder-20&linkCode=osi&th=1&psc=1">View Product</a></div>
<div class="product"><a href="https://www.amazon.com/dp/B00EC8PQ82?tag=eloabder-20&linkCode=osi&th=1&psc=1"><img src="https://m.media-amazon.com/images/I/21NR7t3CeGL._SL500_.jpg" alt="Product Image"></a><p>Randell RP CPH1648 Poly Cutting Board, 1/2" x 16" x 48"</p><p> -20% 0FF </p><p>$325.43</p><a href="https://www.amazon.com/dp/B00EC8PQ82?tag=eloabder-20&linkCode=osi&th=1&psc=1">View Product</a></div><div class="product"><a href="https://www.amazon.com/dp/B0BPSN8F21?tag=eloabder-20&linkCode=osi&th=1&psc=1"><img src="https://m.media-amazon.com/images/I/41YoOZe2UDL._SL500_.jpg" alt="Product Image"></a><p>GASHELL Noodle Board Stove Cover with Handles for Electric, Gas Stove Top (Acacia Wood)</p><p> -13% 0FF </p><p>$69.99</p><a href="https://www.amazon.com/dp/B0BPSN8F21?tag=eloabder-20&linkCode=osi&th=1&psc=1">View Product</a></div><div class="product"><a href="https://www.amazon.com/dp/B0D78SNV83?tag=eloabder-20&linkCode=osi&th=1&psc=1"><img src="https://m.media-amazon.com/images/I/41lHBEbfZOL._SL500_.jpg" alt="Product Image"></a><p>30 x 22 IN Large Cutting Board and Wooden Stove Top Cover, Chopping Board Noodle Boards for Electric Stove Top,Protector Board Cutting Board for Kitchen Counter & Sink cover-Black</p><p> -20% 0FF </p><p>$55.99</p><a href="https://www.amazon.com/dp/B0D78SNV83?tag=eloabder-20&linkCode=osi&th=1&psc=1">View Product</a></div><div class="product"><a href="https://www.amazon.com/dp/B0D4DJ8H4Q?tag=eloabder-20&linkCode=osi&th=1&psc=1"><img src="https://m.media-amazon.com/images/I/41h7GdA0xxL._SL500_.jpg" alt="Product Image"></a><p>Beef Jerky Slicer Kit,Stainless Steel,Adjustable Thickness,Uniform Slices,Include Cutting Board & 14-Inch Slicing Knife,Beef Jerky Making Kit for Chefs & Home Kitchens</p><p> -32% 0FF </p><p>$29.95</p><a href="https://www.amazon.com/dp/B0D4DJ8H4Q?tag=eloabder-20&linkCode=osi&th=1&psc=1">View Product</a></div><div class="product"><a href="https://www.amazon.com/dp/B0DL36NMXX?tag=eloabder-20&linkCode=osi&th=1&psc=1"><img src="https://m.media-amazon.com/images/I/51weGpaSjHL._SL500_.jpg" alt="Product Image"></a><p>Bamboo Bread Slicer for Homemade Bread, Adjustable Width Bread Slicing Guides with Sturdy Wooden Cutting Board, Compact and Foldable - Makes Cutting Bagels or Even Bread Slices Easy</p><p> -29% 0FF </p><p>$16.99</p><a href="https://www.amazon.com/dp/B0DL36NMXX?tag=eloabder-20&linkCode=osi&th=1&psc=1">View Product</a></div>
<div class="product"><a href="https://www.amazon.com/dp/B0CY27GX31?tag=eloabder-20&linkCode=osi&th=1&psc=1"><img src="https://m.media-amazon.com/images/I/51WKkplJ9BL._SL500_.jpg" alt="Product Image"></a><p>Willinglong Tortilla Press Set 8 Inch Tortilla Press Dough Scraper Rolling Pin Tortilla Warmer Pouch 300 Pcs Parchment Paper Quesadilla Flour Tortilla Maker Press for Homemade Roti Taco Press</p><p> -29% 0FF </p><p>$16.99</p><a href="https://www.amazon.com/dp/B0CY27GX31?tag=eloabder-20&linkCode=osi&th=1&psc=1">View Product</a></div><div class="product"><a href="https://www.amazon.com/dp/B0CD875X8N?tag=eloabder-20&linkCode=osi&th=1&psc=1"><img src="https://m.media-amazon.com/images/I/31WugZVklGL._SL500_.jpg" alt="Product Image"></a><p>Wooden Tortilla Press 10 Inches Wood Tortilla Press Maker, with Rolling Pin & 50 Pcs Parchment Paper, for Homemade Mexican Tortillera, Roti, Chapati, Taco, Pataconera, Burritos and Dough Press</p><p> -11% 0FF </p><p>$25.99</p><a href="https://www.amazon.com/dp/B0CD875X8N?tag=eloabder-20&linkCode=osi&th=1&psc=1">View Product</a></div><div class="product"><a href="https://www.amazon.com/dp/B0CYLFCP7W?tag=eloabder-20&linkCode=osi&th=1&psc=1"><img src="https://m.media-amazon.com/images/I/515gTtiF0CL._SL500_.jpg" alt="Product Image"></a><p>Willinglong 6 Pcs Tortilla Press Set 8inch Aluminum Alloy Tortilla Press Comal Pan Dough Scraper Rolling Pin Warmer Pouch 300 Pcs Parchment Paper Bundle of Tortilla Skillet for Making Roti Taco</p><p> -6% 0FF </p><p>$32.99</p><a href="https://www.amazon.com/dp/B0CYLFCP7W?tag=eloabder-20&linkCode=osi&th=1&psc=1">View Product</a></div><div class="product"><a href="https://www.amazon.com/dp/B0D8Q28QP2?tag=eloabder-20&linkCode=osi&th=1&psc=1"><img src="https://m.media-amazon.com/images/I/31hkwaRqBxL._SL500_.jpg" alt="Product Image"></a><p>Wooden Tortilla Press 10 Inches with Rolling Pin & 50 Pcs Parchment Paper Mexican Tortillera Presser Homemade Tortillas Roti Pataconera Dough Press</p><p> -7% 0FF </p><p>$27.99</p><a href="https://www.amazon.com/dp/B0D8Q28QP2?tag=eloabder-20&linkCode=osi&th=1&psc=1">View Product</a></div>
<div class="product"><a href="https://www.amazon.com/dp/B00K05AZ3W?tag=eloabder-20&linkCode=osi&th=1&psc=1"><img src="https://m.media-amazon.com/images/I/41PyWMwn9ZL._SL500_.jpg" alt="Product Image"></a><p>Betty Crocker Countertop Pizza Maker, 1440-Watt Pizza Maker Machine for Home, BC-2958CR</p><p> -20% 0FF </p><p>$42.99</p><a href="https://www.amazon.com/dp/B00K05AZ3W?tag=eloabder-20&linkCode=osi&th=1&psc=1">View Product</a></div><div class="product"><a href="https://www.amazon.com/dp/B0DB5HJDS8?tag=eloabder-20&linkCode=osi&th=1&psc=1"><img src="https://m.media-amazon.com/images/I/41e4O73x4IL._SL500_.jpg" alt="Product Image"></a><p>Mesliese Vacuum Sealer Machine 90Kpa 6-in-1 Compact Food Vacuum Sealing Preservation System with Cutter | 2 Bag Rolls | 5 Pre-cut Bags | Dry&Moist Modes | ETL Listed (Dark Gray)</p><p> -44% 0FF </p><p>$89.99</p><a href="https://www.amazon.com/dp/B0DB5HJDS8?tag=eloabder-20&linkCode=osi&th=1&psc=1">View Product</a></div>
<div class="product"><a href="https://www.amazon.com/dp/B001HT67AA?tag=eloabder-20&linkCode=osi&th=1&psc=1"><img src="https://m.media-amazon.com/images/I/21sfYCxrXVL._SL500_.jpg" alt="Product Image"></a><p>Samsung Tray Ice Part # Da63-02284B</p><p> -30% 0FF </p><p>$17.89</p><a href="https://www.amazon.com/dp/B001HT67AA?tag=eloabder-20&linkCode=osi&th=1&psc=1">View Product</a></div>
<div class="product"><a href="https://www.amazon.com/dp/B001U0274Q?tag=eloabder-20&linkCode=osi&th=1&psc=1"><img src="https://m.media-amazon.com/images/I/41LkyrO5JuL._SL500_.jpg" alt="Product Image"></a><p>FoodSaver Custom Fit Airtight Food Storage and Sous Vide Vacuum Sealer Bags, 8 x 20' (Pack of 3), Perfect for Meal Prep and Sous Vide Cooking</p><p> -21% 0FF </p><p>$29.99 ($10.00 / Count)</p><a href="https://www.amazon.com/dp/B001U0274Q?tag=eloabder-20&linkCode=osi&th=1&psc=1">View Product</a></div><div class="product"><a href="https://www.amazon.com/dp/B0D56W5ML2?tag=eloabder-20&linkCode=osi&th=1&psc=1"><img src="https://m.media-amazon.com/images/I/51XP-5KMw4L._SL500_.jpg" alt="Product Image"></a><p>Dreamealthy Auto Vacuum Seal Containers for Food Storage - 1L+1.5L Vacuum Coffee Canister Sets with Pump. Shatterproof & SmellProof Tritan Airtight Storage Container Kit, Reduce Plactic Vacuum Bag Use</p><p> -5% 0FF </p><p>$56.99</p><a href="https://www.amazon.com/dp/B0D56W5ML2?tag=eloabder-20&linkCode=osi&th=1&psc=1">View Product</a></div><div class="product"><a href="https://www.amazon.com/dp/B099H7J8PN?tag=eloabder-20&linkCode=osi&th=1&psc=1"><img src="https://m.media-amazon.com/images/I/31-0GJisbvL._SL500_.jpg" alt="Product Image"></a><p>ZWILLING Fresh & Save Medium Vacuum Sealer Container, Airtight Food Storage Container, Meal Prep Container, BPA-Free, Grey</p><p> -37% 0FF </p><p>$18.99</p><a href="https://www.amazon.com/dp/B099H7J8PN?tag=eloabder-20&linkCode=osi&th=1&psc=1">View Product</a></div>
<div class="product"><a href="https://www.amazon.com/dp/B07RKRK7FD?tag=eloabder-20&linkCode=osi&th=1&psc=1"><img src="https://m.media-amazon.com/images/I/31g2QgxtCuL._SL500_.jpg" alt="Product Image"></a><p>Wevac Vacuum Sealer Bags 8x50 Rolls 2 pack for Food Saver, Seal a Meal, Weston. Commercial Grade, BPA Free, Heavy Duty, Great for vac storage, Meal Prep or Sous Vide</p><p> -40% 0FF </p><p>$17.99 ($9.00 / Count)</p><a href="https://www.amazon.com/dp/B07RKRK7FD?tag=eloabder-20&linkCode=osi&th=1&psc=1">View Product</a></div><div class="product"><a href="https://www.amazon.com/dp/B00UTFZB82?tag=eloabder-20&linkCode=osi&th=1&psc=1"><img src="https://m.media-amazon.com/images/I/41WdlL5T0dL._SL500_.jpg" alt="Product Image"></a><p>Miele AirClean 3D Efficiency Dust Bag, Type FJM, 4 Bags & 2 Filters, White</p><p> -35% 0FF </p><p>$14.99</p><a href="https://www.amazon.com/dp/B00UTFZB82?tag=eloabder-20&linkCode=osi&th=1&psc=1">View Product</a></div><div class="product"><a href="https://www.amazon.com/dp/B07TV5RNQL?tag=eloabder-20&linkCode=osi&th=1&psc=1"><img src="https://m.media-amazon.com/images/I/31HJO9GuJZL._SL500_.jpg" alt="Product Image"></a><p>Wevac Vacuum Sealer Bags 100 Quart 8x12 Inch for Food Saver, Seal a Meal, Weston. Commercial Grade, BPA Free, Heavy Duty, Great for vac storage, Meal Prep or Sous Vide</p><p> -6% 0FF </p><p>$16.99</p><a href="https://www.amazon.com/dp/B07TV5RNQL?tag=eloabder-20&linkCode=osi&th=1&psc=1">View Product</a></div><div class="product"><a href="https://www.amazon.com/dp/B01D5TM5QE?tag=eloabder-20&linkCode=osi&th=1&psc=1"><img src="https://m.media-amazon.com/images/I/51qQLZaPFuL._SL500_.jpg" alt="Product Image"></a><p>FoodSaver Custom Fit Vacuum Sealer Bags, Airtight Food Storage and Sous Vide Rolls, BPA-Free, 11 x 16' , 3 Count ( Pack of 1)</p><p> -16% 0FF </p><p>$27.66 ($9.22 / Count)</p><a href="https://www.amazon.com/dp/B01D5TM5QE?tag=eloabder-20&linkCode=osi&th=1&psc=1">View Product</a></div>
<div class="product"><a href="https://www.amazon.com/dp/B0CWLC9YK6?tag=eloabder-20&linkCode=osi&th=1&psc=1"><img src="https://m.media-amazon.com/images/I/415B7NyYufL._SL500_.jpg" alt="Product Image"></a><p>Honinst Stand Mixer, 6.5QT 10-Speed Tilt-Head Electric Stand Mixer, 3-In-1 Kitchen Mixer with Bowl, Dough Hook, Whisk and Beater, Food Mixer for Baking, Cake and Most Home Cooks, Black</p><p> -37% 0FF </p><p>$169.99</p><a href="https://www.amazon.com/dp/B0CWLC9YK6?tag=eloabder-20&linkCode=osi&th=1&psc=1">View Product</a></div><div class="product"><a href="https://www.amazon.com/dp/B097SDFSKM?tag=eloabder-20&linkCode=osi&th=1&psc=1"><img src="https://m.media-amazon.com/images/I/51thZZlxEfL._SL500_.jpg" alt="Product Image"></a><p>Stand Mixer, POWWA 7.5 QT Electric Mixer, 6+P Speed 660W Household Tilt-Head Kitchen Food Mixers with Whisk, Dough Hook, Mixing Beater & Splash Guard for Baking, Cake, Cookie, Kneading (Red)</p><p> -25% 0FF </p><p>$99.98</p><a href="https://www.amazon.com/dp/B097SDFSKM?tag=eloabder-20&linkCode=osi&th=1&psc=1">View Product</a></div><div class="product"><a href="https://www.amazon.com/dp/B081SWK6HV?tag=eloabder-20&linkCode=osi&th=1&psc=1"><img src="https://m.media-amazon.com/images/I/51MRbt3XFxL._SL500_.jpg" alt="Product Image"></a><p>VIVOHOME 7.5 Quart Stand Mixer, 660W 6-Speed Tilt-Head Kitchen Electric Food Mixer with Beater, Dough Hook, Wire Whip, and Egg Separator, Red</p><p> -20% 0FF </p><p>$127.99</p><a href="https://www.amazon.com/dp/B081SWK6HV?tag=eloabder-20&linkCode=osi&th=1&psc=1">View Product</a></div>
<div class="product"><a href="https://www.amazon.com/dp/B0CJJN7N7P?tag=eloabder-20&linkCode=osi&th=1&psc=1"><img src="https://m.media-amazon.com/images/I/41YZbs5GBdL._SL500_.jpg" alt="Product Image"></a><p>MUMSUNG Sandwich Cutter and Sealer for Kids, Bread Decruster Sandwich Cutter Pancake Maker, Round Square DIY Cookie Cutters, Great for Lunchbox and Bento Box</p><p> -69% 0FF </p><p>$4.99</p><a href="https://www.amazon.com/dp/B0CJJN7N7P?tag=eloabder-20&linkCode=osi&th=1&psc=1">View Product</a></div><div class="product"><a href="https://www.amazon.com/dp/B0C8C5N1NG?tag=eloabder-20&linkCode=osi&th=1&psc=1"><img src="https://m.media-amazon.com/images/I/41IJqaPrUbL._SL500_.jpg" alt="Product Image"></a><p>Gradient Mode Sandwich Cutter and Sealer, Sandwich Cutter for Kids, Bread Sandwich Decruster, Uncrustables Sandwich Maker, DIY Cookie Cutters, Great for Lunchbox and Bento Box - Boys Girls Kids, Green</p><p> -20% 0FF </p><p>$7.99</p><a href="https://www.amazon.com/dp/B0C8C5N1NG?tag=eloabder-20&linkCode=osi&th=1&psc=1">View Product</a></div>
<div class="product"><a href="https://www.amazon.com/dp/B07JGRYG31?tag=eloabder-20&linkCode=osi&th=1&psc=1"><img src="https://m.media-amazon.com/images/I/31nd-jhgzdL._SL500_.jpg" alt="Product Image"></a><p>Coffee Grinder Cleaning Brush + Coffee Brush Wood Handle & Natural Bristles Pastry Brush</p><p> -13% 0FF </p><p>$6.99</p><a href="https://www.amazon.com/dp/B07JGRYG31?tag=eloabder-20&linkCode=osi&th=1&psc=1">View Product</a></div><div class="product"><a href="https://www.amazon.com/dp/B0D57S8PJP?tag=eloabder-20&linkCode=osi&th=1&psc=1"><img src="https://m.media-amazon.com/images/I/41yqc2Azx6L._SL500_.jpg" alt="Product Image"></a><p>EM Silicone Air Fryer Liners - Pack of 5 Reusable Air Fryer Silicone Liners Including Non- Stick Silicone Mitts, Silicone Basting Pastry Brush, Silicone Kitchen Tongs & 2 Pot Liner–3 to 5 qt</p><p> -8% 0FF </p><p>$12.00</p><a href="https://www.amazon.com/dp/B0D57S8PJP?tag=eloabder-20&linkCode=osi&th=1&psc=1">View Product</a></div><div class="product"><a href="https://www.amazon.com/dp/B0CLGXRV4V?tag=eloabder-20&linkCode=osi&th=1&psc=1"><img src="https://m.media-amazon.com/images/I/31kOdHpkIPL._SL500_.jpg" alt="Product Image"></a><p>Mixer Sliding Mat Compatible with Kitchenaid 4.5 & 5 Quart Stand Mixer, Slider Mat Compatible with 4.5 & 5Qt Kitchenaid Mixer Accessories</p><p> -21% 0FF </p><p>$9.89</p><a href="https://www.amazon.com/dp/B0CLGXRV4V?tag=eloabder-20&linkCode=osi&th=1&psc=1">View Product</a></div><div class="product"><a href="https://www.amazon.com/dp/B0CSYVZ23R?tag=eloabder-20&linkCode=osi&th=1&psc=1"><img src="https://m.media-amazon.com/images/I/41x8RjEPDyL._SL500_.jpg" alt="Product Image"></a><p>LEPCY Uncrustables Sandwich Maker Sealer Cutter, Crustless Sandwich Cutter, PB&J Uncrustable Maker - Color Grey, Square Shape</p><p> -20% 0FF </p><p>$7.99</p><a href="https://www.amazon.com/dp/B0CSYVZ23R?tag=eloabder-20&linkCode=osi&th=1&psc=1">View Product</a></div><div class="product"><a href="https://www.amazon.com/dp/B000I1UTDY?tag=eloabder-20&linkCode=osi&th=1&psc=1"><img src="https://m.media-amazon.com/images/I/213IEK132QL._SL500_.jpg" alt="Product Image"></a><p>Fino Coffee Grinder Brush, Single</p><p> -6% 0FF </p><p>$8.42</p><a href="https://www.amazon.com/dp/B000I1UTDY?tag=eloabder-20&linkCode=osi&th=1&psc=1">View Product</a></div>
<div class="product"><a href="https://www.amazon.com/dp/B089T9CH3Q?tag=eloabder-20&linkCode=osi&th=1&psc=1"><img src="https://m.media-amazon.com/images/I/21HK29dxKaL._SL500_.jpg" alt="Product Image"></a><p>Instant Pot Official Silicone Oven Mitt with Extra Grip, Heat Resistant up to 500°F, Extra Protection, Ribbed Texture for Maximum Dexterity, Compatible with 3 Qt., 6 Qt., 8 Qt. Cookers, Red</p><p> -50% 0FF </p><p>$8.99</p><a href="https://www.amazon.com/dp/B089T9CH3Q?tag=eloabder-20&linkCode=osi&th=1&psc=1">View Product</a></div><div class="product"><a href="https://www.amazon.com/dp/B0C5N35639?tag=eloabder-20&linkCode=osi&th=1&psc=1"><img src="https://m.media-amazon.com/images/I/41wEzgGF0xL._SL500_.jpg" alt="Product Image"></a><p>EM Silicone Air Fryer Liners Set of 5 – Air Fryer Liners Reusable Include Waffle Mold, Egg Bite Mold, Oven Mitts – Food-Grade Temperature Resistant Air Fryer Accessories for 3-5 Quart Air Fryers</p><p> -12% 0FF </p><p>$21.99</p><a href="https://www.amazon.com/dp/B0C5N35639?tag=eloabder-20&linkCode=osi&th=1&psc=1">View Product</a></div>
<div class="product"><a href="https://www.amazon.com/dp/B0B395B11P?tag=eloabder-20&linkCode=osi&th=1&psc=1"><img src="https://m.media-amazon.com/images/I/31tkUVs-mbL._SL500_.jpg" alt="Product Image"></a><p>SIUDANGKA Heat Resistant Mat for Air Fryer with Sliding Function, 2 Pcs 15 * 18 in Heat Resistant Pad Sliding Caddy Countertop Protector Mat Air Fryer Mat for Most XL Air Fryer Oven Microwave Oven</p><p> -7% 0FF </p><p>$17.75</p><a href="https://www.amazon.com/dp/B0B395B11P?tag=eloabder-20&linkCode=osi&th=1&psc=1">View Product</a></div>
<div class="product"><a href="https://www.amazon.com/dp/B09QCRNNK7?tag=eloabder-20&linkCode=osi&th=1&psc=1"><img src="https://m.media-amazon.com/images/I/31I-XJQCuUL._SL500_.jpg" alt="Product Image"></a><p>COKUNST Electric Wine Openers, Reusable Wine Bottle Corkscrew Opener with Foil Cutter, Battery Operated Stainless Steel Wine Remover for Home Kitchen Party Bar Restaurant</p><p> -25% 0FF </p><p>$14.99</p><a href="https://www.amazon.com/dp/B09QCRNNK7?tag=eloabder-20&linkCode=osi&th=1&psc=1">View Product</a></div><div class="product"><a href="https://www.amazon.com/dp/B00NOPV4JY?tag=eloabder-20&linkCode=osi&th=1&psc=1"><img src="https://m.media-amazon.com/images/I/31sTM1MRFWL._SL500_.jpg" alt="Product Image"></a><p>Rabbit Automatic Electric Corkscrew Wine Bottle Opener, One Size, Silver</p><p> -23% 0FF </p><p>$39.99</p><a href="https://www.amazon.com/dp/B00NOPV4JY?tag=eloabder-20&linkCode=osi&th=1&psc=1">View Product</a></div>


<div class="product"><a href="https://www.amazon.com/dp/B01FXMW4AS?tag=eloabder-20&linkCode=osi&th=1&psc=1"><img src="https://m.media-amazon.com/images/I/41Wq-KNZFDL._SL500_.jpg" alt="Product Image"></a><p>Whynter Ice Cream Maker Machine Automatic 2.1 Qt. upright with Built-in Compressor, LCD Digital Display & Timer, No Pre-Freezing, ICM-201SB, Stainless Steel</p><p> -29% 0FF </p><p>$299.00</p><a href="https://www.amazon.com/dp/B01FXMW4AS?tag=eloabder-20&linkCode=osi&th=1&psc=1">View Product</a></div><div class="product"><a href="https://www.amazon.com/dp/B002NQN0MY?tag=eloabder-20&linkCode=osi&th=1&psc=1"><img src="https://m.media-amazon.com/images/I/41K223aT3zL._SL500_.jpg" alt="Product Image"></a><p>Nemco Ice Cream Dipper Station Spadewell (Excluding Divider) - 10"</p><p> -26% 0FF </p><p>$183.70</p><a href="https://www.amazon.com/dp/B002NQN0MY?tag=eloabder-20&linkCode=osi&th=1&psc=1">View Product</a></div><div class="product"><a href="https://www.amazon.com/dp/B0CZP59DNQ?tag=eloabder-20&linkCode=osi&th=1&psc=1"><img src="https://m.media-amazon.com/images/I/41T9b8zapyL._SL500_.jpg" alt="Product Image"></a><p>1.2-Quart Touch Screen Automatic Ice Cream Maker with Compressor, No Pre-freezing, 4 Modes Frozen Yogurt Machine with LCD Display & Timer, Electric Sorbet Maker Gelato Maker, Keep Cool Function</p><p> -17% 0FF </p><p>$115.99</p><a href="https://www.amazon.com/dp/B0CZP59DNQ?tag=eloabder-20&linkCode=osi&th=1&psc=1">View Product</a></div><div class="product"><a href="https://www.amazon.com/dp/B00N63J432?tag=eloabder-20&linkCode=osi&th=1&psc=1"><img src="https://m.media-amazon.com/images/I/41wEAeSx4UL._SL500_.jpg" alt="Product Image"></a><p>Whynter Ice Cream Maker Machine Automatic 2.1 Qt with Built-in Compressor, LCD Digital Display & Timer, No Pre-Freezing, ICM-200LS, Stainless Steel</p><p> -14% 0FF </p><p>$256.79</p><a href="https://www.amazon.com/dp/B00N63J432?tag=eloabder-20&linkCode=osi&th=1&psc=1">View Product</a></div>

<div class="product"><a href="https://www.amazon.com/dp/B0DC68RRGT?tag=eloabder-20&linkCode=osi&th=1&psc=1"><img src="https://m.media-amazon.com/images/I/51VZAdAIKxL._SL500_.jpg" alt="Product Image"></a><p>Upgrade Pizza Oven,12 Inch Electric Pizza Oven Indoor Portable,Stone Pizza Oven,1200W Portable Countertop Pizza Ovens with Viewing Window</p><p> -10% 0FF </p><p>$179.99</p><a href="https://www.amazon.com/dp/B0DC68RRGT?tag=eloabder-20&linkCode=osi&th=1&psc=1">View Product</a></div><div class="product"><a href="https://www.amazon.com/dp/B0CZ4GLJ5Z?tag=eloabder-20&linkCode=osi&th=1&psc=1"><img src="https://m.media-amazon.com/images/I/51t+B-N3asL._SL500_.jpg" alt="Product Image"></a><p>PIEZANO Crispy Crust Pizza Oven by Granitestone – Electric Pizza Oven Indoor Portable, 12 Inch Indoor Pizza Oven Countertop, Pizza Maker Heats up to 800˚F for Stone Baked Pizza at Home - Red</p><p> -35% 0FF </p><p>$129.99</p><a href="https://www.amazon.com/dp/B0CZ4GLJ5Z?tag=eloabder-20&linkCode=osi&th=1&psc=1">View Product</a></div><div class="product"><a href="https://www.amazon.com/dp/B0CQ5M9FFT?tag=eloabder-20&linkCode=osi&th=1&psc=1"><img src="https://m.media-amazon.com/images/I/311GBQPr5lL._SL500_.jpg" alt="Product Image"></a><p>Cuisinart Indoor Pizza Oven – Bake 12” Pizzas in Minutes – Portable Countertop Pizza Oven – Matte Black Stainless Steel - CPZ-120MB</p><p> -50% 0FF </p><p>$199.95</p><a href="https://www.amazon.com/dp/B0CQ5M9FFT?tag=eloabder-20&linkCode=osi&th=1&psc=1">View Product</a></div><div class="product"><a href="https://www.amazon.com/dp/B0CGMGK7GK?tag=eloabder-20&linkCode=osi&th=1&psc=1"><img src="https://m.media-amazon.com/images/I/41-rJaq3d2L._SL500_.jpg" alt="Product Image"></a><p>CHEFMAN Indoor Pizza Oven - Makes 12 Inch Pizzas in Minutes, Heats up to 800°F - Countertop Electric Pizza Maker with 5 Touchscreen Presets, Pizza Stone and Peel Included - Stainless Black</p><p> -45% 0FF </p><p>$219.98</p><a href="https://www.amazon.com/dp/B0CGMGK7GK?tag=eloabder-20&linkCode=osi&th=1&psc=1">View Product</a></div><div class="product"><a href="https://www.amazon.com/dp/B0CS79GLB4?tag=eloabder-20&linkCode=osi&th=1&psc=1"><img src="https://m.media-amazon.com/images/I/41VR6CcjGiL._SL500_.jpg" alt="Product Image"></a><p>KitchenAid Digital Countertop Oven with Air Fry & Pizza Stone, KCO128CU, Contour Silver</p><p> -21% 0FF </p><p>$219.99</p><a href="https://www.amazon.com/dp/B0CS79GLB4?tag=eloabder-20&linkCode=osi&th=1&psc=1">View Product</a></div><div class="product"><a href="https://www.amazon.com/dp/B0DJW43ZLQ?tag=eloabder-20&linkCode=osi&th=1&psc=1"><img src="https://m.media-amazon.com/images/I/41Sh2kNi-oL._SL500_.jpg" alt="Product Image"></a><p>Pizza Oven, 12-Inch Pizza Oven Indoor, 1200W Portable Pizza Maker, Electric Pizza Oven with Timer, Temperature Controller, Suitable for Home, Outdoor, Pizza Shop</p><p> -37% 0FF </p><p>$119.99</p><a href="https://www.amazon.com/dp/B0DJW43ZLQ?tag=eloabder-20&linkCode=osi&th=1&psc=1">View Product</a></div><div class="product"><a href="https://www.amazon.com/dp/B0D3RX91T1?tag=eloabder-20&linkCode=osi&th=1&psc=1"><img src="https://m.media-amazon.com/images/I/41e96oobueL._SL500_.jpg" alt="Product Image"></a><p>Chefman Everything Maker & Pizza Oven – 1440W Countertop Electric Pizza Maker with 12” Nonstick Cooking Plates, Make Pizza, Quesadillas, Omelettes and More, with Indicator Lights and Vertical Storage</p><p> -30% 0FF </p><p>$41.99</p><a href="https://www.amazon.com/dp/B0D3RX91T1?tag=eloabder-20&linkCode=osi&th=1&psc=1">View Product</a></div>
<div class="product"><a href="https://www.amazon.com/dp/B0BCFHN228?tag=eloabder-20&linkCode=osi&th=1&psc=1"><img src="https://m.media-amazon.com/images/I/51EI-QKzMqL._SL500_.jpg" alt="Product Image"></a><p>Pressing Cloth for Ironing Scorch Mesh, Heat Resistant Ironing Cloth Protective Insulation Pad, Saving Ironing Protector Mesh Cloth (White - 2 Pack)</p><p> -16% 0FF </p><p>$7.59</p><a href="https://www.amazon.com/dp/B0BCFHN228?tag=eloabder-20&linkCode=osi&th=1&psc=1">View Product</a></div>
<div class="product"><a href="https://www.amazon.com/dp/B099J26M9V?tag=eloabder-20&linkCode=osi&th=1&psc=1"><img src="https://m.media-amazon.com/images/I/51VUj081IkL._SL500_.jpg" alt="Product Image"></a><p>The Original Korcci 3 Quart Microwave Glass Popcorn Popper, Borosilicate Glass, Dishwasher Safe, 3-in-1 Silicone Lid, BPA Free, Family Size (Blue)</p><p> -15% 0FF </p><p>$16.09</p><a href="https://www.amazon.com/dp/B099J26M9V?tag=eloabder-20&linkCode=osi&th=1&psc=1">View Product</a></div><div class="product"><a href="https://www.amazon.com/dp/B01LZZGH3R?tag=eloabder-20&linkCode=osi&th=1&psc=1"><img src="https://m.media-amazon.com/images/I/51zn6nlVyZL._SL500_.jpg" alt="Product Image"></a><p>BELLA Electric Skillet and Frying Pan with Glass Lid, Nonstick Coating, Cool Touch Handles, Removable Heating Probe, Dishwasher Safe, 12 x 12 inch, Copper</p><p> -23% 0FF </p><p>$26.99</p><a href="https://www.amazon.com/dp/B01LZZGH3R?tag=eloabder-20&linkCode=osi&th=1&psc=1">View Product</a></div>
<div class="product"><a href="https://www.amazon.com/dp/B0DCRZ8NKH?tag=eloabder-20&linkCode=osi&th=1&psc=1"><img src="https://m.media-amazon.com/images/I/41AZ4+X3MsL._SL500_.jpg" alt="Product Image"></a><p>Coffee Filter Holder, Coffee Filter Storage, Filter Paper Holder for Counter Table Napkin Holder Coffee Filter Paper Rack Coffee Bar Gifts Coffee Paper Container for Office Home Kitchen Restaurant</p><p> -13% 0FF </p><p>$6.99</p><a href="https://www.amazon.com/dp/B0DCRZ8NKH?tag=eloabder-20&linkCode=osi&th=1&psc=1">View Product</a></div>
<div class="product"><a href="https://www.amazon.com/dp/B0D3WPZSRF?tag=eloabder-20&linkCode=osi&th=1&psc=1"><img src="https://m.media-amazon.com/images/I/41QGqRpS8hL._SL500_.jpg" alt="Product Image"></a><p>Gypie Coffee Bar Organizer Countertop, 2 Tier Coffee Syrup Organizer Stand Nespresso Coffee Bar Syrup Rack for Coffee Station, Spice Rack for Kitchen, Black</p><p> -57% 0FF </p><p>$9.99</p><a href="https://www.amazon.com/dp/B0D3WPZSRF?tag=eloabder-20&linkCode=osi&th=1&psc=1">View Product</a></div><div class="product"><a href="https://www.amazon.com/dp/B0BKH17CG9?tag=eloabder-20&linkCode=osi&th=1&psc=1"><img src="https://m.media-amazon.com/images/I/41a4dM5cDTL._SL500_.jpg" alt="Product Image"></a><p>Electric Salt and Pepper Grinder Set - Automatic Salt and Pepper Grinder Set Rechargeable - Light Up Electronic Salt and Pepper Shakers with LED Light, Electric Pepper Grinder & Salt Grinder, Set of 2</p><p> -14% 0FF </p><p>$29.99</p><a href="https://www.amazon.com/dp/B0BKH17CG9?tag=eloabder-20&linkCode=osi&th=1&psc=1">View Product</a></div><div class="product"><a href="https://www.amazon.com/dp/B0DD9KVMFN?tag=eloabder-20&linkCode=osi&th=1&psc=1"><img src="https://m.media-amazon.com/images/I/51C8Rw1wopL._SL500_.jpg" alt="Product Image"></a><p>Urban Aura Spice & Herb Grinder, (Black) -Suitable Kitchen (2.5In)</p><p> -5% 0FF </p><p>$9.49</p><a href="https://www.amazon.com/dp/B0DD9KVMFN?tag=eloabder-20&linkCode=osi&th=1&psc=1">View Product</a></div><div class="product"><a href="https://www.amazon.com/dp/B08M4FD4WR?tag=eloabder-20&linkCode=osi&th=1&psc=1"><img src="https://m.media-amazon.com/images/I/51Jzqb5OvzL._SL500_.jpg" alt="Product Image"></a><p>Magic Mill Food Dehydrator Machine | 5 Stackable Stainless Steel Trays Jerky Dryer with Digital Adjustable Timer & Temperature Control - Electric Food Preserver for Fruits, Veggies, Meats & Dog Treats</p><p> -12% 0FF </p><p>$52.99</p><a href="https://www.amazon.com/dp/B08M4FD4WR?tag=eloabder-20&linkCode=osi&th=1&psc=1">View Product</a></div>
<div class="product"><a href="https://www.amazon.com/dp/B001AAHW6E?tag=eloabder-20&linkCode=osi&th=1&psc=1"><img src="https://m.media-amazon.com/images/I/31q3kq-dcJL._SL500_.jpg" alt="Product Image"></a><p>Whirlpool 2179404KRA Beverage Rack for Refrigerators, White – Replaces 2179404KR</p><p> -23% 0FF </p><p>$19.00</p><a href="https://www.amazon.com/dp/B001AAHW6E?tag=eloabder-20&linkCode=osi&th=1&psc=1">View Product</a></div><div class="product"><a href="https://www.amazon.com/dp/B08BJ9RPSS?tag=eloabder-20&linkCode=osi&th=1&psc=1"><img src="https://m.media-amazon.com/images/I/41mLJ0zepPL._SL500_.jpg" alt="Product Image"></a><p>BLACK+DECKER 24 Bottle Wine Fridge with LED Display, Compressor Cooling Wine Cooler Refrigerator with Interior Light, Temperature Controlled Wine Bottle Chiller with Fridge Wine Rack</p><p> -8% 0FF </p><p>$227.82</p><a href="https://www.amazon.com/dp/B08BJ9RPSS?tag=eloabder-20&linkCode=osi&th=1&psc=1">View Product</a></div>
<div class="product"><a href="https://www.amazon.com/dp/B09S5YHJZV?tag=eloabder-20&linkCode=osi&th=1&psc=1"><img src="https://m.media-amazon.com/images/I/41qbqyQ7jDL._SL500_.jpg" alt="Product Image"></a><p>Philips Sparkling Water Maker Soda Maker Machine for Home Carbonating with BPA free PET 1L Carbonating Bottle, Compatible with Any Screw-in 60L CO2 Exchange Carbonator(NOT Included), Grey Plastic</p><p> -17% 0FF </p><p>$49.99</p><a href="https://www.amazon.com/dp/B09S5YHJZV?tag=eloabder-20&linkCode=osi&th=1&psc=1">View Product</a></div>
<div class="product"><a href="https://www.amazon.com/dp/B000U8L1KU?tag=eloabder-20&linkCode=osi&th=1&psc=1"><img src="https://m.media-amazon.com/images/I/31Tcg4WHrrL._SL500_.jpg" alt="Product Image"></a><p>Thermos 34-Ounce Vacuum Insulated Stainless Steel Carafe</p><p> -13% 0FF </p><p>$42.99</p><a href="https://www.amazon.com/dp/B000U8L1KU?tag=eloabder-20&linkCode=osi&th=1&psc=1">View Product</a></div><div class="product"><a href="https://www.amazon.com/dp/B01MRGIZE9?tag=eloabder-20&linkCode=osi&th=1&psc=1"><img src="https://m.media-amazon.com/images/I/41-8Fhz+uGL._SL500_.jpg" alt="Product Image"></a><p>Airpot Coffee Dispenser with Pump - 102 oz Insulated Stainless Steel Coffee Carafe - Thermal Beverage Dispenser - Thermos Urn for Hot/Cold Water, Party Chocolate Drinks</p><p> -32% 0FF </p><p>$40.99</p><a href="https://www.amazon.com/dp/B01MRGIZE9?tag=eloabder-20&linkCode=osi&th=1&psc=1">View Product</a></div><div class="product"><a href="https://www.amazon.com/dp/B01F8P78IS?tag=eloabder-20&linkCode=osi&th=1&psc=1"><img src="https://m.media-amazon.com/images/I/51mk2cW-ajL._SL500_.jpg" alt="Product Image"></a><p>Thermal Coffee Carafe 68oz / 2L - 12 Hours Hot Beverage Dispenser, Insulated Stainless Steel Carafe for Hot Liquids, Coffee Carafes For Keeping Hot Coffee Dispenser for Parties -Large Tea Carafe Flask</p><p> -23% 0FF </p><p>$29.95</p><a href="https://www.amazon.com/dp/B01F8P78IS?tag=eloabder-20&linkCode=osi&th=1&psc=1">View Product</a></div>
<div class="product"><a href="https://www.amazon.com/dp/B0CJJQ7QQR?tag=eloabder-20&linkCode=osi&th=1&psc=1"><img src="https://m.media-amazon.com/images/I/41T7fb2zFLL._SL500_.jpg" alt="Product Image"></a><p>MUMSUNG Sandwich Cutter and Sealer for Kids, DIY Decruster Square Round Heart Pocket Sandwiches, Great for Breakfast Sandwich Maker, Lunchbox and Bento Box</p><p> -67% 0FF </p><p>$7.99</p><a href="https://www.amazon.com/dp/B0CJJQ7QQR?tag=eloabder-20&linkCode=osi&th=1&psc=1">View Product</a></div><div class="product"><a href="https://www.amazon.com/dp/B07KNKS1GC?tag=eloabder-20&linkCode=osi&th=1&psc=1"><img src="https://m.media-amazon.com/images/I/41A7lL8x93L._SL500_.jpg" alt="Product Image"></a><p>DCIGNA 1.2L Mini Rice Cooker, Electric Lunch Box, Travel, Small, Removable Non-stick Pot, Keep Warm Function, Suitable For 1-2 People - For Cooking Soup, Rice, Stews, Grains & Oatmeal</p><p> -35% 0FF </p><p>$25.99</p><a href="https://www.amazon.com/dp/B07KNKS1GC?tag=eloabder-20&linkCode=osi&th=1&psc=1">View Product</a></div><div class="product"><a href="https://www.amazon.com/dp/B083W2RWNL?tag=eloabder-20&linkCode=osi&th=1&psc=1"><img src="https://m.media-amazon.com/images/I/41+rZ7Ja9xL._SL500_.jpg" alt="Product Image"></a><p>HotLogic Max XP Large Portable Electric Lunch Box Food Heater - Expandable Food Warmer Tote and Heated Lunchbox for Adults Work/Car/Home - Cook, Reheat, and Keep Your Food Warm - BLACK - 120V</p><p> -13% 0FF </p><p>$78.27</p><a href="https://www.amazon.com/dp/B083W2RWNL?tag=eloabder-20&linkCode=osi&th=1&psc=1">View Product</a></div><div class="product"><a href="https://www.amazon.com/dp/B0CSW9FXB4?tag=eloabder-20&linkCode=osi&th=1&psc=1"><img src="https://m.media-amazon.com/images/I/41OrYzmJBML._SL500_.jpg" alt="Product Image"></a><p>ZPU Egg Holder Camping, 1Pcs 4 Grid Egg Container for Camping, Plastic Egg Carrier for Camping Picnic Travel Outdoor Refrigerator Kitchen, Shockproof Egg Storage Case, Clear White</p><p> -20% 0FF </p><p>$7.99</p><a href="https://www.amazon.com/dp/B0CSW9FXB4?tag=eloabder-20&linkCode=osi&th=1&psc=1">View Product</a></div>

<div class="product"><a href="https://www.amazon.com/dp/B0BVMYRKRL?tag=eloabder-20&linkCode=osi&th=1&psc=1"><img src="https://m.media-amazon.com/images/I/318s-4hULIL._SL500_.jpg" alt="Product Image"></a><p>Nextmug - Temperature-Controlled, Self-Heating Coffee Mug (Burgundy - 14 oz.)</p><p> -23% 0FF </p><p>$99.95</p><a href="https://www.amazon.com/dp/B0BVMYRKRL?tag=eloabder-20&linkCode=osi&th=1&psc=1">View Product</a></div><div class="product"><a href="https://www.amazon.com/dp/B0DB1DP2KL?tag=eloabder-20&linkCode=osi&th=1&psc=1"><img src="https://m.media-amazon.com/images/I/410VzytA0BL._SL500_.jpg" alt="Product Image"></a><p>Civexa Rechargeable Self Heating Coffee Mug, Fastest Heating & Highest Temperature, 14 Oz App-Controlled Heated Coffee Mug, 1°F Precise Temperature Control Smart Mug Warmer with 150 Min Battery Life</p><p> -33% 0FF </p><p>$79.99</p><a href="https://www.amazon.com/dp/B0DB1DP2KL?tag=eloabder-20&linkCode=osi&th=1&psc=1">View Product</a></div><div class="product"><a href="https://www.amazon.com/dp/B0BYTZ9Q6D?tag=eloabder-20&linkCode=osi&th=1&psc=1"><img src="https://m.media-amazon.com/images/I/41Qw-6ekfQL._SL500_.jpg" alt="Product Image"></a><p>ikago Smart Heated Coffee Mug Warmer & Mug Set - Heated Mug Warmer with Auto Shut Off, 1°F Precise Temperature Control Mug Warmer, Electric Coffee Mug Warmer for Desk, Birthday Gifts for Women and Men</p><p> -14% 0FF </p><p>$59.99</p><a href="https://www.amazon.com/dp/B0BYTZ9Q6D?tag=eloabder-20&linkCode=osi&th=1&psc=1">View Product</a></div><div class="product"><a href="https://www.amazon.com/dp/B0DHTR1H32?tag=eloabder-20&linkCode=osi&th=1&psc=1"><img src="https://m.media-amazon.com/images/I/31sESCtRb7L._SL500_.jpg" alt="Product Image"></a><p>Mug Warmer,Coffee Mug Warmer with 3-Temp Settings,304 Stainless Steel Coffee Warmer with Digital Display, 2-12H Timer Setting Mug Warmer for Desk, Coffee Cup Warmer As Ideal Gift for Coffee Lovers</p><p> -43% 0FF </p><p>$12.59</p><a href="https://www.amazon.com/dp/B0DHTR1H32?tag=eloabder-20&linkCode=osi&th=1&psc=1">View Product</a></div><div class="product"><a href="https://www.amazon.com/dp/B0DHTVV633?tag=eloabder-20&linkCode=osi&th=1&psc=1"><img src="https://m.media-amazon.com/images/I/31WBjhkZIKL._SL500_.jpg" alt="Product Image"></a><p>Mug Warmer,Coffee Mug Warmer with 3 Adjustable Temperature Settings,Coffee Warmer with 2-12H Auto Shutoff Functions,Easy to Clean Mug Warmer for Desk,Coffee Cup Warmer for Ideal Coffee Gifts</p><p> -19% 0FF </p><p>$12.99</p><a href="https://www.amazon.com/dp/B0DHTVV633?tag=eloabder-20&linkCode=osi&th=1&psc=1">View Product</a></div>
<div class="product"><a href="https://www.amazon.com/dp/B0CT5V2ZHR?tag=eloabder-20&linkCode=osi&th=1&psc=1"><img src="https://m.media-amazon.com/images/I/41QSTztkWYL._SL500_.jpg" alt="Product Image"></a><p>Car Electric Kettle: 12V/24V Portable Water Boiler Heated Travel Mug,Multiple Temperature Adjustable Coffee Tea Truck Cup with 304 Stainless Steel Dry Burn Protection & Handy Cup Bag</p><p> -22% 0FF </p><p>$35.99</p><a href="https://www.amazon.com/dp/B0CT5V2ZHR?tag=eloabder-20&linkCode=osi&th=1&psc=1">View Product</a></div><div class="product"><a href="https://www.amazon.com/dp/B09DFM7L6P?tag=eloabder-20&linkCode=osi&th=1&psc=1"><img src="https://m.media-amazon.com/images/I/41EHKsNXzxL._SL500_.jpg" alt="Product Image"></a><p>Muggo 12 oz Self-Heating Coffee Mug with 3 Hour Battery Life, Tea, Coffee, & Hot Beverage Warmer, Heated Travel Mug(L)</p><p> -20% 0FF </p><p>$79.99</p><a href="https://www.amazon.com/dp/B09DFM7L6P?tag=eloabder-20&linkCode=osi&th=1&psc=1">View Product</a></div><div class="product"><a href="https://www.amazon.com/dp/B0DJFBF3SH?tag=eloabder-20&linkCode=osi&th=1&psc=1"><img src="https://m.media-amazon.com/images/I/41IHoQ5MTsL._SL500_.jpg" alt="Product Image"></a><p>Ninja Pod & Grounds Specialty Single-Serve Coffee Maker, K-Cup Pod Compatible, Brews Grounds, Compact Design, Built-In Milk Frother, 56-oz. Reservoir, 6-oz. Cup to 24-oz. Mug Sizes, Stone, PB051ST</p><p> -20% 0FF </p><p>$79.99</p><a href="https://www.amazon.com/dp/B0DJFBF3SH?tag=eloabder-20&linkCode=osi&th=1&psc=1">View Product</a></div><div class="product"><a href="https://www.amazon.com/dp/B0CSDRZSGG?tag=eloabder-20&linkCode=osi&th=1&psc=1"><img src="https://m.media-amazon.com/images/I/31DLZl5VZVL._SL500_.jpg" alt="Product Image"></a><p>Ninja Hot & Iced XL Coffee Maker with Rapid Cold Brew, 4 Brew Styles, 8 Sizes Small Cup to Travel Mug, Single-Serve Coffee Brewer, 12-Cup Carafe, Permanent Filter, Removable Reservoir, Black, CM371</p><p> -33% 0FF </p><p>$99.95</p><a href="https://www.amazon.com/dp/B0CSDRZSGG?tag=eloabder-20&linkCode=osi&th=1&psc=1">View Product</a></div>
<div class="product"><a href="https://www.amazon.com/dp/B0855FZHRW?tag=eloabder-20&linkCode=osi&th=1&psc=1"><img src="https://m.media-amazon.com/images/I/41fTL2yJ5sL._SL500_.jpg" alt="Product Image"></a><p>Ovente 1.7 Liter, BPA-Free Electric Glass Hot Water Kettle with Stainless-Steel Infuser and ProntoFill Technology, Teapot Infuser Perfect for Tea (KG733S+FGK27B)</p><p> -15% 0FF </p><p>$49.57</p><a href="https://www.amazon.com/dp/B0855FZHRW?tag=eloabder-20&linkCode=osi&th=1&psc=1">View Product</a></div>

<div class="product"><a href="https://www.amazon.com/dp/B0C32T9JP5?tag=eloabder-20&linkCode=osi&th=1&psc=1"><img src="https://m.media-amazon.com/images/I/51i64SI1wsL._SL500_.jpg" alt="Product Image"></a><p>HONGBAKE Air Fryer Basket for Oven, 15.6"x11.6" Nonstick Air Fry Crisper Tray with Baking Pan, 2 Pieces Air Frying Accessories, Wide Edge, Gray</p><p> -25% 0FF </p><p>$15.99</p><a href="https://www.amazon.com/dp/B0C32T9JP5?tag=eloabder-20&linkCode=osi&th=1&psc=1">View Product</a></div><div class="product"><a href="https://www.amazon.com/dp/B089YSGMMG?tag=eloabder-20&linkCode=osi&th=1&psc=1"><img src="https://m.media-amazon.com/images/I/51aUBaF3HdL._SL500_.jpg" alt="Product Image"></a><p>Chef Pomodoro Air Fryer Tray for Oven, Copper Crisper Tray, Air Fryer Pans for Toaster Oven, Air Fryer Basket and Tray 2-Piece Set, Air Fryer Baking Pan, Air Fryer basket for Oven (Rectangle)</p><p> -33% 0FF </p><p>$19.99</p><a href="https://www.amazon.com/dp/B089YSGMMG?tag=eloabder-20&linkCode=osi&th=1&psc=1">View Product</a></div><div class="product"><a href="https://www.amazon.com/dp/B0BQ9VBZBH?tag=eloabder-20&linkCode=osi&th=1&psc=1"><img src="https://m.media-amazon.com/images/I/516B1UlyAqL._SL500_.jpg" alt="Product Image"></a><p>Oven Liners for Bottom of Oven with Baking Sheet Liner | Heat Resistant Oven Liners for Bottom of Electric Oven and Teflon Sheets for Baking | Reusable Oven Matt Liner for Bottom of Electric Oven.</p><p> -23% 0FF </p><p>$9.99</p><a href="https://www.amazon.com/dp/B0BQ9VBZBH?tag=eloabder-20&linkCode=osi&th=1&psc=1">View Product</a></div>

<div class="product"><a href="https://www.amazon.com/dp/B08BSP4GL1?tag=eloabder-20&linkCode=osi&th=1&psc=1"><img src="https://m.media-amazon.com/images/I/41gWrVLe75L._SL500_.jpg" alt="Product Image"></a><p>Elite Gourmet EBM8103B Programmable Bread Maker Machine 3 Loaf Sizes, 19 Menu Functions Gluten Free White Wheat Rye French and more, 2 Lbs, Black</p><p> -13% 0FF </p><p>$64.97</p><a href="https://www.amazon.com/dp/B08BSP4GL1?tag=eloabder-20&linkCode=osi&th=1&psc=1">View Product</a></div><div class="product"><a href="https://www.amazon.com/dp/B0CJKNWCG1?tag=eloabder-20&linkCode=osi&th=1&psc=1"><img src="https://m.media-amazon.com/images/I/31wlh9Y94-L._SL500_.jpg" alt="Product Image"></a><p>Silicone Bread Maker, Foldable Nonstick Silicone Bread Pan Easy Release Microwave Dishwasher for Kitchen</p><p> -7% 0FF </p><p>$11.59</p><a href="https://www.amazon.com/dp/B0CJKNWCG1?tag=eloabder-20&linkCode=osi&th=1&psc=1">View Product</a></div>
<div class="product"><a href="https://www.amazon.com/dp/B0BY833XLS?tag=eloabder-20&linkCode=osi&th=1&psc=1"><img src="https://m.media-amazon.com/images/I/41aFMPym+YL._SL500_.jpg" alt="Product Image"></a><p>AWEELON 2 Pcs Silicone Air Fryer Egg Pan Reusable Air Fryer Egg Mold,Non-Stick Air Fryer Baking Pan 3 Cavity Silicone Muffin Pans for Baking Hamburger Bun Pan Air Fryer Accessories</p><p> -10% 0FF </p><p>$8.98</p><a href="https://www.amazon.com/dp/B0BY833XLS?tag=eloabder-20&linkCode=osi&th=1&psc=1">View Product</a></div><div class="product"><a href="https://www.amazon.com/dp/B088TPLBQB?tag=eloabder-20&linkCode=osi&th=1&psc=1"><img src="https://m.media-amazon.com/images/I/31tsE8At5ZL._SL500_.jpg" alt="Product Image"></a><p>SELPONT Pastry Tamper- Wooden Pastry- Double Ended- Dough Tart Tamper- Baking Tool- Shaping Kitchen Tool</p><p> -25% 0FF </p><p>$8.99</p><a href="https://www.amazon.com/dp/B088TPLBQB?tag=eloabder-20&linkCode=osi&th=1&psc=1">View Product</a></div>
<div class="product"><a href="https://www.amazon.com/dp/B01M5JDU2A?tag=eloabder-20&linkCode=osi&th=1&psc=1"><img src="https://m.media-amazon.com/images/I/314-+mGNoUL._SL500_.jpg" alt="Product Image"></a><p>Gotham Steel Round Baking Pan Nonstick Bakeware, Round Cake Pan, – Large 9.5” x 9.5” x 2” Size, Even Heat & Non-Warp Technology, Ultra Nonstick Ceramic Coating, Dishwasher Safe, Brownish</p><p> -18% 0FF </p><p>$16.32</p><a href="https://www.amazon.com/dp/B01M5JDU2A?tag=eloabder-20&linkCode=osi&th=1&psc=1">View Product</a></div><div class="product"><a href="https://www.amazon.com/dp/B0CM67SP45?tag=eloabder-20&linkCode=osi&th=1&psc=1"><img src="https://m.media-amazon.com/images/I/31gSvPX0j5L._SL500_.jpg" alt="Product Image"></a><p>Air Fryer Cake Pan,Pizza Pan and Baking Cake Barrel,Nonstick Coating Backing Fit for HD9925 HD9860 HD9905 01,Dishwasher Safe, Black(22cm)</p><p> -43% 0FF </p><p>$11.88</p><a href="https://www.amazon.com/dp/B0CM67SP45?tag=eloabder-20&linkCode=osi&th=1&psc=1">View Product</a></div>
<div class="product"><a href="https://www.amazon.com/dp/B005XOYUSQ?tag=eloabder-20&linkCode=osi&th=1&psc=1"><img src="https://m.media-amazon.com/images/I/51l6VUhtL1L._SL500_.jpg" alt="Product Image"></a><p>Toas-Tite Sandwich Grill - Handheld Pie Iron, Sandwich Maker, Hand Toaster, Panini and Sandwich Press for Hand Made Hot Sandwiches and Pies - Perfect for Stovetop, Grill and Campfire</p><p> -6% 0FF </p><p>$29.95</p><a href="https://www.amazon.com/dp/B005XOYUSQ?tag=eloabder-20&linkCode=osi&th=1&psc=1">View Product</a></div><div class="product"><a href="https://www.amazon.com/dp/B0C9HX4TLP?tag=eloabder-20&linkCode=osi&th=1&psc=1"><img src="https://m.media-amazon.com/images/I/41j6he2SJ8L._SL500_.jpg" alt="Product Image"></a><p>AILITOR Double Pie Iron Sandwich Maker for Camping, Cast Iron Campfire Pie Cooker, Campfire Cooking Equipment Mountain Pie Maker</p><p> -25% 0FF </p><p>$29.99</p><a href="https://www.amazon.com/dp/B0C9HX4TLP?tag=eloabder-20&linkCode=osi&th=1&psc=1">View Product</a></div><div class="product"><a href="https://www.amazon.com/dp/B0BQ6RF42G?tag=eloabder-20&linkCode=osi&th=1&psc=1"><img src="https://m.media-amazon.com/images/I/415JIGFbKAL._SL500_.jpg" alt="Product Image"></a><p>AILITOR Campfire Sandwich Maker Cast Iron Pack of 4 - Pudgy Pie Maker for Camping, Mountain Pie Cooker</p><p> -5% 0FF </p><p>$94.99</p><a href="https://www.amazon.com/dp/B0BQ6RF42G?tag=eloabder-20&linkCode=osi&th=1&psc=1">View Product</a></div>
<div class="product"><a href="https://www.amazon.com/dp/B00KBUGQNY?tag=eloabder-20&linkCode=osi&th=1&psc=1"><img src="https://m.media-amazon.com/images/I/41XqQqVDzML._SL500_.jpg" alt="Product Image"></a><p>Wilton Candy Melts Candy And Chocolate Melting Pot, 2.5 Cups Capacity, Assorted Colors, Plastic</p><p> -24% 0FF </p><p>$32.99</p><a href="https://www.amazon.com/dp/B00KBUGQNY?tag=eloabder-20&linkCode=osi&th=1&psc=1">View Product</a></div>

<div class="product"><a href="https://www.amazon.com/dp/B07XXMSZ9T?tag=eloabder-20&linkCode=osi&th=1&psc=1"><img src="https://m.media-amazon.com/images/I/31QYFgrmuuL._SL500_.jpg" alt="Product Image"></a><p>MACONEE 12inch Universal Microwave Crisper Pan/Microwave Cookware Crispy Plate Fry Pan, Microwave Cooker for Reheat Frozen Pizza, Chicken Nuggets French Toast with Crisp Effect!</p><p> -5% 0FF </p><p>$34.99</p><a href="https://www.amazon.com/dp/B07XXMSZ9T?tag=eloabder-20&linkCode=osi&th=1&psc=1">View Product</a></div><div class="product"><a href="https://www.amazon.com/dp/B0C95D475H?tag=eloabder-20&linkCode=osi&th=1&psc=1"><img src="https://m.media-amazon.com/images/I/41KfKdcdDbL._SL500_.jpg" alt="Product Image"></a><p>Cuisinart Indoor Pizza Oven – Bake 12” Pizzas in Minutes – Portable Countertop Pizza Oven – Stainless Steel - CPZ-120</p><p> -53% 0FF </p><p>$187.49</p><a href="https://www.amazon.com/dp/B0C95D475H?tag=eloabder-20&linkCode=osi&th=1&psc=1">View Product</a></div><div class="product"><a href="https://www.amazon.com/dp/B0D9HYLN56?tag=eloabder-20&linkCode=osi&th=1&psc=1"><img src="https://m.media-amazon.com/images/I/51KRbs4TdkL._SL500_.jpg" alt="Product Image"></a><p>Presto 03434 Pizzaz Plus Rotating Oven - 12-Inch, Countertop Pizza Oven, Nonstick Tray, Top and Bottom Heating Elements, Easy to Clean, Green/Gold</p><p> -7% 0FF </p><p>$79.00</p><a href="https://www.amazon.com/dp/B0D9HYLN56?tag=eloabder-20&linkCode=osi&th=1&psc=1">View Product</a></div>
<div class="product"><a href="https://www.amazon.com/dp/B077YR9FFG?tag=eloabder-20&linkCode=osi&th=1&psc=1"><img src="https://m.media-amazon.com/images/I/51O2k+YPICL._SL500_.jpg" alt="Product Image"></a><p>Chefman Panini Press Grill and Gourmet Sandwich Maker Non-Stick Coated Plates, Opens 180 Degrees to Fit Any Type or Size of Food, Stainless Steel Surface and Removable Drip Tray, 4 Slice, Black</p><p> -20% 0FF </p><p>$39.96</p><a href="https://www.amazon.com/dp/B077YR9FFG?tag=eloabder-20&linkCode=osi&th=1&psc=1">View Product</a></div><div class="product"><a href="https://www.amazon.com/dp/B0039UU9TU?tag=eloabder-20&linkCode=osi&th=1&psc=1"><img src="https://m.media-amazon.com/images/I/41zMBCGEaoL._SL500_.jpg" alt="Product Image"></a><p>Lodge LPP3 Cast Iron Square Ribbed Panini Press, 8.25-inch</p><p> -7% 0FF </p><p>$29.61</p><a href="https://www.amazon.com/dp/B0039UU9TU?tag=eloabder-20&linkCode=osi&th=1&psc=1">View Product</a></div>
<div class="product"><a href="https://www.amazon.com/dp/B0BMV2R7NH?tag=eloabder-20&linkCode=osi&th=1&psc=1"><img src="https://m.media-amazon.com/images/I/41AU0s48sEL._SL500_.jpg" alt="Product Image"></a><p>Audecook Hot Pot Electric 2L, Cermic Glaze Non-Stick Frying Pan 8 Inch, Portable Travel Cooker for Ramen/Steak/Fried Rice/Oatmeal/Soup, with Dual Power Control (Silicone Spatula Included)</p><p> -24% 0FF </p><p>$37.99</p><a href="https://www.amazon.com/dp/B0BMV2R7NH?tag=eloabder-20&linkCode=osi&th=1&psc=1">View Product</a></div><div class="product"><a href="https://www.amazon.com/dp/B0B7FHK2H7?tag=eloabder-20&linkCode=osi&th=1&psc=1"><img src="https://m.media-amazon.com/images/I/31dqzuWr2sL._SL500_.jpg" alt="Product Image"></a><p>Audecook Hot Pot Electric with Steamer, 1.8L Portable Mini Travel Cooker, Multifunctional Non-Stick Electric Skillet for Stir Fry/Stew/Steam, Perfect for Ramen Noodles/Pasta/Egg/Soup/Oatmeal (White)</p><p> -28% 0FF </p><p>$32.98</p><a href="https://www.amazon.com/dp/B0B7FHK2H7?tag=eloabder-20&linkCode=osi&th=1&psc=1">View Product</a></div>
<div class="product"><a href="https://www.amazon.com/dp/B0002HAEKW?tag=eloabder-20&linkCode=osi&th=1&psc=1"><img src="https://m.media-amazon.com/images/I/31pTwD5u8wL._SL500_.jpg" alt="Product Image"></a><p>Farberware Classic Series Stainless Steel 8-Quart Covered Straining Stockpot with Lid, Stainless Steel Pot with Lid, Silver</p><p> -39% 0FF </p><p>$36.49</p><a href="https://www.amazon.com/dp/B0002HAEKW?tag=eloabder-20&linkCode=osi&th=1&psc=1">View Product</a></div><div class="product"><a href="https://www.amazon.com/dp/B08HR7H63D?tag=eloabder-20&linkCode=osi&th=1&psc=1"><img src="https://m.media-amazon.com/images/I/41kHWurprEL._SL500_.jpg" alt="Product Image"></a><p>Bayou Classic 200-490 30-qt Aluminum Turkey Fryer Kit Features 30-qt Aluminum Stockpot w/ Lid Lift Hook and Rack 1-oz Seasoning Injector 12-in Fry Thermometer 19-in Tall Steel Cooker w/ 4-in Burner</p><p> -6% 0FF </p><p>$157.63 ($157.63 / Count)</p><a href="https://www.amazon.com/dp/B08HR7H63D?tag=eloabder-20&linkCode=osi&th=1&psc=1">View Product</a></div>
<div class="product"><a href="https://www.amazon.com/dp/B0CV4NYDQL?tag=eloabder-20&linkCode=osi&th=1&psc=1"><img src="https://m.media-amazon.com/images/I/41ySRkI3DsL._SL500_.jpg" alt="Product Image"></a><p>Enameled Cast Iron Bread Pan With Lid 9 Piece Complete Bread Baking Set | Dutch Oven for Bread Baking | 10 Inch Bread Oven with Lid | Thick Enamel | Silicone Baking Mat | Banneton | 6 Quart (Red)</p><p> -10% 0FF </p><p>$89.99</p><a href="https://www.amazon.com/dp/B0CV4NYDQL?tag=eloabder-20&linkCode=osi&th=1&psc=1">View Product</a></div><div class="product"><a href="https://www.amazon.com/dp/B0C8WN349L?tag=eloabder-20&linkCode=osi&th=1&psc=1"><img src="https://m.media-amazon.com/images/I/41Fv7R5VoHL._SL500_.jpg" alt="Product Image"></a><p>Ninja Combi All-in-One Multicooker, Oven, & Air Fryer, Complete Meals in 15 Mins, 14-in-1 Functions, Combi Cooker + Air Fry, Bake, Roast, Slow Cook and More, 3 Accessories, Stainless Steel, SFP701</p><p> -22% 0FF </p><p>$179.99</p><a href="https://www.amazon.com/dp/B0C8WN349L?tag=eloabder-20&linkCode=osi&th=1&psc=1">View Product</a></div>





<div class="product"><a href="https://www.amazon.com/dp/B07GV78ZKK?tag=eloabder-20&linkCode=osi&th=1&psc=1"><img src="https://m.media-amazon.com/images/I/31zntCfjdLL._SL500_.jpg" alt="Product Image"></a><p>COMFEE' EM720CPL-PM Countertop Microwave Oven with Sound On/Off, ECO Mode and Easy One-Touch Buttons, 0.7 Cu Ft/700W, Pearl White</p><p> -17% 0FF </p><p>$68.39</p><a href="https://www.amazon.com/dp/B07GV78ZKK?tag=eloabder-20&linkCode=osi&th=1&psc=1">View Product</a></div>
<div class="product"><a href="https://www.amazon.com/dp/B07XMJMCS3?tag=eloabder-20&linkCode=osi&th=1&psc=1"><img src="https://m.media-amazon.com/images/I/419J3Xx48mL._SL500_.jpg" alt="Product Image"></a><p>Elite Gourmet ETO-4510M French Door 47.5Qt, 18-Slice Convection Oven 4-Control Knobs, Bake Broil Toast Rotisserie Keep Warm, Includes 2 x 14" Pizza Racks, Stainless Steel</p><p> -31% 0FF </p><p>$124.99</p><a href="https://www.amazon.com/dp/B07XMJMCS3?tag=eloabder-20&linkCode=osi&th=1&psc=1">View Product</a></div><div class="product"><a href="https://www.amazon.com/dp/B08BXX69K4?tag=eloabder-20&linkCode=osi&th=1&psc=1"><img src="https://m.media-amazon.com/images/I/41D3YEcmwdL._SL500_.jpg" alt="Product Image"></a><p>Ninja DT201 Foodi 10-in-1 XL Pro Air Fry Digital Countertop Convection Toaster Oven with Dehydrate and Reheat, 1800 Watts, Stainless Steel Finish, Silver</p><p> -23% 0FF </p><p>$229.99</p><a href="https://www.amazon.com/dp/B08BXX69K4?tag=eloabder-20&linkCode=osi&th=1&psc=1">View Product</a></div>
<div class="product"><a href="https://www.amazon.com/dp/B0CS3V8M9H?tag=eloabder-20&linkCode=osi&th=1&psc=1"><img src="https://m.media-amazon.com/images/I/412jHCGGR+L._SL500_.jpg" alt="Product Image"></a><p>Ninja Air Fryer Pro XL 6-in-1 with 6.5 QT Capacity, Max Crisp, Air Fry, Air Roast, Bake, Reheat, Dehydrate, Max Crisp Technology with 450F, Nonstick Basket & Crisper Plate, Grey, AF181</p><p> -47% 0FF </p><p>$89.99</p><a href="https://www.amazon.com/dp/B0CS3V8M9H?tag=eloabder-20&linkCode=osi&th=1&psc=1">View Product</a></div>
<div class="product"><a href="https://www.amazon.com/dp/B0B1QSBB8G?tag=eloabder-20&linkCode=osi&th=1&psc=1"><img src="https://m.media-amazon.com/images/I/51cRMyJi-bL._SL500_.jpg" alt="Product Image"></a><p>Ronco ST5000PLAT Digital Showtime Rotisserie, Platinum Edition, Cooks Food Perfectly Every Time, 3 Cooking Modes: Roast, Sear, and No Heat Rotation, Stainless Steel</p><p> -15% 0FF </p><p>$144.99</p><a href="https://www.amazon.com/dp/B0B1QSBB8G?tag=eloabder-20&linkCode=osi&th=1&psc=1">View Product</a></div><div class="product"><a href="https://www.amazon.com/dp/B08JQNN9SY?tag=eloabder-20&linkCode=osi&th=1&psc=1"><img src="https://m.media-amazon.com/images/I/51rWVbBIf+L._SL500_.jpg" alt="Product Image"></a><p>Ronco Showtime EZ-Store Large Capacity Rotisserie & BBQ Oven, Digital Controls, Compact Storage, Perfect Preset Rotation Speed, Self-Basting, Auto Shutoff, Includes Multipurpose Basket, red</p><p> -10% 0FF </p><p>$139.99</p><a href="https://www.amazon.com/dp/B08JQNN9SY?tag=eloabder-20&linkCode=osi&th=1&psc=1">View Product</a></div><div class="product"><a href="https://www.amazon.com/dp/B00IGGJKRY?tag=eloabder-20&linkCode=osi&th=1&psc=1"><img src="https://m.media-amazon.com/images/I/41ZyPJxqGNL._SL500_.jpg" alt="Product Image"></a><p>Ronco 5500 Series Rotisserie Oven, Black</p><p> -7% 0FF </p><p>$139.99</p><a href="https://www.amazon.com/dp/B00IGGJKRY?tag=eloabder-20&linkCode=osi&th=1&psc=1">View Product</a></div><div class="product"><a href="https://www.amazon.com/dp/B016VZYWNS?tag=eloabder-20&linkCode=osi&th=1&psc=1"><img src="https://m.media-amazon.com/images/I/41GY0IMde0L._SL500_.jpg" alt="Product Image"></a><p>NutriChef Vertical Countertop Rotisserie Oven Roaster, Rotating Shawarma And Kebab Machine with Skewer and Rack, Basket Tower, Roasting Rack, Poultry Tower, Drip Tray, For Meat Chicken Turkey Lamb</p><p> -8% 0FF </p><p>$110.28</p><a href="https://www.amazon.com/dp/B016VZYWNS?tag=eloabder-20&linkCode=osi&th=1&psc=1">View Product</a></div><div class="product"><a href="https://www.amazon.com/dp/B01MAWQSW5?tag=eloabder-20&linkCode=osi&th=1&psc=1"><img src="https://m.media-amazon.com/images/I/51hurfu3V2L._SL500_.jpg" alt="Product Image"></a><p>Nutrichef Vertical Countertop Oven with Rotisserie, Bake, Broil, & Kebab Rack Functions - Adjustable Settings - 2 Shelves - 1500W - Thanksgiving Turkey - Includes Grill, Kebab skewer racks & bake pan</p><p> -15% 0FF </p><p>$88.80</p><a href="https://www.amazon.com/dp/B01MAWQSW5?tag=eloabder-20&linkCode=osi&th=1&psc=1">View Product</a></div>
<div class="product"><a href="https://www.amazon.com/dp/B0BJ7VBZ2N?tag=eloabder-20&linkCode=osi&th=1&psc=1"><img src="https://m.media-amazon.com/images/I/31YfjzhQJiL._SL500_.jpg" alt="Product Image"></a><p>LG LRFLC2706S 27 Cu. Ft. French Door Smart Refrigerator in Stainless Steel</p><p> -22% 0FF </p><p>$1,645.31</p><a href="https://www.amazon.com/dp/B0BJ7VBZ2N?tag=eloabder-20&linkCode=osi&th=1&psc=1">View Product</a></div><div class="product"><a href="https://www.amazon.com/dp/B0CL9K8VTH?tag=eloabder-20&linkCode=osi&th=1&psc=1"><img src="https://m.media-amazon.com/images/I/219HZ+NJ2UL._SL500_.jpg" alt="Product Image"></a><p>THFRIONE 18.1 Cu. Ft 36" Inch W. Refrigerator with Ice & Water Dispenser, Inverter Compressor, Auto Defrost, Gray Stainless Steel Finish – Perfect for Kitchens, Homes, or Offices</p><p> -25% 0FF </p><p>$1,499.99</p><a href="https://www.amazon.com/dp/B0CL9K8VTH?tag=eloabder-20&linkCode=osi&th=1&psc=1">View Product</a></div><div class="product"><a href="https://www.amazon.com/dp/B0C2X116TR?tag=eloabder-20&linkCode=osi&th=1&psc=1"><img src="https://m.media-amazon.com/images/I/21W4R5jV3GL._SL500_.jpg" alt="Product Image"></a><p>LG LRFXC2606S 25.5 Cu. Ft. Stainless Steel French Door Smart Refrigerator</p><p> -29% 0FF </p><p>$1,843.47</p><a href="https://www.amazon.com/dp/B0C2X116TR?tag=eloabder-20&linkCode=osi&th=1&psc=1">View Product</a></div><div class="product"><a href="https://www.amazon.com/dp/B07ZL2VL1Q?tag=eloabder-20&linkCode=osi&th=1&psc=1"><img src="https://m.media-amazon.com/images/I/316q4gNbayL._SL500_.jpg" alt="Product Image"></a><p>GE Profile PVD28BYNFS 27.6 Cu.Ft. Stainless French Door Smart Refrigerator</p><p> -44% 0FF </p><p>$2,345.73</p><a href="https://www.amazon.com/dp/B07ZL2VL1Q?tag=eloabder-20&linkCode=osi&th=1&psc=1">View Product</a></div>
<div class="product"><a href="https://www.amazon.com/dp/B0CFG3VR82?tag=eloabder-20&linkCode=osi&th=1&psc=1"><img src="https://m.media-amazon.com/images/I/41mL7IdNaaL._SL500_.jpg" alt="Product Image"></a><p>4986ER0004F Washer Door Boot Gasket - Boot Seal with Drain Port Compatible with LG and Kenmore Replaces: PS3524977, 1377588, 4986ER0004J, 4986ER0004K, AH3524977, 4986ER0004M, 4986ER0004N, EA3524977</p><p> -19% 0FF </p><p>$29.98</p><a href="https://www.amazon.com/dp/B0CFG3VR82?tag=eloabder-20&linkCode=osi&th=1&psc=1">View Product</a></div><div class="product"><a href="https://www.amazon.com/dp/B0CSNKFMHZ?tag=eloabder-20&linkCode=osi&th=1&psc=1"><img src="https://m.media-amazon.com/images/I/41FWvdtKijL._SL500_.jpg" alt="Product Image"></a><p>Upgraded DC97-16140P DC97-19755A Washer Door Gasket Boot Seal Bellow Diaphragm Compatible with Samsung Front Load Washer Door Seal WF45N5300AW/US WF45M5500AZ/A5 WF45K6200AW/A2 WF45K6300AW/A2 Parts</p><p> -13% 0FF </p><p>$45.77</p><a href="https://www.amazon.com/dp/B0CSNKFMHZ?tag=eloabder-20&linkCode=osi&th=1&psc=1">View Product</a></div>
<div class="product"><a href="https://www.amazon.com/dp/B0C4PRS41W?tag=eloabder-20&linkCode=osi&th=1&psc=1"><img src="https://m.media-amazon.com/images/I/41Xc8Et+m2L._SL500_.jpg" alt="Product Image"></a><p>ROVSUN 13.2LB Portable Clothes Dryer, 3.5 Cu.Ft High End Front Load Tumble Laundry Dryer with LCD Touch Screen, Stainless Steel Tub for Apartment, Home, Dorm-110V, Luxury Grey</p><p> -6% 0FF </p><p>$289.99</p><a href="https://www.amazon.com/dp/B0C4PRS41W?tag=eloabder-20&linkCode=osi&th=1&psc=1">View Product</a></div><div class="product"><a href="https://www.amazon.com/dp/B0BV6M9MB8?tag=eloabder-20&linkCode=osi&th=1&psc=1"><img src="https://m.media-amazon.com/images/I/31UNxYC9C6L._SL500_.jpg" alt="Product Image"></a><p>BLACK+DECKER Compact Clothes Dryer, 1.5 Cu. Ft. 850W Electric Dryer, 120V Vented Portable Dryer with Stainless Steel Drum, Mini Dryer for 3.3 lbs. of Laundry for Standard Wall Outlet</p><p> -6% 0FF </p><p>$244.07</p><a href="https://www.amazon.com/dp/B0BV6M9MB8?tag=eloabder-20&linkCode=osi&th=1&psc=1">View Product</a></div>
<div class="product"><a href="https://www.amazon.com/dp/B09QGHYFY3?tag=eloabder-20&linkCode=osi&th=1&psc=1"><img src="https://m.media-amazon.com/images/I/51WzNNtcNxL._SL500_.jpg" alt="Product Image"></a><p>VEVOR Commercial Convection Oven, 66L/60Qt, Half-Size Conventional Oven Countertop, 1800W 4-Tier Toaster w/Front Glass Door, w/Trays Wire Racks Clip Gloves, 120V</p><p> -8% 0FF </p><p>$459.99</p><a href="https://www.amazon.com/dp/B09QGHYFY3?tag=eloabder-20&linkCode=osi&th=1&psc=1">View Product</a></div><div class="product"><a href="https://www.amazon.com/dp/B0BZ52FLKC?tag=eloabder-20&linkCode=osi&th=1&psc=1"><img src="https://m.media-amazon.com/images/I/51xS1rDuyiL._SL500_.jpg" alt="Product Image"></a><p>Emeril Lagasse Dual Zone 360 Air Fryer Oven Combo with French Door, 25 QT Extra Large Cook Two Foods in Different Ways, Up to 60% Faster from Frozen to Finish</p><p> -12% 0FF </p><p>$264.50</p><a href="https://www.amazon.com/dp/B0BZ52FLKC?tag=eloabder-20&linkCode=osi&th=1&psc=1">View Product</a></div><div class="product"><a href="https://www.amazon.com/dp/B0BRL9F8HV?tag=eloabder-20&linkCode=osi&th=1&psc=1"><img src="https://m.media-amazon.com/images/I/41OVh-RKLgL._SL500_.jpg" alt="Product Image"></a><p>Ninja DCT451 12-in-1 Smart Double Oven with FlexDoor, Thermometer, FlavorSeal, Smart Finish, Rapid Top Convection and Air Fry Bottom , Stainless Steel (pack of 1)</p><p> -20% 0FF </p><p>$279.99</p><a href="https://www.amazon.com/dp/B0BRL9F8HV?tag=eloabder-20&linkCode=osi&th=1&psc=1">View Product</a></div>

<div class="product"><a href="https://www.amazon.com/dp/B0773QXFH3?tag=eloabder-20&linkCode=osi&th=1&psc=1"><img src="https://m.media-amazon.com/images/I/41OitXu8hQL._SL500_.jpg" alt="Product Image"></a><p>BLACK+DECKER BCD6W 6 Place Setting ENERGY STAR Portable Compact Countertop Dishwasher</p><p> -20% 0FF </p><p>$319.99</p><a href="https://www.amazon.com/dp/B0773QXFH3?tag=eloabder-20&linkCode=osi&th=1&psc=1">View Product</a></div><div class="product"><a href="https://www.amazon.com/dp/B09QSV4FCC?tag=eloabder-20&linkCode=osi&th=1&psc=1"><img src="https://m.media-amazon.com/images/I/51vfWTq8xAL._SL500_.jpg" alt="Product Image"></a><p>IAGREEA Portable Countertop Dishwasher, 7 Washing Programs Compact Mini Dishwasher, No Hook Needed, Anti-Leakage, Fruit & Vegetable Soaking, For 4 Sets of Tableware</p><p> -9% 0FF </p><p>$209.99</p><a href="https://www.amazon.com/dp/B09QSV4FCC?tag=eloabder-20&linkCode=osi&th=1&psc=1">View Product</a></div>




<div class="product"><a href="https://www.amazon.com/dp/B07D4821JB?tag=eloabder-20&linkCode=osi&th=1&psc=1"><img src="https://m.media-amazon.com/images/I/31KcsQlzOiL._SL500_.jpg" alt="Product Image"></a><p>GE Smart Countertop Microwave Oven | Complete with Scan-to-Cook Technology and Wifi-Connectivity | 0.9 Cubic Feet Capacity, 900 Watts | Home & Kitchen Essentials | Stainless Steel</p><p> -9% 0FF </p><p>$145.00</p><a href="https://www.amazon.com/dp/B07D4821JB?tag=eloabder-20&linkCode=osi&th=1&psc=1">View Product</a></div><div class="product"><a href="https://www.amazon.com/dp/B08PK7WZC1?tag=eloabder-20&linkCode=osi&th=1&psc=1"><img src="https://m.media-amazon.com/images/I/31FW1VCDrSL._SL500_.jpg" alt="Product Image"></a><p>Toshiba ML-EM62P(SS) Large Countertop Microwave with Smart Sensor, 6 Menus, Auto Defrost, ECO Mode, Mute Option & 16.5" Position Memory Turntable, 2.2 Cu Ft, 1200W, Stainless Steel</p><p> -5% 0FF </p><p>$199.99</p><a href="https://www.amazon.com/dp/B08PK7WZC1?tag=eloabder-20&linkCode=osi&th=1&psc=1">View Product</a></div><div class="product"><a href="https://www.amazon.com/dp/B081ZS7VSM?tag=eloabder-20&linkCode=osi&th=1&psc=1"><img src="https://m.media-amazon.com/images/I/41q6iIrj2lL._SL500_.jpg" alt="Product Image"></a><p>Breville BMO870BSS1BUC1 the Combi Wave 3 in 1 Microwave, Brushed Stainless Steel</p><p> -20% 0FF </p><p>$399.95</p><a href="https://www.amazon.com/dp/B081ZS7VSM?tag=eloabder-20&linkCode=osi&th=1&psc=1">View Product</a></div><div class="product"><a href="https://www.amazon.com/dp/B089WC2P2K?tag=eloabder-20&linkCode=osi&th=1&psc=1"><img src="https://m.media-amazon.com/images/I/418Op+Eo8TL._SL500_.jpg" alt="Product Image"></a><p>TOSHIBA 4-in-1 ML-EC42P(SS) Countertop Microwave Oven, Smart Sensor, Convection, Air Fryer Combo, Mute Function, Position Memory 13.6" Turntable, 1.5 Cu Ft, 1000W, Silver</p><p> -16% 0FF </p><p>$214.99</p><a href="https://www.amazon.com/dp/B089WC2P2K?tag=eloabder-20&linkCode=osi&th=1&psc=1">View Product</a></div>
<div class="product"><a href="https://www.amazon.com/dp/B0CZNV2YJK?tag=eloabder-20&linkCode=osi&th=1&psc=1"><img src="https://m.media-amazon.com/images/I/41cLBczHUgL._SL500_.jpg" alt="Product Image"></a><p>Aeitto Blender, Blenders for Kitchen with 1500-Watt Motor, 68 Oz Large Capacity, Countertop Professional Blenders for Ice Crush, Frozen Drinks, Black</p><p> -73% 0FF </p><p>$89.99</p><a href="https://www.amazon.com/dp/B0CZNV2YJK?tag=eloabder-20&linkCode=osi&th=1&psc=1">View Product</a></div><div class="product"><a href="https://www.amazon.com/dp/B00939FV8K?tag=eloabder-20&linkCode=osi&th=1&psc=1"><img src="https://m.media-amazon.com/images/I/418t4FONikL._SL500_.jpg" alt="Product Image"></a><p>Ninja BL660 Professional Compact Smoothie & Food Processing Blender, 1100-Watts, 3 Functions -for Frozen Drinks, Smoothies, Sauces, & More, 72-oz.* Pitcher, (2) 16-oz. To-Go Cups & Spout Lids, Gray</p><p> -17% 0FF </p><p>$99.00</p><a href="https://www.amazon.com/dp/B00939FV8K?tag=eloabder-20&linkCode=osi&th=1&psc=1">View Product</a></div><div class="product"><a href="https://www.amazon.com/dp/B0CDCTBMKX?tag=eloabder-20&linkCode=osi&th=1&psc=1"><img src="https://m.media-amazon.com/images/I/41AxPEPZViL._SL500_.jpg" alt="Product Image"></a><p>Ninja TB201 Detect Power Blender Pro, BlendSense Technology, For Smoothies, Shakes & More, 1800 Peak Watts, 72 oz. Pitcher, Blender, Black</p><p> -7% 0FF </p><p>$129.99</p><a href="https://www.amazon.com/dp/B0CDCTBMKX?tag=eloabder-20&linkCode=osi&th=1&psc=1">View Product</a></div><div class="product"><a href="https://www.amazon.com/dp/B08F2PWT72?tag=eloabder-20&linkCode=osi&th=1&psc=1"><img src="https://m.media-amazon.com/images/I/21Abxpp-dvL._SL500_.jpg" alt="Product Image"></a><p>KitchenAid Variable Speed Corded Hand Blender KHBV53, Charcoal Grey</p><p> -25% 0FF </p><p>$44.95</p><a href="https://www.amazon.com/dp/B08F2PWT72?tag=eloabder-20&linkCode=osi&th=1&psc=1">View Product</a></div>


<div class="product"><a href="https://www.amazon.com/dp/B010TSWBEA?tag=eloabder-20&linkCode=osi&th=1&psc=1"><img src="https://m.media-amazon.com/images/I/21S-tgi3mHL._SL500_.jpg" alt="Product Image"></a><p>SMEG 2 Slice Toaster with 6 Presets and Defrost Function and Removable Crumb Tray TSF01SSMUS, Stainless Steel</p><p> -21% 0FF </p><p>$196.97</p><a href="https://www.amazon.com/dp/B010TSWBEA?tag=eloabder-20&linkCode=osi&th=1&psc=1">View Product</a></div><div class="product"><a href="https://www.amazon.com/dp/B00COMHC12?tag=eloabder-20&linkCode=osi&th=1&psc=1"><img src="https://m.media-amazon.com/images/I/31x2kZuLOcL._SL500_.jpg" alt="Product Image"></a><p>Breville the 'A Bit More' Toaster 2-Slice, BTA720XL, Brushed Stainless Steel</p><p> -25% 0FF </p><p>$89.95</p><a href="https://www.amazon.com/dp/B00COMHC12?tag=eloabder-20&linkCode=osi&th=1&psc=1">View Product</a></div><div class="product"><a href="https://www.amazon.com/dp/B00140SC64?tag=eloabder-20&linkCode=osi&th=1&psc=1"><img src="https://m.media-amazon.com/images/I/31AsHl4-4ZL._SL500_.jpg" alt="Product Image"></a><p>Breville Smart Toaster, 2-Slice, Brushed Aluminum</p><p> -6% 0FF </p><p>$149.95</p><a href="https://www.amazon.com/dp/B00140SC64?tag=eloabder-20&linkCode=osi&th=1&psc=1">View Product</a></div><div class="product"><a href="https://www.amazon.com/dp/B0964BFH62?tag=eloabder-20&linkCode=osi&th=1&psc=1"><img src="https://m.media-amazon.com/images/I/41Nw+vaMaiL._SL500_.jpg" alt="Product Image"></a><p>Café Express Finish 2-Slice Toaster | Extra-Wide Slots, Extra Lift for Waffles, Pastries, Texas Toast & More | 4 Pre-Set Functions, 8 Shade Options | Countertop Kitchen Essentials | Matte Black</p><p> -23% 0FF </p><p>$99.00</p><a href="https://www.amazon.com/dp/B0964BFH62?tag=eloabder-20&linkCode=osi&th=1&psc=1">View Product</a></div><div class="product"><a href="https://www.amazon.com/dp/B0876235F1?tag=eloabder-20&linkCode=osi&th=1&psc=1"><img src="https://m.media-amazon.com/images/I/41y-KW18W1L._SL500_.jpg" alt="Product Image"></a><p>Haden Heritage 4 Slice Wide Slot Stainless Steel Toaster with Adjustable Browning Control & Non-Slip Feet, Ivory & Chrome</p><p> -29% 0FF </p><p>$89.95</p><a href="https://www.amazon.com/dp/B0876235F1?tag=eloabder-20&linkCode=osi&th=1&psc=1">View Product</a></div>
<div class="product"><a href="https://www.amazon.com/dp/B0C7VMZ9FG?tag=eloabder-20&linkCode=osi&th=1&psc=1"><img src="https://m.media-amazon.com/images/I/31JHVY8m1-L._SL500_.jpg" alt="Product Image"></a><p>Breez Max | Smart AC Controller | WiFi Thermostat for Mini-Split, Window, Portable ACS/Heat Pumps | AI-Based Tech | Free App, No Subscriptions | Alexa, Google, Siri Shortcuts, IFTTT (White)</p><p> -22% 0FF </p><p>$124.99</p><a href="https://www.amazon.com/dp/B0C7VMZ9FG?tag=eloabder-20&linkCode=osi&th=1&psc=1">View Product</a></div>



<div class="product"><a href="https://www.amazon.com/dp/B09H1CGRTV?tag=eloabder-20&linkCode=osi&th=1&psc=1"><img src="https://m.media-amazon.com/images/I/31uEPVcJ8RL._SL500_.jpg" alt="Product Image"></a><p>FOTILE ChefCubii 4-in-1 Countertop Convection Steam Oven, Air Fryer, Dehydrator with True Convection Bake, Steam-Bake, Broil, 40 Preset Menu and Steam Self-Clean, 1 CFT</p><p> -20% 0FF </p><p>$399.00</p><a href="https://www.amazon.com/dp/B09H1CGRTV?tag=eloabder-20&linkCode=osi&th=1&psc=1">View Product</a></div><div class="product"><a href="https://www.amazon.com/dp/B0CZ3HSTP8?tag=eloabder-20&linkCode=osi&th=1&psc=1"><img src="https://m.media-amazon.com/images/I/41rIMFdCNsL._SL500_.jpg" alt="Product Image"></a><p>Secura Multifunction Air Fryer Steam Oven, 13 Quart Compact Oven with Convection Bake, Airfryer, Rapid Steam, Ferment, Dehydrator Combo, Nutritious & Delicious Food Steamer for Cooking (Mint Green)</p><p> -18% 0FF </p><p>$120.00</p><a href="https://www.amazon.com/dp/B0CZ3HSTP8?tag=eloabder-20&linkCode=osi&th=1&psc=1">View Product</a></div><div class="product"><a href="https://www.amazon.com/dp/B08YDJJ48N?tag=eloabder-20&linkCode=osi&th=1&psc=1"><img src="https://m.media-amazon.com/images/I/31eWtCxG5PL._SL500_.jpg" alt="Product Image"></a><p>Whynter TSO-488GB Grande 40 Quart Capacity Counter-Top Multi-Function Convection Steam Oven, Black Stainless Steel</p><p> -26% 0FF </p><p>$320.08</p><a href="https://www.amazon.com/dp/B08YDJJ48N?tag=eloabder-20&linkCode=osi&th=1&psc=1">View Product</a></div>
<div class="product"><a href="https://www.amazon.com/dp/B0B12ZBHLZ?tag=eloabder-20&linkCode=osi&th=1&psc=1"><img src="https://m.media-amazon.com/images/I/41aMbPd8AmL._SL500_.jpg" alt="Product Image"></a><p>Sensibo Air PRO - Air Conditioner Smart Controller & Air Quality Sensor. Smart Thermostat for Mini Split, Window, Portable AC. Temp & Humidity Sensors. Google, Alexa, Siri & Apple HomeKit Compatible</p><p> -31% 0FF </p><p>$149.00</p><a href="https://www.amazon.com/dp/B0B12ZBHLZ?tag=eloabder-20&linkCode=osi&th=1&psc=1">View Product</a></div><div class="product"><a href="https://www.amazon.com/dp/B0BQH2SL9Q?tag=eloabder-20&linkCode=osi&th=1&psc=1"><img src="https://m.media-amazon.com/images/I/31CwRCRuFWL._SL500_.jpg" alt="Product Image"></a><p>Feit Electric Smart Indoor WiFi Temperature and Humidity Sensor for Precision Environment Control, Wireless, Digital Remote App Control, Get Notification Alerts and No Hub Required - Temp/WiFi</p><p> -16% 0FF </p><p>$39.30</p><a href="https://www.amazon.com/dp/B0BQH2SL9Q?tag=eloabder-20&linkCode=osi&th=1&psc=1">View Product</a></div><div class="product"><a href="https://www.amazon.com/dp/B0B5GPM54S?tag=eloabder-20&linkCode=osi&th=1&psc=1"><img src="https://m.media-amazon.com/images/I/31sAt4ZNQRL._SL500_.jpg" alt="Product Image"></a><p>YoLink X3 Version Temperature & Humidity Sensor, Supports App Real-Time Data Refresh, Alexa, IFTTT, Home Assistant Integration - YoLink Hub Required</p><p> -20% 0FF </p><p>$39.99</p><a href="https://www.amazon.com/dp/B0B5GPM54S?tag=eloabder-20&linkCode=osi&th=1&psc=1">View Product</a></div><div class="product"><a href="https://www.amazon.com/dp/B09Y873L1Z?tag=eloabder-20&linkCode=osi&th=1&psc=1"><img src="https://m.media-amazon.com/images/I/41iuXKDZtVL._SL500_.jpg" alt="Product Image"></a><p>WiFi Temperature Humidity Monitor: Upgraded Smart Temperature and Humidity Sensor with Large Backlit LCD Screen & App Alerts, Indoor Thermometer Hygrometer Compatible with Alexa Google Assistant</p><p> -23% 0FF </p><p>$20.68</p><a href="https://www.amazon.com/dp/B09Y873L1Z?tag=eloabder-20&linkCode=osi&th=1&psc=1">View Product</a></div>
<div class="product"><a href="https://www.amazon.com/dp/B002HDLBTC?tag=eloabder-20&linkCode=osi&th=1&psc=1"><img src="https://m.media-amazon.com/images/I/514U5jbXZXL._SL500_.jpg" alt="Product Image"></a><p>BREW EXPRESS - 10 CUP BUILT-IN-THE-WALL - SELF FILLING COFFEE SYSTEM</p><p> -16% 0FF </p><p>$753.00 ($75.30 / Count)</p><a href="https://www.amazon.com/dp/B002HDLBTC?tag=eloabder-20&linkCode=osi&th=1&psc=1">View Product</a></div><div class="product"><a href="https://www.amazon.com/dp/B07HCMRJZD?tag=eloabder-20&linkCode=osi&th=1&psc=1"><img src="https://m.media-amazon.com/images/I/41GaMhDDegL._SL500_.jpg" alt="Product Image"></a><p>WOLF GOURMET Programmable Coffee Maker System with 10 Cup Thermal Carafe, Built-In Grounds Scale, Removable Reservoir, Red Knob, Stainless Steel (WGCM100S)</p><p> -18% 0FF </p><p>$449.95</p><a href="https://www.amazon.com/dp/B07HCMRJZD?tag=eloabder-20&linkCode=osi&th=1&psc=1">View Product</a></div>



<div class="product"><a href="https://www.amazon.com/dp/B00P387SGS?tag=eloabder-20&linkCode=osi&th=1&psc=1"><img src="https://m.media-amazon.com/images/I/31PaPGs7ucL._SL500_.jpg" alt="Product Image"></a><p>Avanti ERU200P3S ERU200 20" Electric Range Oven with Framed Glass Door, in Stainless Steel</p><p> -25% 0FF </p><p>$584.10</p><a href="https://www.amazon.com/dp/B00P387SGS?tag=eloabder-20&linkCode=osi&th=1&psc=1">View Product</a></div><div class="product"><a href="https://www.amazon.com/dp/B0CGMC72GG?tag=eloabder-20&linkCode=osi&th=1&psc=1"><img src="https://m.media-amazon.com/images/I/41VO4jA5L0L._SL500_.jpg" alt="Product Image"></a><p>Kenmore Front Control Electric Range Oven with 5 Cooktop Elements with 7 Cooking Power Options, True Convection, Steam and Self Clean, Freestanding Oven, 4.8 cu. ft. Capacity Stainless Steel</p><p> -15% 0FF </p><p>$1,099.99</p><a href="https://www.amazon.com/dp/B0CGMC72GG?tag=eloabder-20&linkCode=osi&th=1&psc=1">View Product</a></div><div class="product"><a href="https://www.amazon.com/dp/B00P3821II?tag=eloabder-20&linkCode=osi&th=1&psc=1"><img src="https://m.media-amazon.com/images/I/31VtoYu+-YL._SL500_.jpg" alt="Product Image"></a><p>Avanti ERU240P1B ERU240 24" Electric Range Oven with Framed Glass Door, in Black</p><p> -12% 0FF </p><p>$612.07</p><a href="https://www.amazon.com/dp/B00P3821II?tag=eloabder-20&linkCode=osi&th=1&psc=1">View Product</a></div><div class="product"><a href="https://www.amazon.com/dp/B098H6P9YG?tag=eloabder-20&linkCode=osi&th=1&psc=1"><img src="https://m.media-amazon.com/images/I/3173fk+5oHL._SL500_.jpg" alt="Product Image"></a><p>Premium Levella 20" Electric Range with 4 Coil Burners and 2.2 Cu. Ft. Oven Capacity in White</p><p> -7% 0FF </p><p>$699.00</p><a href="https://www.amazon.com/dp/B098H6P9YG?tag=eloabder-20&linkCode=osi&th=1&psc=1">View Product</a></div><div class="product"><a href="https://www.amazon.com/dp/B07HY4RYPD?tag=eloabder-20&linkCode=osi&th=1&psc=1"><img src="https://m.media-amazon.com/images/I/41+Y7YbWcuL._SL500_.jpg" alt="Product Image"></a><p>OVENTE Electric Countertop Double Burner, 1700W Cooktop with 7.25" and 6.10" Cast Iron Hot Plates, Temperature Control, Portable Cooking Stove and Easy to Clean Stainless Steel Base, Black BGS102B</p><p> -34% 0FF </p><p>$26.99</p><a href="https://www.amazon.com/dp/B07HY4RYPD?tag=eloabder-20&linkCode=osi&th=1&psc=1">View Product</a></div><div class="product"><a href="https://www.amazon.com/dp/B01EBC40BW?tag=eloabder-20&linkCode=osi&th=1&psc=1"><img src="https://m.media-amazon.com/images/I/31EF03Y41gL._SL500_.jpg" alt="Product Image"></a><p>GE Appliances JB645DKWW, White</p><p> -9% 0FF </p><p>$759.72</p><a href="https://www.amazon.com/dp/B01EBC40BW?tag=eloabder-20&linkCode=osi&th=1&psc=1">View Product</a></div>
<div class="product"><a href="https://www.amazon.com/dp/B0B8F38J2B?tag=eloabder-20&linkCode=osi&th=1&psc=1"><img src="https://m.media-amazon.com/images/I/31hyxdIlB5L._SL500_.jpg" alt="Product Image"></a><p>GreenPan Elite 8 - in -1 Programmable 6QT Electric Slow Cooker, Dishwasher Safe Lid & Removable Crock, PFAS-Free Healthy Ceramic Nonstick Multi-Cooker, Sear, Sauté/Brown, Steam Basket, Roast, White</p><p> -24% 0FF </p><p>$190.22</p><a href="https://www.amazon.com/dp/B0B8F38J2B?tag=eloabder-20&linkCode=osi&th=1&psc=1">View Product</a></div>

<div class="product"><a href="https://www.amazon.com/dp/B0BG677TXS?tag=eloabder-20&linkCode=osi&th=1&psc=1"><img src="https://m.media-amazon.com/images/I/31xwg0S1m1L._SL500_.jpg" alt="Product Image"></a><p>Samsung WW25B6900AW/A2 2.5 cu. ft. Smart Dial Front Load Washer</p><p> -27% 0FF </p><p>$798.00</p><a href="https://www.amazon.com/dp/B0BG677TXS?tag=eloabder-20&linkCode=osi&th=1&psc=1">View Product</a></div><div class="product"><a href="https://www.amazon.com/dp/B098FBB9KF?tag=eloabder-20&linkCode=osi&th=1&psc=1"><img src="https://m.media-amazon.com/images/I/31BJNXlaIoL._SL500_.jpg" alt="Product Image"></a><p>SAMSUNG 6.0 Cu Ft. Smart Dial Front Load Washer, Wash 2 Loads in 1 Large Capacity Machine, FlexWash, 28 Minute Super Speed Clothes Washing, Steam Stain Removal, WV60A9900AV/A5, Brushed Black</p><p> -6% 0FF </p><p>$1,794.00</p><a href="https://www.amazon.com/dp/B098FBB9KF?tag=eloabder-20&linkCode=osi&th=1&psc=1">View Product</a></div><div class="product"><a href="https://www.amazon.com/dp/B0CG21R3R3?tag=eloabder-20&linkCode=osi&th=1&psc=1"><img src="https://m.media-amazon.com/images/I/41wWRqV3hNL._SL500_.jpg" alt="Product Image"></a><p>Samsung 5.4 Cu. Ft. Smart Top Load Washer with Active Wave Agitator in White</p><p> -30% 0FF </p><p>$698.11</p><a href="https://www.amazon.com/dp/B0CG21R3R3?tag=eloabder-20&linkCode=osi&th=1&psc=1">View Product</a></div><div class="product"><a href="https://www.amazon.com/dp/B0B9GCYNTQ?tag=eloabder-20&linkCode=osi&th=1&psc=1"><img src="https://m.media-amazon.com/images/I/31-hInDefjL._SL500_.jpg" alt="Product Image"></a><p>SAMSUNG 4.6 Cu Ft AI Smart Dial Front Load Washer, Large Capacity Machine, Stackable for Small Spaces, 28 Min Super Speed Clothes Washing, Energy Star Certified, WF46BG6500AVUS, Brushed Black</p><p> -46% 0FF </p><p>$699.97</p><a href="https://www.amazon.com/dp/B0B9GCYNTQ?tag=eloabder-20&linkCode=osi&th=1&psc=1">View Product</a></div><div class="product"><a href="https://www.amazon.com/dp/B09RHLVMN3?tag=eloabder-20&linkCode=osi&th=1&psc=1"><img src="https://m.media-amazon.com/images/I/41f7mMz70DL._SL500_.jpg" alt="Product Image"></a><p>Samsung WF45T6000WPR White Front Load Laundry Package</p><p> -26% 0FF </p><p>$1,258.99</p><a href="https://www.amazon.com/dp/B09RHLVMN3?tag=eloabder-20&linkCode=osi&th=1&psc=1">View Product</a></div><div class="product"><a href="https://www.amazon.com/dp/B0DHYRW1S1?tag=eloabder-20&linkCode=osi&th=1&psc=1"><img src="https://m.media-amazon.com/images/I/31XhNU9yg2L._SL500_.jpg" alt="Product Image"></a><p>Samsung WH46DBH100EWA3 Bespoke AI Laundry Hub Large Capacity 4.6 Single Unit Steam Wash and 7.6 cu. ft. Electric White Washer and Dryer</p><p> -11% 0FF </p><p>$1,598.11</p><a href="https://www.amazon.com/dp/B0DHYRW1S1?tag=eloabder-20&linkCode=osi&th=1&psc=1">View Product</a></div><div class="product"><a href="https://www.amazon.com/dp/B0C5BGBSTS?tag=eloabder-20&linkCode=osi&th=1&psc=1"><img src="https://m.media-amazon.com/images/I/31osGMkChUL._SL500_.jpg" alt="Product Image"></a><p>LG WM6700HBA 5.0 Cu. Ft. Black Steel Front Load HE Stackable Smart Washer</p><p> -32% 0FF </p><p>$948.11</p><a href="https://www.amazon.com/dp/B0C5BGBSTS?tag=eloabder-20&linkCode=osi&th=1&psc=1">View Product</a></div>
<div class="product"><a href="https://www.amazon.com/dp/B099FM9Q3F?tag=eloabder-20&linkCode=osi&th=1&psc=1"><img src="https://m.media-amazon.com/images/I/31BJ8l-fdHL._SL500_.jpg" alt="Product Image"></a><p>SAMSUNG 7.5 Cu. Ft. Smart Dial Electric Dryer with FlexDry, Dry 2 Loads in 1 Large Capacity Machine, Super Speed 30 Minute Clothes Drying Cycle, WiFi Connected Control, DVE60A9900V/A3, Brushed Black</p><p> -10% 0FF </p><p>$899.99</p><a href="https://www.amazon.com/dp/B099FM9Q3F?tag=eloabder-20&linkCode=osi&th=1&psc=1">View Product</a></div><div class="product"><a href="https://www.amazon.com/dp/B0C72WLSJ1?tag=eloabder-20&linkCode=osi&th=1&psc=1"><img src="https://m.media-amazon.com/images/I/41Xh3Pcm43L._SL500_.jpg" alt="Product Image"></a><p>GE Profile PFQ97HSPVDS 28 Inch Smart Front Load Washer/Dryer Combo with 4.8 cu.ft. Capacity, 12 Wash Cycles, 14 Dryer Cycles</p><p> -17% 0FF </p><p>$1,915.00</p><a href="https://www.amazon.com/dp/B0C72WLSJ1?tag=eloabder-20&linkCode=osi&th=1&psc=1">View Product</a></div>
<div class="product"><a href="https://www.amazon.com/dp/B08BXXQ37X?tag=eloabder-20&linkCode=osi&th=1&psc=1"><img src="https://m.media-amazon.com/images/I/41rYTYUWK2L._SL500_.jpg" alt="Product Image"></a><p>Ninja DT251 Foodi 10-in-1 Smart XL Air Fry Oven, Bake, Broil, Toast, Roast, Digital Toaster, Thermometer, True Surround Convection up to 450°F, includes 6 trays & Recipe Guide, Silver</p><p> -24% 0FF </p><p>$249.95</p><a href="https://www.amazon.com/dp/B08BXXQ37X?tag=eloabder-20&linkCode=osi&th=1&psc=1">View Product</a></div><div class="product"><a href="https://www.amazon.com/dp/B0CLP1YV8V?tag=eloabder-20&linkCode=osi&th=1&psc=1"><img src="https://m.media-amazon.com/images/I/41SB1d44IAL._SL500_.jpg" alt="Product Image"></a><p>COSORI Smart 13-in-1 Air Fryer Toaster Oven Combo, Airfryer Rotisserie Sous Vide Convection Oven Countertop, Bake, Broil, Roast, Dehydrate, 134 Recipes & 4 Accessories, 32QT, Silver, Stainless Steel</p><p> -12% 0FF </p><p>$149.99</p><a href="https://www.amazon.com/dp/B0CLP1YV8V?tag=eloabder-20&linkCode=osi&th=1&psc=1">View Product</a></div>
<div class="product"><a href="https://www.amazon.com/dp/B09WPS1JQT?tag=eloabder-20&linkCode=osi&th=1&psc=1"><img src="https://m.media-amazon.com/images/I/213pWPsDBsL._SL500_.jpg" alt="Product Image"></a><p>SHARP Smart Dishwasher Works with Alexa. Includes LED Interior lights, Stainless Steel interior, Heated Dry with Fan Assist, Wash Zone cleans half load on either rack, Adjustable Third Rack</p><p> -28% 0FF </p><p>$649.99</p><a href="https://www.amazon.com/dp/B09WPS1JQT?tag=eloabder-20&linkCode=osi&th=1&psc=1">View Product</a></div><div class="product"><a href="https://www.amazon.com/dp/B0B9GJFNLX?tag=eloabder-20&linkCode=osi&th=1&psc=1"><img src="https://m.media-amazon.com/images/I/41rhOWVP2YL._SL500_.jpg" alt="Product Image"></a><p>BLITZHOME Portable Dishwasher Countertop, WIFI Smart Dishwasher, Compact Dishwashers with 5L Built-in Water Tank, 6 Programs, 360° Dual Spray, High-Temp& Air-Dry Function, Fruit Cleaning</p><p> -5% 0FF </p><p>$265.94</p><a href="https://www.amazon.com/dp/B0B9GJFNLX?tag=eloabder-20&linkCode=osi&th=1&psc=1">View Product</a></div><div class="product"><a href="https://www.amazon.com/dp/B0B9GDD4VS?tag=eloabder-20&linkCode=osi&th=1&psc=1"><img src="https://m.media-amazon.com/images/I/31vXK+e-zxL._SL500_.jpg" alt="Product Image"></a><p>SAMSUNG Smart 44dBA Dishwasher w/ StormWash+, AutoRelease Door, Quiet Operation, 3 Dish Racks, Pre Blast Cycle, Energy Star Certified, DW80B6060US/AA, Fingerprint Resistant Stainless Steel</p><p> -5% 0FF </p><p>$949.00</p><a href="https://www.amazon.com/dp/B0B9GDD4VS?tag=eloabder-20&linkCode=osi&th=1&psc=1">View Product</a></div><div class="product"><a href="https://www.amazon.com/dp/B0BDNRN39R?tag=eloabder-20&linkCode=osi&th=1&psc=1"><img src="https://m.media-amazon.com/images/I/21YrlEfylNL._SL500_.jpg" alt="Product Image"></a><p>Samsung DW80B7070AP 42 dBA Bespoke Smart Dishwasher - Bespoke Panel Ready</p><p> -10% 0FF </p><p>$1,029.72</p><a href="https://www.amazon.com/dp/B0BDNRN39R?tag=eloabder-20&linkCode=osi&th=1&psc=1">View Product</a></div><div class="product"><a href="https://www.amazon.com/dp/B0CFPTPD7N?tag=eloabder-20&linkCode=osi&th=1&psc=1"><img src="https://m.media-amazon.com/images/I/31JMPn7cM2L._SL500_.jpg" alt="Product Image"></a><p>Kenmore 24" Built-In Stainless Steel Tub Dishwasher with EasyFlex 3rd Rack, SmartWash, UltraWash Plus, TurboDry, and Adjustable Rack, Energy Star Certified, Fingerprint Resistant Stainless Steel</p><p> -38% 0FF </p><p>$499.99</p><a href="https://www.amazon.com/dp/B0CFPTPD7N?tag=eloabder-20&linkCode=osi&th=1&psc=1">View Product</a></div>
<div class="product"><a href="https://www.amazon.com/dp/B07X2732ZN?tag=eloabder-20&linkCode=osi&th=1&psc=1"><img src="https://m.media-amazon.com/images/I/414+VuqxfCL._SL500_.jpg" alt="Product Image"></a><p>Winco EMW-1000ST Commercial-Grade Microwave Oven, .9 Cubic Feet, Silver</p><p> -7% 0FF </p><p>$278.22</p><a href="https://www.amazon.com/dp/B07X2732ZN?tag=eloabder-20&linkCode=osi&th=1&psc=1">View Product</a></div><div class="product"><a href="https://www.amazon.com/dp/B0C1QP9ZH9?tag=eloabder-20&linkCode=osi&th=1&psc=1"><img src="https://m.media-amazon.com/images/I/41fZkBs64aL._SL500_.jpg" alt="Product Image"></a><p>Winco Commercial-Grade Planetary Mixer with Hub, 20 Liter</p><p> -18% 0FF </p><p>$1,112.49</p><a href="https://www.amazon.com/dp/B0C1QP9ZH9?tag=eloabder-20&linkCode=osi&th=1&psc=1">View Product</a></div><div class="product"><a href="https://www.amazon.com/dp/B0716Q44T2?tag=eloabder-20&linkCode=osi&th=1&psc=1"><img src="https://m.media-amazon.com/images/I/41jw7AxptIL._SL500_.jpg" alt="Product Image"></a><p>Weston Pro Series Electric Meat Grinder, Commercial Grade, 1120 Watts, 1.5 HP, 14lbs. Per Minute, Stainless Steel (10-2201-W)</p><p> -13% 0FF </p><p>$659.99</p><a href="https://www.amazon.com/dp/B0716Q44T2?tag=eloabder-20&linkCode=osi&th=1&psc=1">View Product</a></div>
<div class="product"><a href="https://www.amazon.com/dp/B0BG3BPRBS?tag=eloabder-20&linkCode=osi&th=1&psc=1"><img src="https://m.media-amazon.com/images/I/41EKP3Rd4FL._SL500_.jpg" alt="Product Image"></a><p>KITCHENAID Fitted Tilt-Head Solid Stand Mixer Cover with Storage Pocket, Quilted 100% Cotton, Milkshake, 14.4"x18"x10"</p><p> -57% 0FF </p><p>$19.50</p><a href="https://www.amazon.com/dp/B0BG3BPRBS?tag=eloabder-20&linkCode=osi&th=1&psc=1">View Product</a></div>
<div class="product"><a href="https://www.amazon.com/dp/B08F72TY67?tag=eloabder-20&linkCode=osi&th=1&psc=1"><img src="https://m.media-amazon.com/images/I/515c8kJ6iaL._SL500_.jpg" alt="Product Image"></a><p>MegaWise Vacuum Sealer Machine | 80kPa Suction Power| Bags and Cutter Included | Compact One-Touch Automatic Food Sealer with External Vacuum System | Dry Moist Fresh Modes for All Saving needs</p><p> -10% 0FF </p><p>$35.99</p><a href="https://www.amazon.com/dp/B08F72TY67?tag=eloabder-20&linkCode=osi&th=1&psc=1">View Product</a></div><div class="product"><a href="https://www.amazon.com/dp/B08L8YZ9LG?tag=eloabder-20&linkCode=osi&th=1&psc=1"><img src="https://m.media-amazon.com/images/I/316EFEDqU6S._SL500_.jpg" alt="Product Image"></a><p>VOBAGA Coffee Mug Warmer, Electric Coffee Warmer for Office Desk Accessories with Auto Shut Off, 3 Temperature Setting Smart Cup Warmer for Heating Coffee, Beverage, Milk and Tea (No Mug)</p><p> -38% 0FF </p><p>$24.97</p><a href="https://www.amazon.com/dp/B08L8YZ9LG?tag=eloabder-20&linkCode=osi&th=1&psc=1">View Product</a></div><div class="product"><a href="https://www.amazon.com/dp/B0CCTPNZD4?tag=eloabder-20&linkCode=osi&th=1&psc=1"><img src="https://m.media-amazon.com/images/I/41F5VlaiwOL._SL500_.jpg" alt="Product Image"></a><p>Coffee Mug Warmer, Smart Candle Warmer, Electric Cup Warmer with Aluminum Metal Panel for Office, Desk Accessories, Electric Beverage Warmer for Cocoa, Milk, for Coworkers Friends,</p><p> -50% 0FF </p><p>$9.99</p><a href="https://www.amazon.com/dp/B0CCTPNZD4?tag=eloabder-20&linkCode=osi&th=1&psc=1">View Product</a></div>
<div class="product"><a href="https://www.amazon.com/dp/B0BKLVF1DM?tag=eloabder-20&linkCode=osi&th=1&psc=1"><img src="https://m.media-amazon.com/images/I/41NUOnE9h0L._SL500_.jpg" alt="Product Image"></a><p>Café Couture Oven with 14 essential cooking modes, including Air Fry, CrispFinish, Bake, Broil, Roast, Toast, Pizza, WiFi & Smart Connected, Voice Control, Countertop Small Appliances, Matte White</p><p> -27% 0FF </p><p>$329.00</p><a href="https://www.amazon.com/dp/B0BKLVF1DM?tag=eloabder-20&linkCode=osi&th=1&psc=1">View Product</a></div><div class="product"><a href="https://www.amazon.com/dp/B09649DDTN?tag=eloabder-20&linkCode=osi&th=1&psc=1"><img src="https://m.media-amazon.com/images/I/41iMySSuDkL._SL500_.jpg" alt="Product Image"></a><p>GE Profile Opal 2.0 with 0.75 Gallon Tank, Chewable Crunchable Countertop Nugget Ice Maker, Scoop included, 38 lbs in 24 hours, Pellet Ice Machine with WiFi & Smart Connected, Black Stainless Steel</p><p> -17% 0FF </p><p>$498.98</p><a href="https://www.amazon.com/dp/B09649DDTN?tag=eloabder-20&linkCode=osi&th=1&psc=1">View Product</a></div><div class="product"><a href="https://www.amazon.com/dp/B0DGFSYHXL?tag=eloabder-20&linkCode=osi&th=1&psc=1"><img src="https://m.media-amazon.com/images/I/41JYWoYr-WL._SL500_.jpg" alt="Product Image"></a><p>2024 Upgrade Cord Organizer For Kitchen Appliances,4 Pack Cord Organizer for Appliances,Kitchen Appliance Cord Organizer Stick On,Self-Adhesive Cord Organizer</p><p> -30% 0FF </p><p>$6.99</p><a href="https://www.amazon.com/dp/B0DGFSYHXL?tag=eloabder-20&linkCode=osi&th=1&psc=1">View Product</a></div><div class="product"><a href="https://www.amazon.com/dp/B09SBW246Y?tag=eloabder-20&linkCode=osi&th=1&psc=1"><img src="https://m.media-amazon.com/images/I/41FsMr2XLML._SL500_.jpg" alt="Product Image"></a><p>GE Profile Opal 2.0, Chewable Crunchable Countertop Nugget Ice Maker, Scoop included, 38 lbs in 24 hours, Pellet Ice Machine with WiFi & Smart Connected, Stainless Steel</p><p> -18% 0FF </p><p>$449.00</p><a href="https://www.amazon.com/dp/B09SBW246Y?tag=eloabder-20&linkCode=osi&th=1&psc=1">View Product</a></div>
<div class="product"><a href="https://www.amazon.com/dp/B0C2FF4JD1?tag=eloabder-20&linkCode=osi&th=1&psc=1"><img src="https://m.media-amazon.com/images/I/41hiBJ9xLAL._SL500_.jpg" alt="Product Image"></a><p>Ninja BC151BK Blast Portable Blender, Cordless, 18oz. Vessel, Personal Blender-for Shakes & Smoothies, BPA Free, Leakproof-Lid & Sip Spout, USB-C Rechargeable, Dishwasher Safe Parts, Black</p><p> -33% 0FF </p><p>$39.99</p><a href="https://www.amazon.com/dp/B0C2FF4JD1?tag=eloabder-20&linkCode=osi&th=1&psc=1">View Product</a></div><div class="product"><a href="https://www.amazon.com/dp/B089TQWJKK?tag=eloabder-20&linkCode=osi&th=1&psc=1"><img src="https://m.media-amazon.com/images/I/319-1n4eaeL._SL500_.jpg" alt="Product Image"></a><p>Ninja DZ201 Foodi 8 Quart 6-in-1 DualZone 2-Basket Air Fryer with 2 Independent Frying Baskets, Match Cook & Smart Finish to Roast, Broil, Dehydrate & More for Quick, Easy Meals, Grey</p><p> -15% 0FF </p><p>$169.99</p><a href="https://www.amazon.com/dp/B089TQWJKK?tag=eloabder-20&linkCode=osi&th=1&psc=1">View Product</a></div>
<div class="product"><a href="https://www.amazon.com/dp/B0CMJQC2M3?tag=eloabder-20&linkCode=osi&th=1&psc=1"><img src="https://m.media-amazon.com/images/I/216CCwa5bJL._SL500_.jpg" alt="Product Image"></a><p>Summit Appliance FFBF235PL 24" Wide Bottom Freezer Refrigerator, Energy Star, LED Lighting, Stainless Steel (RHD)</p><p> -41% 0FF </p><p>$1,086.96</p><a href="https://www.amazon.com/dp/B0CMJQC2M3?tag=eloabder-20&linkCode=osi&th=1&psc=1">View Product</a></div><div class="product"><a href="https://www.amazon.com/dp/B096RYWSQM?tag=eloabder-20&linkCode=osi&th=1&psc=1"><img src="https://m.media-amazon.com/images/I/31uENxnUdBL._SL500_.jpg" alt="Product Image"></a><p>COMFEE’ Portable Mini Dishwasher, Energy Star, Countertop, 6 Place Settings, with 8 Washing Programs, Speed, Baby-Care, ECO& Glass, Dish Washer for Dorm, RV& Apartment, White</p><p> -10% 0FF </p><p>$259.99</p><a href="https://www.amazon.com/dp/B096RYWSQM?tag=eloabder-20&linkCode=osi&th=1&psc=1">View Product</a></div>
<div class="product"><a href="https://www.amazon.com/dp/B0CPLVLFK2?tag=eloabder-20&linkCode=osi&th=1&psc=1"><img src="https://m.media-amazon.com/images/I/41TevXHn-zL._SL500_.jpg" alt="Product Image"></a><p>Immersion Blender Handheld Corded Hand Blender 1100W, Trigger Variable Speed 5 in 1 Stick Blender, Emulsion Blender with Chopper, Whisk and Frother for Soup, Baby Food and Smoothies</p><p> -49% 0FF </p><p>$39.99</p><a href="https://www.amazon.com/dp/B0CPLVLFK2?tag=eloabder-20&linkCode=osi&th=1&psc=1">View Product</a></div>
<div class="product"><a href="https://www.amazon.com/dp/B00IE76Q7M?tag=eloabder-20&linkCode=osi&th=1&psc=1"><img src="https://m.media-amazon.com/images/I/41yTd6+03lS._SL500_.jpg" alt="Product Image"></a><p>Reynolds Kitchens Premium Slow Cooker Liners - 13 x 21 Inch, 6 Count</p><p> -40% 0FF </p><p>$3.48 ($0.58 / Count)</p><a href="https://www.amazon.com/dp/B00IE76Q7M?tag=eloabder-20&linkCode=osi&th=1&psc=1">View Product</a></div><div class="product"><a href="https://www.amazon.com/dp/B08QJ8SHGV?tag=eloabder-20&linkCode=osi&th=1&psc=1"><img src="https://m.media-amazon.com/images/I/51e1ld7+QuL._SL500_.jpg" alt="Product Image"></a><p>Sealegend 2 Pieces Dryer Vent Cleaner Kit Dryer Lint Vacuum Attachment, Dryer Vent Cleaning Lint Remover 2 Hoses Tools for Home Improvement</p><p> -6% 0FF </p><p>$14.99</p><a href="https://www.amazon.com/dp/B08QJ8SHGV?tag=eloabder-20&linkCode=osi&th=1&psc=1">View Product</a></div><div class="product"><a href="https://www.amazon.com/dp/B09KT67BL1?tag=eloabder-20&linkCode=osi&th=1&psc=1"><img src="https://m.media-amazon.com/images/I/41GfIj83V6L._SL500_.jpg" alt="Product Image"></a><p>HomeHacks 2-Pack Large Laundry Basket, Waterproof, Freestanding Laundry Hamper, Collapsible Tall Clothes Hamper with Extended Handles for Clothes Toys in the Dorm and Family-(Gradient Grey, 75L)</p><p> -20% 0FF </p><p>$19.99 ($10.00 / Count)</p><a href="https://www.amazon.com/dp/B09KT67BL1?tag=eloabder-20&linkCode=osi&th=1&psc=1">View Product</a></div><div class="product"><a href="https://www.amazon.com/dp/B08YQYB7VF?tag=eloabder-20&linkCode=osi&th=1&psc=1"><img src="https://m.media-amazon.com/images/I/410P1mYng8L._SL500_.jpg" alt="Product Image"></a><p>600W Electric Hand Mixer Kitchen Handheld Mixer 10 Speed Powerful with Turbo for Baking Cake Lightweight & Personal Electric Mixer with Egg Baking Beaters Dough Hooks, Whipping Mixing Cookies</p><p> -25% 0FF </p><p>$37.49</p><a href="https://www.amazon.com/dp/B08YQYB7VF?tag=eloabder-20&linkCode=osi&th=1&psc=1">View Product</a></div>



<div class="product"><a href="https://www.amazon.com/dp/B09SBRGSFH?tag=eloabder-20&linkCode=osi&th=1&psc=1"><img src="https://m.media-amazon.com/images/I/51B+TheiNvL._SL500_.jpg" alt="Product Image"></a><p>Ninja SS151 TWISTi Blender DUO, High-Speed 1600 WP Smoothie Maker & Nutrient Extractor* 5 Functions Smoothie, Spreads & More, smartTORQUE, 34-oz. Pitcher & (2) To-Go Cups, Gray</p><p> -29% 0FF </p><p>$99.99</p><a href="https://www.amazon.com/dp/B09SBRGSFH?tag=eloabder-20&linkCode=osi&th=1&psc=1">View Product</a></div>






<div class="product"><a href="https://www.amazon.com/dp/B0DFP72QBQ?tag=eloabder-20&linkCode=osi&th=1&psc=1"><img src="https://m.media-amazon.com/images/I/41WTRq99coL._SL500_.jpg" alt="Product Image"></a><p>UV Countertop Reverse Osmosis System Water Filter, 5 Stage RO Water Filtration System, NSF/ANSI 58 Certified, 5:1 Pure to Drain, Water Purifier for Home(No Installation Required)</p><p> -83% 0FF </p><p>$299.99</p><a href="https://www.amazon.com/dp/B0DFP72QBQ?tag=eloabder-20&linkCode=osi&th=1&psc=1">View Product</a></div><div class="product"><a href="https://www.amazon.com/dp/B0D2HLT8ZB?tag=eloabder-20&linkCode=osi&th=1&psc=1"><img src="https://m.media-amazon.com/images/I/51I3hzCxgfL._SL500_.jpg" alt="Product Image"></a><p>Hydrosip H6 Hydrogen Water Bottle – Hydrogen Water Bottle Generator Up to 3000ppb – Rich Hydrogen-Infused Water – SPE/PEM Technology – Portable Electric Water Ionizer Bottle – Quick Hydrogen Infusion</p><p> -20% 0FF </p><p>$79.99</p><a href="https://www.amazon.com/dp/B0D2HLT8ZB?tag=eloabder-20&linkCode=osi&th=1&psc=1">View Product</a></div>













<div class="product"><a href="https://www.amazon.com/dp/B0CB8QWHZ4?tag=eloabder-20&linkCode=osi&th=1&psc=1"><img src="https://m.media-amazon.com/images/I/31iiEl+sr-L._SL500_.jpg" alt="Product Image"></a><p>EIFHYT Ceiling Fan Pull Chain with Decorative 2 Pcs 3 mm 12 inch Frosted Light Bulb and Fan Cord extender Chains for Mounted Ceiling Fans and Light Fixtures (Nickel)</p><p> -50% 0FF </p><p>$3.49</p><a href="https://www.amazon.com/dp/B0CB8QWHZ4?tag=eloabder-20&linkCode=osi&th=1&psc=1">View Product</a></div>








<div class="product"><a href="https://www.amazon.com/dp/B07DRM9YXL?tag=eloabder-20&linkCode=osi&th=1&psc=1"><img src="https://m.media-amazon.com/images/I/51yigLl6c+L._SL500_.jpg" alt="Product Image"></a><p>NutriChef Electric Carving Turkey Slicer Kitchen Knife | For Thanksgiving | Portable Electrical Food Cutter Knife Set with Carving Blades & Wood Carving Stand | Cuts Meat, Bread, Cheese & Fruit</p><p> -19% 0FF </p><p>$28.38</p><a href="https://www.amazon.com/dp/B07DRM9YXL?tag=eloabder-20&linkCode=osi&th=1&psc=1">View Product</a></div><div class="product"><a href="https://www.amazon.com/dp/B091LZV4TF?tag=eloabder-20&linkCode=osi&th=1&psc=1"><img src="https://m.media-amazon.com/images/I/51UKNfHOeRL._SL500_.jpg" alt="Product Image"></a><p>Homaider Electric Knife for Carving Meat, Turkey, Bread & More. Serving Fork and Carving Blades Included</p><p> -14% 0FF </p><p>$59.99</p><a href="https://www.amazon.com/dp/B091LZV4TF?tag=eloabder-20&linkCode=osi&th=1&psc=1">View Product</a></div><div class="product"><a href="https://www.amazon.com/dp/B0C1TBT4D4?tag=eloabder-20&linkCode=osi&th=1&psc=1"><img src="https://m.media-amazon.com/images/I/31iw4Pxk70L._SL500_.jpg" alt="Product Image"></a><p>BLACK+DECKER Comfort Grip™ Electric Knife With Storage Case, Black</p><p> -23% 0FF </p><p>$23.19</p><a href="https://www.amazon.com/dp/B0C1TBT4D4?tag=eloabder-20&linkCode=osi&th=1&psc=1">View Product</a></div><div class="product"><a href="https://www.amazon.com/dp/B0D736YM74?tag=eloabder-20&linkCode=osi&th=1&psc=1"><img src="https://m.media-amazon.com/images/I/41-TimjHH+L._SL500_.jpg" alt="Product Image"></a><p>KEENSTAR Electric Knife for Carving Meat, Turkey, Bread, 150W Electric Knife Set with 2 Serrated Stainless Steel Blades & Serving Fork for Slicing Poultry, Ham & More, Ergonomic Handle & Safety Lock</p><p> -29% 0FF </p><p>$39.99</p><a href="https://www.amazon.com/dp/B0D736YM74?tag=eloabder-20&linkCode=osi&th=1&psc=1">View Product</a></div>

<div class="product"><a href="https://www.amazon.com/dp/B0B4PPHG8G?tag=eloabder-20&linkCode=osi&th=1&psc=1"><img src="https://m.media-amazon.com/images/I/31TiuN4BCdL._SL500_.jpg" alt="Product Image"></a><p>Ninja MC1001 Foodi PossibleCooker PRO 8.5 Quart Multi-Cooker, with 8-in-1 Slow Cooker, Dutch Oven, Steamer, Glass Lid Integrated Spoon, Nonstick, Oven Safe Pot to 500°F, Sea Salt Gray</p><p> -33% 0FF </p><p>$99.99</p><a href="https://www.amazon.com/dp/B0B4PPHG8G?tag=eloabder-20&linkCode=osi&th=1&psc=1">View Product</a></div><div class="product"><a href="https://www.amazon.com/dp/B0CSZ7WBYW?tag=eloabder-20&linkCode=osi&th=1&psc=1"><img src="https://m.media-amazon.com/images/I/41s2+VsF0YL._SL500_.jpg" alt="Product Image"></a><p>Ninja Air Fryer Pro 4-in-1 with 5 QT Capacity, Air Fry, Roast, Reheat, Dehydrate, Air Crisp Technology with 400F for hot, crispy results in just minutes, Nonstick Basket & Crisper Plate, Grey, AF141</p><p> -33% 0FF </p><p>$79.99</p><a href="https://www.amazon.com/dp/B0CSZ7WBYW?tag=eloabder-20&linkCode=osi&th=1&psc=1">View Product</a></div><div class="product"><a href="https://www.amazon.com/dp/B0C2FP4XNJ?tag=eloabder-20&linkCode=osi&th=1&psc=1"><img src="https://m.media-amazon.com/images/I/41PezlA3GrL._SL500_.jpg" alt="Product Image"></a><p>Ninja BC151EM Blast Portable Blender, Cordless, 18oz. Vessel, Personal Blender-for Shakes & Smoothies, BPA Free, Leakproof-Lid & Sip Spout, USB-C Rechargeable, Dishwasher Safe Parts, Forest Green</p><p> -33% 0FF </p><p>$39.99</p><a href="https://www.amazon.com/dp/B0C2FP4XNJ?tag=eloabder-20&linkCode=osi&th=1&psc=1">View Product</a></div><div class="product"><a href="https://www.amazon.com/dp/B097F4QKVY?tag=eloabder-20&linkCode=osi&th=1&psc=1"><img src="https://m.media-amazon.com/images/I/41P6OTX4B7L._SL500_.jpg" alt="Product Image"></a><p>Crock-Pot 7-Quart Slow Cooker, Portable Programmable with Timer, Locking Lid, Stainless Steel; an Essential Kitchen Appliance, Perfect for Families and Gatherings</p><p> -5% 0FF </p><p>$85.89</p><a href="https://www.amazon.com/dp/B097F4QKVY?tag=eloabder-20&linkCode=osi&th=1&psc=1">View Product</a></div><div class="product"><a href="https://www.amazon.com/dp/B0CHX9K2TV?tag=eloabder-20&linkCode=osi&th=1&psc=1"><img src="https://m.media-amazon.com/images/I/31dshLScRcL._SL500_.jpg" alt="Product Image"></a><p>nutribullet Personal Blender for Shakes, Smoothies, Food Prep, and Frozen Blending, 24 Ounces, 600 Watt, Gray, (NBR-0601)</p><p> -7% 0FF </p><p>$64.99</p><a href="https://www.amazon.com/dp/B0CHX9K2TV?tag=eloabder-20&linkCode=osi&th=1&psc=1">View Product</a></div><div class="product"><a href="https://www.amazon.com/dp/B0C33CHG99?tag=eloabder-20&linkCode=osi&th=1&psc=1"><img src="https://m.media-amazon.com/images/I/411O3FS3VIL._SL500_.jpg" alt="Product Image"></a><p>COSORI Air Fryer 9-in-1, Compact & Large 6-Qt, Fast Turbo Modes, 90-450°F Evenly Results with Precise Temperature Control, 95% Less Oil, Roast, Bake, Dry, Reheat, Frozen, Broil, Proof, Grey</p><p> -25% 0FF </p><p>$89.99</p><a href="https://www.amazon.com/dp/B0C33CHG99?tag=eloabder-20&linkCode=osi&th=1&psc=1">View Product</a></div><div class="product"><a href="https://www.amazon.com/dp/B0CFYX3946?tag=eloabder-20&linkCode=osi&th=1&psc=1"><img src="https://m.media-amazon.com/images/I/4155yrEZMWL._SL500_.jpg" alt="Product Image"></a><p>KitchenAid 5-Speed Ultra Power Hand Mixer - KHM512, Contour Silver</p><p> -25% 0FF </p><p>$44.99</p><a href="https://www.amazon.com/dp/B0CFYX3946?tag=eloabder-20&linkCode=osi&th=1&psc=1">View Product</a></div><div class="product"><a href="https://www.amazon.com/dp/B0C5Z8VCHX?tag=eloabder-20&linkCode=osi&th=1&psc=1"><img src="https://m.media-amazon.com/images/I/51h2oWq8I7L._SL500_.jpg" alt="Product Image"></a><p>Chefman Electric Kettle, 1.8L 1500W, Hot Water Boiler, Removable Lid for Easy Cleaning, Auto Shut Off, Boil-Dry Protection, Stainless Steel Filter, BPA Free, Borosilicate Glass Electric Tea Kettle</p><p> -18% 0FF </p><p>$22.99</p><a href="https://www.amazon.com/dp/B0C5Z8VCHX?tag=eloabder-20&linkCode=osi&th=1&psc=1">View Product</a></div><div class="product"><a href="https://www.amazon.com/dp/B098RD17LG?tag=eloabder-20&linkCode=osi&th=1&psc=1"><img src="https://m.media-amazon.com/images/I/41KlEtq4iCL._SL500_.jpg" alt="Product Image"></a><p>Ninja Blender, For-Smoothies, Salsa, Shakes, Slush, and-Frozen Drinks, Blender, Pitcher, and-Lid, Blender for-Kitchen, Crushes Ice, Fruit, and-Veggies, 1000-Watt, Dishwasher Safe, Black, NJ601AMZ​</p><p> -20% 0FF </p><p>$79.99</p><a href="https://www.amazon.com/dp/B098RD17LG?tag=eloabder-20&linkCode=osi&th=1&psc=1">View Product</a></div>
<div class="product"><a href="https://www.amazon.com/dp/B00939I7EK?tag=eloabder-20&linkCode=osi&th=1&psc=1"><img src="https://m.media-amazon.com/images/I/51U2RFBCh2L._SL500_.jpg" alt="Product Image"></a><p>Ninja BL770 Mega Kitchen System, 1500W, 4 Functions for Smoothies, Processing, Dough, Drinks & More, with 72 Blender Pitcher, 64 Processor Bowl, (2) 16-oz. to-Go, Black, with 2 Nutri Cups + Lids</p><p> -20% 0FF </p><p>$159.99</p><a href="https://www.amazon.com/dp/B00939I7EK?tag=eloabder-20&linkCode=osi&th=1&psc=1">View Product</a></div><div class="product"><a href="https://www.amazon.com/dp/B00NGV4506?tag=eloabder-20&linkCode=osi&th=1&psc=1"><img src="https://m.media-amazon.com/images/I/41zuo8-35WL._SL500_.jpg" alt="Product Image"></a><p>Ninja BL610 Professional 72 Oz Countertop 1000-Watt Base and Total Crushing Technology for Smoothies, Ice and Frozen Fruit, Black, Blender + Pitcher</p><p> -40% 0FF </p><p>$59.99</p><a href="https://www.amazon.com/dp/B00NGV4506?tag=eloabder-20&linkCode=osi&th=1&psc=1">View Product</a></div><div class="product"><a href="https://www.amazon.com/dp/B0855B5Z6F?tag=eloabder-20&linkCode=osi&th=1&psc=1"><img src="https://m.media-amazon.com/images/I/419Om7ZCluL._SL500_.jpg" alt="Product Image"></a><p>Ninja BN701 Professional Plus Blender, 1400 Peak Watts, 3 Functions for Smoothies, Frozen Drinks & Ice Cream with Auto IQ, 72-oz.* Total Crushing Pitcher & Lid, Dark Grey</p><p> -46% 0FF </p><p>$64.61 ($64.61 / Count)</p><a href="https://www.amazon.com/dp/B0855B5Z6F?tag=eloabder-20&linkCode=osi&th=1&psc=1">View Product</a></div><div class="product"><a href="https://www.amazon.com/dp/B012T634SM?tag=eloabder-20&linkCode=osi&th=1&psc=1"><img src="https://m.media-amazon.com/images/I/41BKzSi-ifL._SL500_.jpg" alt="Product Image"></a><p>Magic Bullet Blender, Small, Silver, 11 Piece Set</p><p> -20% 0FF </p><p>$39.88</p><a href="https://www.amazon.com/dp/B012T634SM?tag=eloabder-20&linkCode=osi&th=1&psc=1">View Product</a></div><div class="product"><a href="https://www.amazon.com/dp/B0D3Y7T31M?tag=eloabder-20&linkCode=osi&th=1&psc=1"><img src="https://m.media-amazon.com/images/I/41ffeHw82SL._SL500_.jpg" alt="Product Image"></a><p>magic bullet Combo Blender, 48oz Pitcher, Blending Cup, Simple Speed Dial – MBF50200</p><p> -20% 0FF </p><p>$39.99</p><a href="https://www.amazon.com/dp/B0D3Y7T31M?tag=eloabder-20&linkCode=osi&th=1&psc=1">View Product</a></div><div class="product"><a href="https://www.amazon.com/dp/B0CDW6J1W8?tag=eloabder-20&linkCode=osi&th=1&psc=1"><img src="https://m.media-amazon.com/images/I/51F2suuOG5L._SL500_.jpg" alt="Product Image"></a><p>KOIOS Smoothie Blender, 900W Personal Blender for Shakes and Smoothies Kitchen with 2 No-BPA 22oz Portable Blender Cups, Single Serve Smoothies Maker Mixer for Juices, Nutritious Recipe (Grey Blue)</p><p> -20% 0FF </p><p>$39.99</p><a href="https://www.amazon.com/dp/B0CDW6J1W8?tag=eloabder-20&linkCode=osi&th=1&psc=1">View Product</a></div>
<div class="product"><a href="https://www.amazon.com/dp/B071WCB1T6?tag=eloabder-20&linkCode=osi&th=1&psc=1"><img src="https://m.media-amazon.com/images/I/31jdX6frIBL._SL500_.jpg" alt="Product Image"></a><p>TOSHIBA EM131A5C-BS Countertop Microwave Ovens 1.2 Cu Ft, 12.4" Removable Turntable Smart Humidity Sensor 12 Auto Menus Mute Function ECO Mode Easy Clean Interior Black Color 1100W</p><p> -7% 0FF </p><p>$129.99</p><a href="https://www.amazon.com/dp/B071WCB1T6?tag=eloabder-20&linkCode=osi&th=1&psc=1">View Product</a></div><div class="product"><a href="https://www.amazon.com/dp/B0D292ZK9W?tag=eloabder-20&linkCode=osi&th=1&psc=1"><img src="https://m.media-amazon.com/images/I/31TTpRBhabL._SL500_.jpg" alt="Product Image"></a><p>GE GCST10A1WSS 3-in-1 Microwave Oven, 1,050 Watts Air Fryer, Broiler & Convection Mode, Kitchen Essentials for The Countertop or Dorm Room, Child-Lock Technology 1.0 Cu. Ft, Stainless Steel</p><p> -13% 0FF </p><p>$189.99</p><a href="https://www.amazon.com/dp/B0D292ZK9W?tag=eloabder-20&linkCode=osi&th=1&psc=1">View Product</a></div><div class="product"><a href="https://www.amazon.com/dp/B0D294MHR5?tag=eloabder-20&linkCode=osi&th=1&psc=1"><img src="https://m.media-amazon.com/images/I/31jA3nuhQWL._SL500_.jpg" alt="Product Image"></a><p>GE GCST07N1WSS Microwave Oven, 700-watt 6 Auto Cooking Settings, Kitchen Essentials for The Countertop, Dorm Room or Apartment, Child-Lock Technology 0.7 Cu. Ft, Stainless Steel</p><p> -9% 0FF </p><p>$99.00</p><a href="https://www.amazon.com/dp/B0D294MHR5?tag=eloabder-20&linkCode=osi&th=1&psc=1">View Product</a></div><div class="product"><a href="https://www.amazon.com/dp/B000M9EFNM?tag=eloabder-20&linkCode=osi&th=1&psc=1"><img src="https://m.media-amazon.com/images/I/41iWuh-A2fL._SL500_.jpg" alt="Product Image"></a><p>Emerson MW7302B Compact Countertop Microwave Oven with Touch Control, LED Display, 700W, 10 Power Levels, 6 Auto Menus, Glass Turntable and Child Safe Lock, 0.7 Cu., Ft. Black</p><p> -28% 0FF </p><p>$72.03</p><a href="https://www.amazon.com/dp/B000M9EFNM?tag=eloabder-20&linkCode=osi&th=1&psc=1">View Product</a></div>
<div class="product"><a href="https://www.amazon.com/dp/B082PMYZ2X?tag=eloabder-20&linkCode=osi&th=1&psc=1"><img src="https://m.media-amazon.com/images/I/3172vOXiAeL._SL500_.jpg" alt="Product Image"></a><p>RCA RFR725 2 Door Apartment Size Refrigerator with Freezer, Stainless,7.5 cu ft</p><p> -15% 0FF </p><p>$298.00</p><a href="https://www.amazon.com/dp/B082PMYZ2X?tag=eloabder-20&linkCode=osi&th=1&psc=1">View Product</a></div><div class="product"><a href="https://www.amazon.com/dp/B09RWFZTWW?tag=eloabder-20&linkCode=osi&th=1&psc=1"><img src="https://m.media-amazon.com/images/I/51jiYOTMybL._SL500_.jpg" alt="Product Image"></a><p>Upstreman 3.2 Cu.Ft Mini Fridge with Freezer, Single Door Mini Fridge, Dorm Fridge, Adjustable Thermostat, Mini Refrigerator for Bedroom, Office, Dorm, Black-BR321</p><p> -22% 0FF </p><p>$139.99</p><a href="https://www.amazon.com/dp/B09RWFZTWW?tag=eloabder-20&linkCode=osi&th=1&psc=1">View Product</a></div><div class="product"><a href="https://www.amazon.com/dp/B07QCQX8WR?tag=eloabder-20&linkCode=osi&th=1&psc=1"><img src="https://m.media-amazon.com/images/I/319YWFzYC1L._SL500_.jpg" alt="Product Image"></a><p>SAMSUNG RF28R7201SR 28 Cu. Ft. Stainless 4-Door French Door Refrigerator</p><p> -9% 0FF </p><p>$1,499.22</p><a href="https://www.amazon.com/dp/B07QCQX8WR?tag=eloabder-20&linkCode=osi&th=1&psc=1">View Product</a></div><div class="product"><a href="https://www.amazon.com/dp/B00QEUGW5M?tag=eloabder-20&linkCode=osi&th=1&psc=1"><img src="https://m.media-amazon.com/images/I/21RdnrqGpZL._SL500_.jpg" alt="Product Image"></a><p>Avanti FF18D3S-4 FF18D cu.ft. Apartment Size Refrigerator​, Full Fridge Free Technology Prevents Frost Build-up with Adjustable Shelves, Door Bins & Crisper Drawers, 18 cu. ft, Stainless Steel</p><p> -35% 0FF </p><p>$549.99</p><a href="https://www.amazon.com/dp/B00QEUGW5M?tag=eloabder-20&linkCode=osi&th=1&psc=1">View Product</a></div><div class="product"><a href="https://www.amazon.com/dp/B0CVS8WRPX?tag=eloabder-20&linkCode=osi&th=1&psc=1"><img src="https://m.media-amazon.com/images/I/21EtSdN39DL._SL500_.jpg" alt="Product Image"></a><p>Kenmore 46-75525 29.88 Inch Counter-Depth French Door Refrigerator/Freezer with Fingerprint-Resistant Stainless Steel, Ice Maker, Quiet and Energy Efficient Inverter Compressor, 17.5 cu. ft.</p><p> -15% 0FF </p><p>$1,099.99</p><a href="https://www.amazon.com/dp/B0CVS8WRPX?tag=eloabder-20&linkCode=osi&th=1&psc=1">View Product</a></div>
<div class="product"><a href="https://www.amazon.com/dp/B0D1CXL52G?tag=eloabder-20&linkCode=osi&th=1&psc=1"><img src="https://m.media-amazon.com/images/I/41b3JzpXjNL._SL500_.jpg" alt="Product Image"></a><p>Ninja Flip Toaster Oven&Air Fryer, 8-in-1 Functionality, Flip Up&Away Capability for Storage Space, LargeCapacity, Air Fry Basket, SheetPan, Wire Rack&Removable Crumb Tray, Stainless,1800 watts, SP151</p><p> -35% 0FF </p><p>$129.99</p><a href="https://www.amazon.com/dp/B0D1CXL52G?tag=eloabder-20&linkCode=osi&th=1&psc=1">View Product</a></div><div class="product"><a href="https://www.amazon.com/dp/B07SCGY2H6?tag=eloabder-20&linkCode=osi&th=1&psc=1"><img src="https://m.media-amazon.com/images/I/51lqoRxpKAL._SL500_.jpg" alt="Product Image"></a><p>Ninja SP101 Digital Air Fry Countertop Oven with 8-in-1 Functionality, Flip Up & Away Capability for Storage Space, with Air Fry Basket, Wire Rack & Crumb Tray, Silver</p><p> -41% 0FF </p><p>$129.99</p><a href="https://www.amazon.com/dp/B07SCGY2H6?tag=eloabder-20&linkCode=osi&th=1&psc=1">View Product</a></div><div class="product"><a href="https://www.amazon.com/dp/B0BMDFVL5D?tag=eloabder-20&linkCode=osi&th=1&psc=1"><img src="https://m.media-amazon.com/images/I/41MIOfXMwnL._SL500_.jpg" alt="Product Image"></a><p>Elite Gourmet ETO2530M Double French Door Countertop Toaster Oven, Bake, Broil, Toast, Keep Warm, Fits 12" pizza, 25L capacity, Stainless Steel & Black</p><p> -13% 0FF </p><p>$78.27</p><a href="https://www.amazon.com/dp/B0BMDFVL5D?tag=eloabder-20&linkCode=osi&th=1&psc=1">View Product</a></div><div class="product"><a href="https://www.amazon.com/dp/B08DL8WH9V?tag=eloabder-20&linkCode=osi&th=1&psc=1"><img src="https://m.media-amazon.com/images/I/51Zh5HMM-bL._SL500_.jpg" alt="Product Image"></a><p>CHEFMAN Multifunctional Digital Air Fryer+ Rotisserie, Dehydrator, Convection Oven, 17 Touch Screen Presets Fry, Roast, Dehydrate, Bake, XL 10L Family Size, Auto Shutoff, Large Easy-View Window, Black</p><p> -29% 0FF </p><p>$99.99</p><a href="https://www.amazon.com/dp/B08DL8WH9V?tag=eloabder-20&linkCode=osi&th=1&psc=1">View Product</a></div>
<div class="product"><a href="https://www.amazon.com/dp/B072P11H8L?tag=eloabder-20&linkCode=osi&th=1&psc=1"><img src="https://m.media-amazon.com/images/I/41FgU05M+eL._SL500_.jpg" alt="Product Image"></a><p>Amazon Basics 2 Slice Extra Wide Slot Toaster with Bagel Function, Removable Crumb Tray, 6 Browning Settings, Frozen Food Setting, Cancel Button, 900W, Black & Silver.</p><p> -13% 0FF </p><p>$19.99</p><a href="https://www.amazon.com/dp/B072P11H8L?tag=eloabder-20&linkCode=osi&th=1&psc=1">View Product</a></div><div class="product"><a href="https://www.amazon.com/dp/B091SQRKVG?tag=eloabder-20&linkCode=osi&th=1&psc=1"><img src="https://m.media-amazon.com/images/I/41VUCnZHzhL._SL500_.jpg" alt="Product Image"></a><p>Mueller UltraToast Full Stainless Steel Toaster 4 Slice, Long Extra-Wide Slots with Removable Tray, Cancel/Defrost/Reheat Functions, 6 Browning Levels with LED Display, Kitchen Essentials & Gadgets</p><p> -33% 0FF </p><p>$39.99</p><a href="https://www.amazon.com/dp/B091SQRKVG?tag=eloabder-20&linkCode=osi&th=1&psc=1">View Product</a></div><div class="product"><a href="https://www.amazon.com/dp/B08NWGNQPS?tag=eloabder-20&linkCode=osi&th=1&psc=1"><img src="https://m.media-amazon.com/images/I/41Rl2b7N4yL._SL500_.jpg" alt="Product Image"></a><p>GE 2 Slice Stainless Steel Toaster, Extra Wide Slots for Toasting Bagels, Breads, Waffles & More, 7 Adjustable Shade Settings, Removable Crumb Tray, Countertop Kitchen Essentials, 850 Watts</p><p> -14% 0FF </p><p>$41.99</p><a href="https://www.amazon.com/dp/B08NWGNQPS?tag=eloabder-20&linkCode=osi&th=1&psc=1">View Product</a></div>
<div class="product"><a href="https://www.amazon.com/dp/B09715G57M?tag=eloabder-20&linkCode=osi&th=1&psc=1"><img src="https://m.media-amazon.com/images/I/31bbfFmQvAL._SL500_.jpg" alt="Product Image"></a><p>Keurig K-Express Single Serve K-Cup Pod Coffee Maker, 3 Brew Sizes, Strong Button Feature, 42oz Removable Reservoir, Black</p><p> -33% 0FF </p><p>$59.99</p><a href="https://www.amazon.com/dp/B09715G57M?tag=eloabder-20&linkCode=osi&th=1&psc=1">View Product</a></div><div class="product"><a href="https://www.amazon.com/dp/B07S98411N?tag=eloabder-20&linkCode=osi&th=1&psc=1"><img src="https://m.media-amazon.com/images/I/41SOX63H-GL._SL500_.jpg" alt="Product Image"></a><p>Ninja 12-Cup Programmable Coffee Brewer, 2 Brew Styles, Adjustable Warm Plate, 60oz Water Reservoir, Delay Brew - Black/Stainless Steel</p><p> -13% 0FF </p><p>$69.99 ($69.99 / count)</p><a href="https://www.amazon.com/dp/B07S98411N?tag=eloabder-20&linkCode=osi&th=1&psc=1">View Product</a></div><div class="product"><a href="https://www.amazon.com/dp/B0D8LXRHQ8?tag=eloabder-20&linkCode=osi&th=1&psc=1"><img src="https://m.media-amazon.com/images/I/41rogzNp62L._SL500_.jpg" alt="Product Image"></a><p>Keurig K-Duo Hot & Iced Single Serve & Carafe Coffee Maker, MultiStream Technology, 72oz Reservoir (Gen 2)</p><p> -25% 0FF </p><p>$149.99</p><a href="https://www.amazon.com/dp/B0D8LXRHQ8?tag=eloabder-20&linkCode=osi&th=1&psc=1">View Product</a></div><div class="product"><a href="https://www.amazon.com/dp/B0BM3C13B6?tag=eloabder-20&linkCode=osi&th=1&psc=1"><img src="https://m.media-amazon.com/images/I/41Vyq25e3QL._SL500_.jpg" alt="Product Image"></a><p>Mueller 12-Cup Drip Coffee Maker - Borosilicate Carafe, Auto-Off, Reusable Filter, Anti-Drip, Keep-Warm Function, Clear Water Level Window Coffee Machine, Ideal for Home or Office</p><p> -48% 0FF </p><p>$25.87 ($2.16 / Count)</p><a href="https://www.amazon.com/dp/B0BM3C13B6?tag=eloabder-20&linkCode=osi&th=1&psc=1">View Product</a></div><div class="product"><a href="https://www.amazon.com/dp/B07GV2S1GS?tag=eloabder-20&linkCode=osi&th=1&psc=1"><img src="https://m.media-amazon.com/images/I/310Vh-Nnu7L._SL500_.jpg" alt="Product Image"></a><p>Keurig K-Mini Single Serve K-Cup Pod Coffee Maker, 6 to 12oz Brew size, with Cord Storage, Perfect for Small Spaces, Black</p><p> -40% 0FF </p><p>$59.99</p><a href="https://www.amazon.com/dp/B07GV2S1GS?tag=eloabder-20&linkCode=osi&th=1&psc=1">View Product</a></div><div class="product"><a href="https://www.amazon.com/dp/B018UQ5AMS?tag=eloabder-20&linkCode=osi&th=1&psc=1"><img src="https://m.media-amazon.com/images/I/41ZbZptck9L._SL500_.jpg" alt="Product Image"></a><p>Keurig K-Classic Single Serve K-Cup Pod Coffee Maker, with 3 Brew Sizes, 48oz Removable Reservoir, Black</p><p> -7% 0FF </p><p>$139.99</p><a href="https://www.amazon.com/dp/B018UQ5AMS?tag=eloabder-20&linkCode=osi&th=1&psc=1">View Product</a></div>
<div class="product"><a href="https://www.amazon.com/dp/B09ST4M8VF?tag=eloabder-20&linkCode=osi&th=1&psc=1"><img src="https://m.media-amazon.com/images/I/31QlZXvnG0L._SL500_.jpg" alt="Product Image"></a><p>COMFEE’ Countertop Dishwasher, Energy Star Portable Dishwasher, 6 Place Settings & 8 Washing Programs, Speed, Baby-Care, ECO& Glass, Dish Washer for Dorm, RV& Apartment, Black</p><p> -13% 0FF </p><p>$259.99</p><a href="https://www.amazon.com/dp/B09ST4M8VF?tag=eloabder-20&linkCode=osi&th=1&psc=1">View Product</a></div><div class="product"><a href="https://www.amazon.com/dp/B089YD3Z91?tag=eloabder-20&linkCode=osi&th=1&psc=1"><img src="https://m.media-amazon.com/images/I/4149SRZHueL._SL500_.jpg" alt="Product Image"></a><p>NOVETE Portable Countertop Dishwashers, Compact Dishwashers with 5 L Built-in Water Tank & Inlet Hose, 5 Washing Programs, Baby Care, Air-Dry Function and LED Light for Small Apartments</p><p> -31% 0FF </p><p>$291.70</p><a href="https://www.amazon.com/dp/B089YD3Z91?tag=eloabder-20&linkCode=osi&th=1&psc=1">View Product</a></div><div class="product"><a href="https://www.amazon.com/dp/B0CVX5GBY5?tag=eloabder-20&linkCode=osi&th=1&psc=1"><img src="https://m.media-amazon.com/images/I/41Dnq4IKwbL._SL500_.jpg" alt="Product Image"></a><p>EUHOMY Mini Portable Dishwasher Countertop Compact Dishwashers, Tabletop Small Dishwasher with 5L Built-in Water Tank with 6 Modes and Baby Care for Apartments& RVs, No Hookup Needed</p><p> -19% 0FF </p><p>$217.99</p><a href="https://www.amazon.com/dp/B0CVX5GBY5?tag=eloabder-20&linkCode=osi&th=1&psc=1">View Product</a></div><div class="product"><a href="https://www.amazon.com/dp/B0C84MCVWM?tag=eloabder-20&linkCode=osi&th=1&psc=1"><img src="https://m.media-amazon.com/images/I/21-RrSOli4L._SL500_.jpg" alt="Product Image"></a><p>Midea MDF18A1AST Built-in Dishwasher with 8 Place Settings, 6 Washing Programs, Stainless Steel Tub, Heated Dry, Energy Star</p><p> -10% 0FF </p><p>$449.00</p><a href="https://www.amazon.com/dp/B0C84MCVWM?tag=eloabder-20&linkCode=osi&th=1&psc=1">View Product</a></div><div class="product"><a href="https://www.amazon.com/dp/B0BSHF9LXB?tag=eloabder-20&linkCode=osi&th=1&psc=1"><img src="https://m.media-amazon.com/images/I/11eYYssjgEL._SL500_.jpg" alt="Product Image"></a><p>Honeywell 18 Inch Dishwasher with 8 Place settings, 6 Washing Programs, Stainless Steel Tub, UL/Energy Star- Stainless Steel</p><p> -11% 0FF </p><p>$399.99</p><a href="https://www.amazon.com/dp/B0BSHF9LXB?tag=eloabder-20&linkCode=osi&th=1&psc=1">View Product</a></div><div class="product"><a href="https://www.amazon.com/dp/B08SBR12S7?tag=eloabder-20&linkCode=osi&th=1&psc=1"><img src="https://m.media-amazon.com/images/I/41LD2A+P9ZL._SL500_.jpg" alt="Product Image"></a><p>Hermitlux Countertop Dishwasher, 5 Washing Programs Portable Dishwasher With 5-Liter Built-in Water Tank For Glass Door</p><p> -21% 0FF </p><p>$275.99</p><a href="https://www.amazon.com/dp/B08SBR12S7?tag=eloabder-20&linkCode=osi&th=1&psc=1">View Product</a></div><div class="product"><a href="https://www.amazon.com/dp/B09QCJ6TDZ?tag=eloabder-20&linkCode=osi&th=1&psc=1"><img src="https://m.media-amazon.com/images/I/41vntFM8FeL._SL500_.jpg" alt="Product Image"></a><p>COMFEE' Portable Mini Dishwasher Countertop with 5L Built-in Water Tank for Apartments& RVs, No Hookup Needed, 6 Programs, 360° Dual Spray, 162℉ High-Temp& Air-Dry Function</p><p> -10% 0FF </p><p>$269.99</p><a href="https://www.amazon.com/dp/B09QCJ6TDZ?tag=eloabder-20&linkCode=osi&th=1&psc=1">View Product</a></div><div class="product"><a href="https://www.amazon.com/dp/B0CFPJ57KP?tag=eloabder-20&linkCode=osi&th=1&psc=1"><img src="https://m.media-amazon.com/images/I/31Wtz+lzyfL._SL500_.jpg" alt="Product Image"></a><p>Kenmore 24" Built-In Stainless Steel Tub Dishwasher with EasyFlex 3rd Rack, SmartWash, UltraWash Plus, TurboDry, MoreSpace Adjustable Rack, Energy Star Certified, Fingerprint Resistant Stainless Steel</p><p> -38% 0FF </p><p>$499.99</p><a href="https://www.amazon.com/dp/B0CFPJ57KP?tag=eloabder-20&linkCode=osi&th=1&psc=1">View Product</a></div><div class="product"><a href="https://www.amazon.com/dp/B0BZGXYQ4S?tag=eloabder-20&linkCode=osi&th=1&psc=1"><img src="https://m.media-amazon.com/images/I/31HoqlDBJHL._SL500_.jpg" alt="Product Image"></a><p>FOTILE Stainless Steel Kitchen In-Sink Dishwasher Combination, Heavy Gauge Bowl Dish Sanitizing, Energy-saving, and Powerful Cleaning Countertop Dishwasher (SD2F-P3)</p><p> -27% 0FF </p><p>$799.00</p><a href="https://www.amazon.com/dp/B0BZGXYQ4S?tag=eloabder-20&linkCode=osi&th=1&psc=1">View Product</a></div>
<div class="product"><a href="https://www.amazon.com/dp/B075KLJXKZ?tag=eloabder-20&linkCode=osi&th=1&psc=1"><img src="https://m.media-amazon.com/images/I/31-WjP7B6vL._SL500_.jpg" alt="Product Image"></a><p>Kenmore Top-Load Washer with Dual Action Agitator, Stainless Steel Top Loader Laundry Washing Machine, 3.5 cu. ft. Capacity White</p><p> -31% 0FF </p><p>$499.99</p><a href="https://www.amazon.com/dp/B075KLJXKZ?tag=eloabder-20&linkCode=osi&th=1&psc=1">View Product</a></div><div class="product"><a href="https://www.amazon.com/dp/B07DC5YQW8?tag=eloabder-20&linkCode=osi&th=1&psc=1"><img src="https://m.media-amazon.com/images/I/31DuF7NeLHL._SL500_.jpg" alt="Product Image"></a><p>Kenmore 20362 Triple Action Agitator Top-Load Washer, 3.8 cu. ft, White</p><p> -10% 0FF </p><p>$629.98</p><a href="https://www.amazon.com/dp/B07DC5YQW8?tag=eloabder-20&linkCode=osi&th=1&psc=1">View Product</a></div><div class="product"><a href="https://www.amazon.com/dp/B0D8SZ4CTC?tag=eloabder-20&linkCode=osi&th=1&psc=1"><img src="https://m.media-amazon.com/images/I/31DIwBVEFHL._SL500_.jpg" alt="Product Image"></a><p>Euhomy 1.03cu.ft Portable Washer, 8.8LBS Capacity Small Portable Washing Machine with 10 Programs 5 Water Levels, Drain Pump and LED Display,Compact Washer for Apartments, RVs, Homes, Light Gray</p><p> -18% 0FF </p><p>$195.99</p><a href="https://www.amazon.com/dp/B0D8SZ4CTC?tag=eloabder-20&linkCode=osi&th=1&psc=1">View Product</a></div><div class="product"><a href="https://www.amazon.com/dp/B0CNXQK4TF?tag=eloabder-20&linkCode=osi&th=1&psc=1"><img src="https://m.media-amazon.com/images/I/41P5otQCAGL._SL500_.jpg" alt="Product Image"></a><p>COSTWAY Portable Washing Machine, Twin Tub 26lbs Capacity Laundry Washer, 18lbs Washer and 8lbs Spinner Combo with Timer Knobs, Built-in Drain Pump, Compact Washer for Home Dorm Apartment (Grey+White)</p><p> -16% 0FF </p><p>$159.99</p><a href="https://www.amazon.com/dp/B0CNXQK4TF?tag=eloabder-20&linkCode=osi&th=1&psc=1">View Product</a></div><div class="product"><a href="https://www.amazon.com/dp/B08B4L4CGG?tag=eloabder-20&linkCode=osi&th=1&psc=1"><img src="https://m.media-amazon.com/images/I/31X47q9sDGL._SL500_.jpg" alt="Product Image"></a><p>Comfee Portable Washing Machine, 0.9 cu.ft Compact Washer With LED Display, 5 Wash Cycles, 2 Built-in Rollers, Space Saving Full-Automatic Washer</p><p> -7% 0FF </p><p>$230.58</p><a href="https://www.amazon.com/dp/B08B4L4CGG?tag=eloabder-20&linkCode=osi&th=1&psc=1">View Product</a></div><div class="product"><a href="https://www.amazon.com/dp/B07HKXVQYC?tag=eloabder-20&linkCode=osi&th=1&psc=1"><img src="https://m.media-amazon.com/images/I/41-Ze3RD3lL._SL500_.jpg" alt="Product Image"></a><p>Giantex Portable Washing Machine, Full Automatic Washer and Dryer Combo, with Built-in Pump Drain 8 LBS Capacity Compact Laundry Washer Spin Dryer for Apartment RV Dorm</p><p> -29% 0FF </p><p>$229.99</p><a href="https://www.amazon.com/dp/B07HKXVQYC?tag=eloabder-20&linkCode=osi&th=1&psc=1">View Product</a></div><div class="product"><a href="https://www.amazon.com/dp/B0CXXPQ2NT?tag=eloabder-20&linkCode=osi&th=1&psc=1"><img src="https://m.media-amazon.com/images/I/414dhY400cL._SL500_.jpg" alt="Product Image"></a><p>28Lbs Portable Washing Machine, Twin Tub Washing Machine Laundry Compact Washer spinner Combo with Drain Pump and Spin Cycle, 18Lbs Washer and 10Lbs Spinner dryer for Apartments RVs and Dorms</p><p> -9% 0FF </p><p>$73.00</p><a href="https://www.amazon.com/dp/B0CXXPQ2NT?tag=eloabder-20&linkCode=osi&th=1&psc=1">View Product</a></div>
<div class="product"><a href="https://www.amazon.com/dp/B07D87K6BQ?tag=eloabder-20&linkCode=osi&th=1&psc=1"><img src="https://m.media-amazon.com/images/I/31KxNVdMpwL._SL500_.jpg" alt="Product Image"></a><p>Kenmore 29" Front Load Electric Dryer with Wrinkle Guard and 7.0 Cubic Ft. Total Capacity, White</p><p> -10% 0FF </p><p>$629.98</p><a href="https://www.amazon.com/dp/B07D87K6BQ?tag=eloabder-20&linkCode=osi&th=1&psc=1">View Product</a></div><div class="product"><a href="https://www.amazon.com/dp/B075KLNLJ8?tag=eloabder-20&linkCode=osi&th=1&psc=1"><img src="https://m.media-amazon.com/images/I/31jFwM6jvRL._SL500_.jpg" alt="Product Image"></a><p>Kenmore Electric Dryer with Wrinkle Guard and Auto Dry, Electric Laundry Drying Machine 6.5 cu. Ft. Capacity White</p><p> -6% 0FF </p><p>$565.42</p><a href="https://www.amazon.com/dp/B075KLNLJ8?tag=eloabder-20&linkCode=osi&th=1&psc=1">View Product</a></div><div class="product"><a href="https://www.amazon.com/dp/B00EAY540S?tag=eloabder-20&linkCode=osi&th=1&psc=1"><img src="https://m.media-amazon.com/images/I/41S7hlrXcNL._SL500_.jpg" alt="Product Image"></a><p>Panda 110V 850W Electric Compact Portable Clothes Laundry Dryer with Stainless Steel Tub Apartment Size 1.5 cu.ft</p><p> -21% 0FF </p><p>$197.35</p><a href="https://www.amazon.com/dp/B00EAY540S?tag=eloabder-20&linkCode=osi&th=1&psc=1">View Product</a></div>
<div class="product"><a href="https://www.amazon.com/dp/B08QDL1XTC?tag=eloabder-20&linkCode=osi&th=1&psc=1"><img src="https://m.media-amazon.com/images/I/51ROwLDwkYL._SL500_.jpg" alt="Product Image"></a><p>Breeze Stop Surround Insulation Side Panels White for Window AC Unit Indoor Air Conditioner Cover for Winter and Summer</p><p> -6% 0FF </p><p>$32.99</p><a href="https://www.amazon.com/dp/B08QDL1XTC?tag=eloabder-20&linkCode=osi&th=1&psc=1">View Product</a></div><div class="product"><a href="https://www.amazon.com/dp/B07QKSV72H?tag=eloabder-20&linkCode=osi&th=1&psc=1"><img src="https://m.media-amazon.com/images/I/519a0zWyYIL._SL500_.jpg" alt="Product Image"></a><p>MODERN WAVE Central Air Conditioner Cover for Outside Units 36 x 36 - Top Universal Outdoor AC Cover Defender (Mesh, 36" x 36")</p><p> -20% 0FF </p><p>$23.99</p><a href="https://www.amazon.com/dp/B07QKSV72H?tag=eloabder-20&linkCode=osi&th=1&psc=1">View Product</a></div><div class="product"><a href="https://www.amazon.com/dp/B09DNRZNGB?tag=eloabder-20&linkCode=osi&th=1&psc=1"><img src="https://m.media-amazon.com/images/I/3126w0nnulL._SL500_.jpg" alt="Product Image"></a><p>Mrrihand Central Air Conditioner Cover for Outside Units Waterproof Heavy Duty AC Unit for Outdoor Large AC Cover for Winter (32"X32"X36")-Balck</p><p> -5% 0FF </p><p>$24.69</p><a href="https://www.amazon.com/dp/B09DNRZNGB?tag=eloabder-20&linkCode=osi&th=1&psc=1">View Product</a></div><div class="product"><a href="https://www.amazon.com/dp/B07VBMHCSS?tag=eloabder-20&linkCode=osi&th=1&psc=1"><img src="https://m.media-amazon.com/images/I/419VzItl1yL._SL500_.jpg" alt="Product Image"></a><p>Window Air Conditioner Cover Outdoor, Luxiv Outside Window AC Unit Cover Black Dust-proof Waterproof AC Cover Outdoor Window AC Protection Cover (21Wx16Dx15H)</p><p> -25% 0FF </p><p>$14.99</p><a href="https://www.amazon.com/dp/B07VBMHCSS?tag=eloabder-20&linkCode=osi&th=1&psc=1">View Product</a></div><div class="product"><a href="https://www.amazon.com/dp/B078SPPXZ7?tag=eloabder-20&linkCode=osi&th=1&psc=1"><img src="https://m.media-amazon.com/images/I/41LD7qFfJbL._SL500_.jpg" alt="Product Image"></a><p>Foozet Indoor Air Conditioner Cover Double Insulation, Medium Beige</p><p> -23% 0FF </p><p>$19.98</p><a href="https://www.amazon.com/dp/B078SPPXZ7?tag=eloabder-20&linkCode=osi&th=1&psc=1">View Product</a></div><div class="product"><a href="https://www.amazon.com/dp/B097PS8MM9?tag=eloabder-20&linkCode=osi&th=1&psc=1"><img src="https://m.media-amazon.com/images/I/31YIYuB91VL._SL500_.jpg" alt="Product Image"></a><p>BROSYDA Central Large Air Conditioner Cover for Outside Units, Waterproof & Windproof Outdoor AC Units Cover Black (30"x30"x32" Inch)</p><p> -12% 0FF </p><p>$24.99</p><a href="https://www.amazon.com/dp/B097PS8MM9?tag=eloabder-20&linkCode=osi&th=1&psc=1">View Product</a></div><div class="product"><a href="https://www.amazon.com/dp/B07Z7G7739?tag=eloabder-20&linkCode=osi&th=1&psc=1"><img src="https://m.media-amazon.com/images/I/51yS0zSIqYL._SL500_.jpg" alt="Product Image"></a><p>Aozzy Central Air Conditioner Covers for Outside Units Heavy Duty Ac Cover for Outdoor Unit Square Winter Withstand The Rain and Snow, Or Nuts Fit Up to 24x24x22 inchs</p><p> -30% 0FF </p><p>$11.89</p><a href="https://www.amazon.com/dp/B07Z7G7739?tag=eloabder-20&linkCode=osi&th=1&psc=1">View Product</a></div>
<div class="product"><a href="https://www.amazon.com/dp/B075GFLQ7K?tag=eloabder-20&linkCode=osi&th=1&psc=1"><img src="https://m.media-amazon.com/images/I/31wtVOr0SvL._SL500_.jpg" alt="Product Image"></a><p>Kenmore Floorcare Upright Bagged Vacuum, Blue/Silver</p><p> -11% 0FF </p><p>$222.56</p><a href="https://www.amazon.com/dp/B075GFLQ7K?tag=eloabder-20&linkCode=osi&th=1&psc=1">View Product</a></div><div class="product"><a href="https://www.amazon.com/dp/B086DBC2NN?tag=eloabder-20&linkCode=osi&th=1&psc=1"><img src="https://m.media-amazon.com/images/I/41gSCJkmrUL._SL500_.jpg" alt="Product Image"></a><p>Yocada Carpet Sweeper Cleaner for Home Office Low Carpets Rugs Undercoat Carpets Pet Hair Dust Scraps Paper Small Rubbish Cleaning with a Brush</p><p> -13% 0FF </p><p>$25.99</p><a href="https://www.amazon.com/dp/B086DBC2NN?tag=eloabder-20&linkCode=osi&th=1&psc=1">View Product</a></div><div class="product"><a href="https://www.amazon.com/dp/B00K316IB6?tag=eloabder-20&linkCode=osi&th=1&psc=1"><img src="https://m.media-amazon.com/images/I/31Xu+nrbO1L._SL500_.jpg" alt="Product Image"></a><p>Bissell 28806 Perfect Sweep Turbo, Grey</p><p> -14% 0FF </p><p>$38.78</p><a href="https://www.amazon.com/dp/B00K316IB6?tag=eloabder-20&linkCode=osi&th=1&psc=1">View Product</a></div><div class="product"><a href="https://www.amazon.com/dp/B085C7CF4J?tag=eloabder-20&linkCode=osi&th=1&psc=1"><img src="https://m.media-amazon.com/images/I/41LmSVowGJL._SL500_.jpg" alt="Product Image"></a><p>Yocada Carpet Sweeper Cleaner for Home Office Low Carpets Rugs Undercoat Carpets Pet Hair Dust Scraps Paper Small Rubbish Cleaning with a Brush Blue</p><p> -13% 0FF </p><p>$25.99</p><a href="https://www.amazon.com/dp/B085C7CF4J?tag=eloabder-20&linkCode=osi&th=1&psc=1">View Product</a></div><div class="product"><a href="https://www.amazon.com/dp/B08SBQBF2R?tag=eloabder-20&linkCode=osi&th=1&psc=1"><img src="https://m.media-amazon.com/images/I/41-haqU+4SL._SL500_.jpg" alt="Product Image"></a><p>Holikme Dryer Vent Cleaner Kit Vacuum Hose Attachment Brush, Lint Remover, Dryer Vent Vacuum Hose, Blue</p><p> -43% 0FF </p><p>$8.49</p><a href="https://www.amazon.com/dp/B08SBQBF2R?tag=eloabder-20&linkCode=osi&th=1&psc=1">View Product</a></div><div class="product"><a href="https://www.amazon.com/dp/B0CQY6MPNG?tag=eloabder-20&linkCode=osi&th=1&psc=1"><img src="https://m.media-amazon.com/images/I/515TS53ns1L._SL500_.jpg" alt="Product Image"></a><p>PetOde 2 Pieces Dryer Vent Cleaner Kit Compatible with All Vacuum Cleaner, Dryer Lint Brush and Vacuum Hose Attachment with Stretch Universal Connector, Quickly Lint Remover</p><p> -25% 0FF </p><p>$8.95</p><a href="https://www.amazon.com/dp/B0CQY6MPNG?tag=eloabder-20&linkCode=osi&th=1&psc=1">View Product</a></div>
<div class="product"><a href="https://www.amazon.com/dp/B00061J2B6?tag=eloabder-20&linkCode=osi&th=1&psc=1"><img src="https://m.media-amazon.com/images/I/41YkPB6bX2L._SL500_.jpg" alt="Product Image"></a><p>Steamfast SF-680 Digital Steam Press with Multiple Fabric Settings and Steam Burst Function,Stainless/Black, Stand</p><p> -13% 0FF </p><p>$279.99</p><a href="https://www.amazon.com/dp/B00061J2B6?tag=eloabder-20&linkCode=osi&th=1&psc=1">View Product</a></div><div class="product"><a href="https://www.amazon.com/dp/B09V7232SK?tag=eloabder-20&linkCode=osi&th=1&psc=1"><img src="https://m.media-amazon.com/images/I/51bSRR0Y3FL._SL500_.jpg" alt="Product Image"></a><p>Mueller Heart Waffle Maker, 5 Belgian Waffle Iron, Adjustable Browning Control, Cool Touch Handle, Compact and Easy to Clean, Great Mother’s Day Gift</p><p> -25% 0FF </p><p>$29.97</p><a href="https://www.amazon.com/dp/B09V7232SK?tag=eloabder-20&linkCode=osi&th=1&psc=1">View Product</a></div><div class="product"><a href="https://www.amazon.com/dp/B072ZNQC2R?tag=eloabder-20&linkCode=osi&th=1&psc=1"><img src="https://m.media-amazon.com/images/I/41rlbw08uYL._SL500_.jpg" alt="Product Image"></a><p>Chefman Rotating Belgian Waffle Maker, 180° Flip Iron w/ Non-Stick Plates, Adjustable Timer, Locking Lid, & Drip Plate, Space Saving Storage, Mess-Free Breakfast, Stainless Steel/Black</p><p> -13% 0FF </p><p>$34.99</p><a href="https://www.amazon.com/dp/B072ZNQC2R?tag=eloabder-20&linkCode=osi&th=1&psc=1">View Product</a></div><div class="product"><a href="https://www.amazon.com/dp/B013WOEC1I?tag=eloabder-20&linkCode=osi&th=1&psc=1"><img src="https://m.media-amazon.com/images/I/41aAsJHqAAL._SL500_.jpg" alt="Product Image"></a><p>Whitmor Deluxe Ironing Board Cover and Pad (Ironing board not included) - Medallion Grey</p><p> -13% 0FF </p><p>$13.49</p><a href="https://www.amazon.com/dp/B013WOEC1I?tag=eloabder-20&linkCode=osi&th=1&psc=1">View Product</a></div><div class="product"><a href="https://www.amazon.com/dp/B07L4Z2X81?tag=eloabder-20&linkCode=osi&th=1&psc=1"><img src="https://m.media-amazon.com/images/I/41PzLyy0OtL._SL500_.jpg" alt="Product Image"></a><p>Chefman Anti-Overflow Belgian Waffle Maker w/Shade Selector, Temperature Control, Mess Free Moat, Round Iron w/Nonstick Plates & Cool Touch Handle, Measuring Cup Included, Black</p><p> -13% 0FF </p><p>$26.09</p><a href="https://www.amazon.com/dp/B07L4Z2X81?tag=eloabder-20&linkCode=osi&th=1&psc=1">View Product</a></div><div class="product"><a href="https://www.amazon.com/dp/B09RX517YJ?tag=eloabder-20&linkCode=osi&th=1&psc=1"><img src="https://m.media-amazon.com/images/I/41qTvdLB3RL._SL500_.jpg" alt="Product Image"></a><p>Elite Gourmet EWM-2207# Electric Non-Stick Belgian Waffle Maker Iron, Breakfast, Sandwiches, Snacks, Burgers and more, 2-Slice, Black</p><p> -13% 0FF </p><p>$13.99</p><a href="https://www.amazon.com/dp/B09RX517YJ?tag=eloabder-20&linkCode=osi&th=1&psc=1">View Product</a></div>
<div class="product"><a href="https://www.amazon.com/dp/B00DEPGY7G?tag=eloabder-20&linkCode=osi&th=1&psc=1"><img src="https://m.media-amazon.com/images/I/41NuCd1uYNL._SL500_.jpg" alt="Product Image"></a><p>OVENTE Glass Electric Kettle Hot Water Boiler 1.5 Liter Borosilicate Glass Fast Boiling Countertop Heater - BPA Free Auto Shut Off Instant Water Heater Kettle for Coffee & Tea Maker - Black KG83B</p><p> -29% 0FF </p><p>$19.99</p><a href="https://www.amazon.com/dp/B00DEPGY7G?tag=eloabder-20&linkCode=osi&th=1&psc=1">View Product</a></div><div class="product"><a href="https://www.amazon.com/dp/B07JZQ1MXT?tag=eloabder-20&linkCode=osi&th=1&psc=1"><img src="https://m.media-amazon.com/images/I/311dZHPh5AL._SL500_.jpg" alt="Product Image"></a><p>Amazon Basics Electric Kettle, Tea Kettle for Hot Water, Coffee & Tea, With Auto Shut-Off, Boil Dry Protection, Strix Thermostat, BPA-Free, 1.8 Quarts (1.7L), 1500W, Glass and Steel, Black & Silver</p><p> -7% 0FF </p><p>$26.99</p><a href="https://www.amazon.com/dp/B07JZQ1MXT?tag=eloabder-20&linkCode=osi&th=1&psc=1">View Product</a></div><div class="product"><a href="https://www.amazon.com/dp/B01LWMWU59?tag=eloabder-20&linkCode=osi&th=1&psc=1"><img src="https://m.media-amazon.com/images/I/41E4k2z3DWL._SL500_.jpg" alt="Product Image"></a><p>Zojirushi Micom Water Boiler and Warmer (135 oz. / 4L, Silver)</p><p> -30% 0FF </p><p>$146.00</p><a href="https://www.amazon.com/dp/B01LWMWU59?tag=eloabder-20&linkCode=osi&th=1&psc=1">View Product</a></div><div class="product"><a href="https://www.amazon.com/dp/B07L5HT585?tag=eloabder-20&linkCode=osi&th=1&psc=1"><img src="https://m.media-amazon.com/images/I/41BL-WlAZkL._SL500_.jpg" alt="Product Image"></a><p>Hamilton Beach 1.7L Electric Kettle, Water Boiler & Heater, LED Indicator, Built-In Mesh Filter, Auto-Shutoff & Boil-Dry Protection, Cordless Serving, Clear Glass (40864)</p><p> -17% 0FF </p><p>$24.99</p><a href="https://www.amazon.com/dp/B07L5HT585?tag=eloabder-20&linkCode=osi&th=1&psc=1">View Product</a></div>
<div class="product"><a href="https://www.amazon.com/dp/B0055522EM?tag=eloabder-20&linkCode=osi&th=1&psc=1"><img src="https://m.media-amazon.com/images/I/51DzXSitquL._SL500_.jpg" alt="Product Image"></a><p>PureGuardian Aquastick, Universal, Genuine Guardian Technologies Antimicrobial Humidifier Treatment, Ultrasonic & Evaporative, Fits All Brands, Reduces Odors, 2 Count (One Pack of Two), GGHS15</p><p> -40% 0FF </p><p>$11.99 ($6.00 / Count)</p><a href="https://www.amazon.com/dp/B0055522EM?tag=eloabder-20&linkCode=osi&th=1&psc=1">View Product</a></div><div class="product"><a href="https://www.amazon.com/dp/B0CQRYKPD4?tag=eloabder-20&linkCode=osi&th=1&psc=1"><img src="https://m.media-amazon.com/images/I/51ADaqkTaOL._SL500_.jpg" alt="Product Image"></a><p>[2 Pack] Humidifier Drops for Cleaning - Food Grade Humidifier Cleaner Slows Buildup & Scaling - Cleans & Deodorizes Water - Suitable for All Humidifier Models - 200+ Day Supply - Made in USA</p><p> -5% 0FF </p><p>$18.99 ($9.50 / Fl Oz)</p><a href="https://www.amazon.com/dp/B0CQRYKPD4?tag=eloabder-20&linkCode=osi&th=1&psc=1">View Product</a></div><div class="product"><a href="https://www.amazon.com/dp/B01J664VSA?tag=eloabder-20&linkCode=osi&th=1&psc=1"><img src="https://m.media-amazon.com/images/I/418M5+TWhnL._SL500_.jpg" alt="Product Image"></a><p>Vornado MD1-0034 Replacement Humidifier Wick (Pack of 2) , White</p><p> -20% 0FF </p><p>$12.00 ($6.00 / Count)</p><a href="https://www.amazon.com/dp/B01J664VSA?tag=eloabder-20&linkCode=osi&th=1&psc=1">View Product</a></div>
<div class="product"><a href="https://www.amazon.com/dp/B0DJ8YM235?tag=eloabder-20&linkCode=osi&th=1&psc=1"><img src="https://m.media-amazon.com/images/I/31-+n3qJwfL._SL500_.jpg" alt="Product Image"></a><p>PSOS Dehumidifier for Home, 118 OZ Water Tank, Dehumidifiers for Room 1000 sq.ft, Dehumidifiers for Bathroom Bedroom Basement with Humidity monitoring, Auto Shut Off, 7 Colors Light(White)</p><p> -40% 0FF </p><p>$89.99</p><a href="https://www.amazon.com/dp/B0DJ8YM235?tag=eloabder-20&linkCode=osi&th=1&psc=1">View Product</a></div><div class="product"><a href="https://www.amazon.com/dp/B0BX4TTZL2?tag=eloabder-20&linkCode=osi&th=1&psc=1"><img src="https://m.media-amazon.com/images/I/31JMYwASsyL._SL500_.jpg" alt="Product Image"></a><p>Hornady Rapid Dry Dehumidifier Stone - Rechargeable Dehumidifier for Gun Safe and Cases, Protect Your Firearms and Valuables from Moisture - Unlimited Use, with Moisture Level Indicator - Item 95898</p><p> -29% 0FF </p><p>$28.37</p><a href="https://www.amazon.com/dp/B0BX4TTZL2?tag=eloabder-20&linkCode=osi&th=1&psc=1">View Product</a></div>
<div class="product"><a href="https://www.amazon.com/dp/B089P1Z38J?tag=eloabder-20&linkCode=osi&th=1&psc=1"><img src="https://m.media-amazon.com/images/I/51YX73Zai2L._SL500_.jpg" alt="Product Image"></a><p>Lasko Air Flex 20" 2-in-1 Box Fan and Air Purifier in One with MERV10 Air Purifying Filter for Cleaner and Cooling Breeze, 3 Speeds, Steel Body, FF305</p><p> -6% 0FF </p><p>$65.79</p><a href="https://www.amazon.com/dp/B089P1Z38J?tag=eloabder-20&linkCode=osi&th=1&psc=1">View Product</a></div><div class="product"><a href="https://www.amazon.com/dp/B0819NMLPH?tag=eloabder-20&linkCode=osi&th=1&psc=1"><img src="https://m.media-amazon.com/images/I/51J1qcl7T+L._SL500_.jpg" alt="Product Image"></a><p>SmoTecQ Ceiling Fan Pull Chain, 120" Rust Proof Copper 3mm Beaded Extension Chains with 12 Matching Connectors, Bronze</p><p> -25% 0FF </p><p>$5.99</p><a href="https://www.amazon.com/dp/B0819NMLPH?tag=eloabder-20&linkCode=osi&th=1&psc=1">View Product</a></div><div class="product"><a href="https://www.amazon.com/dp/B09JBCGK41?tag=eloabder-20&linkCode=osi&th=1&psc=1"><img src="https://m.media-amazon.com/images/I/31O1Cq3aI-L._SL500_.jpg" alt="Product Image"></a><p>Hunter Fan Company 99770 Core Multifunction w/1.9 Remote Control with Receiver, No Size, Dove Grey</p><p> -40% 0FF </p><p>$42.78</p><a href="https://www.amazon.com/dp/B09JBCGK41?tag=eloabder-20&linkCode=osi&th=1&psc=1">View Product</a></div><div class="product"><a href="https://www.amazon.com/dp/B07S5LK7Z8?tag=eloabder-20&linkCode=osi&th=1&psc=1"><img src="https://m.media-amazon.com/images/I/41Wgts+0jEL._SL500_.jpg" alt="Product Image"></a><p>Ceiling Fan Light Switch Zing Ear Pull Chain Switch ZE-109 Fan Light Switch, On-Off Speed with Pull Chain Compatible with Ceiling Light Fans, Lamps and Wall Lights.(Bronze)</p><p> -63% 0FF </p><p>$1.89</p><a href="https://www.amazon.com/dp/B07S5LK7Z8?tag=eloabder-20&linkCode=osi&th=1&psc=1">View Product</a></div><div class="product"><a href="https://www.amazon.com/dp/B0D5M1M37N?tag=eloabder-20&linkCode=osi&th=1&psc=1"><img src="https://m.media-amazon.com/images/I/51yO2OHGQkL._SL500_.jpg" alt="Product Image"></a><p>Butto 10-Pack Ceiling Fan Filters for Blades - Strong Adhesive Ceiling Fan Filters for Common Household Contaminants - Unscented Coconut Carbon Fan Air Purifier Pads to Make Air Fresh and Natural</p><p> -21% 0FF </p><p>$14.98</p><a href="https://www.amazon.com/dp/B0D5M1M37N?tag=eloabder-20&linkCode=osi&th=1&psc=1">View Product</a></div>
<div class="product"><a href="https://www.amazon.com/dp/B0CC8DS2S5?tag=eloabder-20&linkCode=osi&th=1&psc=1"><img src="https://m.media-amazon.com/images/I/41VCzvLZYAL._SL500_.jpg" alt="Product Image"></a><p>KitchekShop Coffee Mug Warmer - Fastest Heating & Highest Temperature, Coffee Cup Warmer for Desk Auto Shut Off, 4 Temp Settings & 1-12H Timer, Smart Electric Beverage Warmer for Coffee, Tea, Water</p><p> -40% 0FF </p><p>$23.99</p><a href="https://www.amazon.com/dp/B0CC8DS2S5?tag=eloabder-20&linkCode=osi&th=1&psc=1">View Product</a></div><div class="product"><a href="https://www.amazon.com/dp/B082MVGP8T?tag=eloabder-20&linkCode=osi&th=1&psc=1"><img src="https://m.media-amazon.com/images/I/31Ui7mtlCOL._SL500_.jpg" alt="Product Image"></a><p>Amazon Basics Electric Kettle, Tea Kettle for Hot Water, Coffee & Tea, With Auto Shut-Off, Boil Dry Protection, Strix Thermostat, BPA-Free, 1.1 Quarts (1.0L), 1500W, Glass and Steel, Black & Silver</p><p> -9% 0FF </p><p>$24.49</p><a href="https://www.amazon.com/dp/B082MVGP8T?tag=eloabder-20&linkCode=osi&th=1&psc=1">View Product</a></div>
<div class="product"><a href="https://www.amazon.com/dp/B0BYR4W4F6?tag=eloabder-20&linkCode=osi&th=1&psc=1"><img src="https://m.media-amazon.com/images/I/31M2ZgX69nL._SL500_.jpg" alt="Product Image"></a><p>Arrojo Gamma Aria Blow Dryer — Dual Ionic hair Dryer for Men and Women — Quietest Hair Dryers in their Class — Speeds to 101mph for Hyper Fast Drying Blow Dryer power</p><p> -6% 0FF </p><p>$165.86</p><a href="https://www.amazon.com/dp/B0BYR4W4F6?tag=eloabder-20&linkCode=osi&th=1&psc=1">View Product</a></div><div class="product"><a href="https://www.amazon.com/dp/B095Y4T72V?tag=eloabder-20&linkCode=osi&th=1&psc=1"><img src="https://m.media-amazon.com/images/I/3190DPU1r7S._SL500_.jpg" alt="Product Image"></a><p>Turbo Power Mega Turbo 2500 Heat Dryer</p><p> -7% 0FF </p><p>$93.44 ($93.44 / Count)</p><a href="https://www.amazon.com/dp/B095Y4T72V?tag=eloabder-20&linkCode=osi&th=1&psc=1">View Product</a></div>
<div class="product"><a href="https://www.amazon.com/dp/B0D4TT37CG?tag=eloabder-20&linkCode=osi&th=1&psc=1"><img src="https://m.media-amazon.com/images/I/51rJj7bo1sL._SL500_.jpg" alt="Product Image"></a><p>250W Professional Electric Cheese Grater for Block Cheese,Automatic Cheese Grater for Potato,Carrots,Salad Shooter Electric Slicer Shredder with 5 Types of Blades,Your Nice Kitchen Helper!</p><p> -8% 0FF </p><p>$66.99</p><a href="https://www.amazon.com/dp/B0D4TT37CG?tag=eloabder-20&linkCode=osi&th=1&psc=1">View Product</a></div>
<div class="product"><a href="https://www.amazon.com/dp/B007WQ9YNO?tag=eloabder-20&linkCode=osi&th=1&psc=1"><img src="https://m.media-amazon.com/images/I/41V32cTWxML._SL500_.jpg" alt="Product Image"></a><p>AROMA Digital Rice Cooker, 4-Cup (Uncooked) / 8-Cup (Cooked), Steamer, Grain Cooker, Multicooker, 2 Qt, Stainless Steel Exterior, ARC-914SBD</p><p> -9% 0FF </p><p>$29.98</p><a href="https://www.amazon.com/dp/B007WQ9YNO?tag=eloabder-20&linkCode=osi&th=1&psc=1">View Product</a></div><div class="product"><a href="https://www.amazon.com/dp/B0752VWV65?tag=eloabder-20&linkCode=osi&th=1&psc=1"><img src="https://m.media-amazon.com/images/I/41s222n8XjL._SL500_.jpg" alt="Product Image"></a><p>Hamilton Beach Digital Programmable Rice Cooker & Food Steamer, 8 Cups Cooked (4 Uncooked), With Steam & Rinse Basket, Stainless Steel (37518)</p><p> -20% 0FF </p><p>$31.99</p><a href="https://www.amazon.com/dp/B0752VWV65?tag=eloabder-20&linkCode=osi&th=1&psc=1">View Product</a></div><div class="product"><a href="https://www.amazon.com/dp/B0979TYRYN?tag=eloabder-20&linkCode=osi&th=1&psc=1"><img src="https://m.media-amazon.com/images/I/31pxVDIb99L._SL500_.jpg" alt="Product Image"></a><p>Aroma Housewares 4-Cups (Cooked) / 1Qt. Rice & Grain Cooker (ARC-302NG), White</p><p> -24% 0FF </p><p>$18.99</p><a href="https://www.amazon.com/dp/B0979TYRYN?tag=eloabder-20&linkCode=osi&th=1&psc=1">View Product</a></div><div class="product"><a href="https://www.amazon.com/dp/B01BUL7FJ6?tag=eloabder-20&linkCode=osi&th=1&psc=1"><img src="https://m.media-amazon.com/images/I/41PX+tkWChL._SL500_.jpg" alt="Product Image"></a><p>Aroma Housewares ARC-363-1NGB 3 Uncooked/6 Cups Cooked Rice Cooker, Steamer, Multicooker, 2-6 cups, Black</p><p> -33% 0FF </p><p>$19.99</p><a href="https://www.amazon.com/dp/B01BUL7FJ6?tag=eloabder-20&linkCode=osi&th=1&psc=1">View Product</a></div><div class="product"><a href="https://www.amazon.com/dp/B0BD4PRBVZ?tag=eloabder-20&linkCode=osi&th=1&psc=1"><img src="https://m.media-amazon.com/images/I/51PB+13RRPL._SL500_.jpg" alt="Product Image"></a><p>COSORI Rice Cooker 10 Cup, 24h Keep Warm, 18 Functions Fuzzy Logic Rice Maker with Stainless Steel Steamer Basket, Sauté, Slow Cooker, Black</p><p> -15% 0FF </p><p>$84.99</p><a href="https://www.amazon.com/dp/B0BD4PRBVZ?tag=eloabder-20&linkCode=osi&th=1&psc=1">View Product</a></div>
<div class="product"><a href="https://www.amazon.com/dp/B003OAJGJO?tag=eloabder-20&linkCode=osi&th=1&psc=1"><img src="https://m.media-amazon.com/images/I/51qadG4iFyL._SL500_.jpg" alt="Product Image"></a><p>Crock-Pot 7 Quart Oval Manual Slow Cooker, Stainless Steel (SCV700-S-BR), Versatile Cookware for Large Families or Entertaining</p><p> -30% 0FF </p><p>$34.99</p><a href="https://www.amazon.com/dp/B003OAJGJO?tag=eloabder-20&linkCode=osi&th=1&psc=1">View Product</a></div><div class="product"><a href="https://www.amazon.com/dp/B07DFVY29X?tag=eloabder-20&linkCode=osi&th=1&psc=1"><img src="https://m.media-amazon.com/images/I/415PUCXFtVL._SL500_.jpg" alt="Product Image"></a><p>Crock-Pot Large 8-Quart Programmable Slow Cooker with Auto Warm Setting, Black Stainless Steel (Pack of 1)</p><p> -25% 0FF </p><p>$74.99</p><a href="https://www.amazon.com/dp/B07DFVY29X?tag=eloabder-20&linkCode=osi&th=1&psc=1">View Product</a></div>
<div class="product"><a href="https://www.amazon.com/dp/B0BFX95J5P?tag=eloabder-20&linkCode=osi&th=1&psc=1"><img src="https://m.media-amazon.com/images/I/51Bj52vXGZL._SL500_.jpg" alt="Product Image"></a><p>COSORI Electric Pressure Cooker 6 qt, 9-in-1 Instant Multi Cooker with Safer Venting Design, Rice Cooker, Slow Cooker, Sous Vide, Saute Pot, 1100W, Stainless Steel</p><p> -22% 0FF </p><p>$69.99</p><a href="https://www.amazon.com/dp/B0BFX95J5P?tag=eloabder-20&linkCode=osi&th=1&psc=1">View Product</a></div><div class="product"><a href="https://www.amazon.com/dp/B08PPZWNCV?tag=eloabder-20&linkCode=osi&th=1&psc=1"><img src="https://m.media-amazon.com/images/I/41ZKZkeEwEL._SL500_.jpg" alt="Product Image"></a><p>Instant Pot Pro (8 QT) 10-in-1 Pressure Cooker, Slow Cooker, Rice/Grain Cooker, Steamer, Sauté, Sous Vide, Yogurt Maker, Sterilizer, and Warmer, Includes App With Over 800 Recipes, Black</p><p> -21% 0FF </p><p>$149.99</p><a href="https://www.amazon.com/dp/B08PPZWNCV?tag=eloabder-20&linkCode=osi&th=1&psc=1">View Product</a></div><div class="product"><a href="https://www.amazon.com/dp/B089P2W2N6?tag=eloabder-20&linkCode=osi&th=1&psc=1"><img src="https://m.media-amazon.com/images/I/41tjnk41j0L._SL500_.jpg" alt="Product Image"></a><p>12 Qt Stainless steel Electric Pressure Canner</p><p> -30% 0FF </p><p>$229.99</p><a href="https://www.amazon.com/dp/B089P2W2N6?tag=eloabder-20&linkCode=osi&th=1&psc=1">View Product</a></div><div class="product"><a href="https://www.amazon.com/dp/B0DJFJFSZ5?tag=eloabder-20&linkCode=osi&th=1&psc=1"><img src="https://m.media-amazon.com/images/I/41RArdH-6LL._SL500_.jpg" alt="Product Image"></a><p>COMFEE’ 9-in-1 Electric Pressure Cooker, 14 Presets Instant Multi Cooker Olla de Presion Non-Stick Pot Yogurt Maker Rice Cooker Slow Cooker Sauté Steamer 6 Quarts Black</p><p> -10% 0FF </p><p>$64.79</p><a href="https://www.amazon.com/dp/B0DJFJFSZ5?tag=eloabder-20&linkCode=osi&th=1&psc=1">View Product</a></div><div class="product"><a href="https://www.amazon.com/dp/B0C35HNPW9?tag=eloabder-20&linkCode=osi&th=1&psc=1"><img src="https://m.media-amazon.com/images/I/41C54nM0HvL._SL500_.jpg" alt="Product Image"></a><p>Instant Pot RIO Wide Base, 7.5 Quarts, Large Searing Base, WhisperQuiet Steam Release, 7-in-1 Electric Multi-Cooker, Pressure Cooker, Slow Cooker, Rice Cooker, Steamer, Sauté, Yogurt & Warmer</p><p> -13% 0FF </p><p>$113.50</p><a href="https://www.amazon.com/dp/B0C35HNPW9?tag=eloabder-20&linkCode=osi&th=1&psc=1">View Product</a></div>
<div class="product"><a href="https://www.amazon.com/dp/B01LZ6QN28?tag=eloabder-20&linkCode=osi&th=1&psc=1"><img src="https://m.media-amazon.com/images/I/310sq1rOuLL._SL500_.jpg" alt="Product Image"></a><p>KitchenAid KFC3516IC 3.5 Cup Food Chopper, Ice Blue</p><p> -25% 0FF </p><p>$44.99</p><a href="https://www.amazon.com/dp/B01LZ6QN28?tag=eloabder-20&linkCode=osi&th=1&psc=1">View Product</a></div><div class="product"><a href="https://www.amazon.com/dp/B089TP3K77?tag=eloabder-20&linkCode=osi&th=1&psc=1"><img src="https://m.media-amazon.com/images/I/41wrQtJwO4L._SL500_.jpg" alt="Product Image"></a><p>Ninja Food Processor, Professional Plus, 1000 Peak Watts, 4 Functions for Chopping, Slicing, Purees & Dough with 9-Cup Processor Bowl, 3 Blades, Food Chute & Pusher, Silver, BN601</p><p> -19% 0FF </p><p>$96.99</p><a href="https://www.amazon.com/dp/B089TP3K77?tag=eloabder-20&linkCode=osi&th=1&psc=1">View Product</a></div><div class="product"><a href="https://www.amazon.com/dp/B07CB25BRK?tag=eloabder-20&linkCode=osi&th=1&psc=1"><img src="https://m.media-amazon.com/images/I/4184he88uaL._SL500_.jpg" alt="Product Image"></a><p>KitchenAid KFP0718ER 7-Cup Food Processor Chop, Puree, Shred and Slice - Empire Red</p><p> -20% 0FF </p><p>$79.99</p><a href="https://www.amazon.com/dp/B07CB25BRK?tag=eloabder-20&linkCode=osi&th=1&psc=1">View Product</a></div><div class="product"><a href="https://www.amazon.com/dp/B0841NBX4Y?tag=eloabder-20&linkCode=osi&th=1&psc=1"><img src="https://m.media-amazon.com/images/I/31BQFzOW77S._SL500_.jpg" alt="Product Image"></a><p>BLACK+DECKER Food Processor and Vegetable Chopper, Stainless Steel Blade, 8-Cup Capacity, 450W Power with Attachments to Shred, Slice, Mince, Grind, and Puree</p><p> -22% 0FF </p><p>$42.99</p><a href="https://www.amazon.com/dp/B0841NBX4Y?tag=eloabder-20&linkCode=osi&th=1&psc=1">View Product</a></div>
<div class="product"><a href="https://www.amazon.com/dp/B00004SGFW?tag=eloabder-20&linkCode=osi&th=1&psc=1"><img src="https://m.media-amazon.com/images/I/41VBlHn++3L._SL500_.jpg" alt="Product Image"></a><p>KitchenAid Classic Series 4.5 Quart Tilt-Head Stand Mixer K45SS, White</p><p> -10% 0FF </p><p>$297.99</p><a href="https://www.amazon.com/dp/B00004SGFW?tag=eloabder-20&linkCode=osi&th=1&psc=1">View Product</a></div><div class="product"><a href="https://www.amazon.com/dp/B09BVCPSBT?tag=eloabder-20&linkCode=osi&th=1&psc=1"><img src="https://m.media-amazon.com/images/I/41ApmT8ttnL._SL500_.jpg" alt="Product Image"></a><p>Kitchen in the box Stand Mixer,3.2Qt Small Electric Food Mixer,6 Speeds Portable Lightweight Kitchen Mixer for Daily Use with Egg Whisk,Dough Hook,Flat Beater (Black)</p><p> -20% 0FF </p><p>$79.99</p><a href="https://www.amazon.com/dp/B09BVCPSBT?tag=eloabder-20&linkCode=osi&th=1&psc=1">View Product</a></div><div class="product"><a href="https://www.amazon.com/dp/B09Y9LHFJ5?tag=eloabder-20&linkCode=osi&th=1&psc=1"><img src="https://m.media-amazon.com/images/I/31zHqTmCLdL._SL500_.jpg" alt="Product Image"></a><p>Hamilton Beach Classic Stand and Hand Mixer, 4 Quarts, 6 Speeds with QuickBurst, Bowl Rest, 290 Watts Peak Power, Blue (64658)</p><p> -13% 0FF </p><p>$45.99</p><a href="https://www.amazon.com/dp/B09Y9LHFJ5?tag=eloabder-20&linkCode=osi&th=1&psc=1">View Product</a></div><div class="product"><a href="https://www.amazon.com/dp/B01H7R1EJY?tag=eloabder-20&linkCode=osi&th=1&psc=1"><img src="https://m.media-amazon.com/images/I/41bfuTs0SXL._SL500_.jpg" alt="Product Image"></a><p>Cuisinart Stand Mixer, 12 Speed, 5.5 Quart Stainless Steel Bowl, Chef’s Whisk, Mixing Paddle, Dough Hook, Splash Guard w/ Pour Spout, White Linen, SM-50, Manual</p><p> -20% 0FF </p><p>$199.95 ($199.95 / Count)</p><a href="https://www.amazon.com/dp/B01H7R1EJY?tag=eloabder-20&linkCode=osi&th=1&psc=1">View Product</a></div><div class="product"><a href="https://www.amazon.com/dp/B01K2FQ4DE?tag=eloabder-20&linkCode=osi&th=1&psc=1"><img src="https://m.media-amazon.com/images/I/419VfH8b6OL._SL500_.jpg" alt="Product Image"></a><p>Cuisinart Stand Mixer, 12 Speeds, 5.5-Quart Mixing Bowl, Chef's Whisk, Flat Mixing Paddle, Dough Hook, and Splash Guard with Pour Spout, Silver Lining, SM-50BC, Silver Lining</p><p> -20% 0FF </p><p>$199.95 ($199.95 / Count)</p><a href="https://www.amazon.com/dp/B01K2FQ4DE?tag=eloabder-20&linkCode=osi&th=1&psc=1">View Product</a></div>
<div class="product"><a href="https://www.amazon.com/dp/B009VUHLHA?tag=eloabder-20&linkCode=osi&th=1&psc=1"><img src="https://m.media-amazon.com/images/I/3129GS2CaML._SL500_.jpg" alt="Product Image"></a><p>KitchenAid 5 Ultra Power Speed Hand Mixer - KHM512, Empire Red (1 Pack)</p><p> -25% 0FF </p><p>$44.99</p><a href="https://www.amazon.com/dp/B009VUHLHA?tag=eloabder-20&linkCode=osi&th=1&psc=1">View Product</a></div><div class="product"><a href="https://www.amazon.com/dp/B07DD385JN?tag=eloabder-20&linkCode=osi&th=1&psc=1"><img src="https://m.media-amazon.com/images/I/41dfQaFsuUL._SL500_.jpg" alt="Product Image"></a><p>OVENTE Portable 5 Speed Mixing Electric Hand Mixer with Stainless Steel Whisk Beater Attachments & Snap Storage Case, Compact Lightweight 150 Watt Powerful Blender for Baking & Cooking, Black HM151B</p><p> -32% 0FF </p><p>$16.99</p><a href="https://www.amazon.com/dp/B07DD385JN?tag=eloabder-20&linkCode=osi&th=1&psc=1">View Product</a></div><div class="product"><a href="https://www.amazon.com/dp/B0034A8C4O?tag=eloabder-20&linkCode=osi&th=1&psc=1"><img src="https://m.media-amazon.com/images/I/41t6hdU+x0L._SL500_.jpg" alt="Product Image"></a><p>Cuisinart HM-90S Power Advantage Plus 9-Speed Handheld Mixer with Storage Case, White</p><p> -25% 0FF </p><p>$59.95</p><a href="https://www.amazon.com/dp/B0034A8C4O?tag=eloabder-20&linkCode=osi&th=1&psc=1">View Product</a></div><div class="product"><a href="https://www.amazon.com/dp/B00O4XVV66?tag=eloabder-20&linkCode=osi&th=1&psc=1"><img src="https://m.media-amazon.com/images/I/41TAePDHOkL._SL500_.jpg" alt="Product Image"></a><p>Hamilton Beach Power Deluxe 6-Speed Electric Hand Mixer with Snap-On Storage Case, QuickBurst, Beaters, Whisk, Powerful 250 Watt Motor, Bowl Rest, Black (62692)</p><p> -8% 0FF </p><p>$22.99</p><a href="https://www.amazon.com/dp/B00O4XVV66?tag=eloabder-20&linkCode=osi&th=1&psc=1">View Product</a></div><div class="product"><a href="https://www.amazon.com/dp/B09JV6224Q?tag=eloabder-20&linkCode=osi&th=1&psc=1"><img src="https://m.media-amazon.com/images/I/41vUDKzR2aL._SL500_.jpg" alt="Product Image"></a><p>KitchenAid 6 Speed Hand Mixer with Flex Edge Beaters - KHM6118</p><p> -25% 0FF </p><p>$59.95</p><a href="https://www.amazon.com/dp/B09JV6224Q?tag=eloabder-20&linkCode=osi&th=1&psc=1">View Product</a></div><div class="product"><a href="https://www.amazon.com/dp/B0B397TM76?tag=eloabder-20&linkCode=osi&th=1&psc=1"><img src="https://m.media-amazon.com/images/I/41IGzC-belL._SL500_.jpg" alt="Product Image"></a><p>Yomelo 9-Speed Digital Hand Mixer Electric, 400W Powerful DC Motor, Baking Mixer Handheld with Snap-On Storage Case, Touch Button, Turbo Boost, Dough Hooks, Whisk (Ice Blue)</p><p> -20% 0FF </p><p>$39.97</p><a href="https://www.amazon.com/dp/B0B397TM76?tag=eloabder-20&linkCode=osi&th=1&psc=1">View Product</a></div>
<div class="product"><a href="https://www.amazon.com/dp/B07FNW57J7?tag=eloabder-20&linkCode=osi&th=1&psc=1"><img src="https://m.media-amazon.com/images/I/51FDxusQ0iL._SL500_.jpg" alt="Product Image"></a><p>Chefman Electric Kettle with Temperature Control, 5 Presets LED Indicator Lights, Removable Tea Infuser, Glass Tea Kettle & Hot Water Boiler, 360° Swivel Base, BPA Free, Stainless Steel, 1.8 Liters</p><p> -14% 0FF </p><p>$29.99</p><a href="https://www.amazon.com/dp/B07FNW57J7?tag=eloabder-20&linkCode=osi&th=1&psc=1">View Product</a></div><div class="product"><a href="https://www.amazon.com/dp/B0BNMRYJ1Q?tag=eloabder-20&linkCode=osi&th=1&psc=1"><img src="https://m.media-amazon.com/images/I/31K-SXluWdL._SL500_.jpg" alt="Product Image"></a><p>MEISON Electric Kettle, 1.7 L Double Wall Food Grade Stainless Steel Interior Water Boiler, Coffee Pot & Tea Kettle, Auto Shut-Off and Boil-Dry Protection, 1200W, 2 Year Warranty(Black)</p><p> -56% 0FF </p><p>$21.99</p><a href="https://www.amazon.com/dp/B0BNMRYJ1Q?tag=eloabder-20&linkCode=osi&th=1&psc=1">View Product</a></div>
<div class="product"><a href="https://www.amazon.com/dp/B07665GLFH?tag=eloabder-20&linkCode=osi&th=1&psc=1"><img src="https://m.media-amazon.com/images/I/41183-xnqRL._SL500_.jpg" alt="Product Image"></a><p>OVENTE Electric Deep Fryer 2 Liter Capacity, 1500 Watt Lid with Viewing Window and Odor Filter, Adjustable Temperature, Removable Frying Basket and Easy to Clean Stainless Steel Body, Silver FDM2201BR</p><p> -36% 0FF </p><p>$29.99</p><a href="https://www.amazon.com/dp/B07665GLFH?tag=eloabder-20&linkCode=osi&th=1&psc=1">View Product</a></div><div class="product"><a href="https://www.amazon.com/dp/B00NQ7QFGM?tag=eloabder-20&linkCode=osi&th=1&psc=1"><img src="https://m.media-amazon.com/images/I/411tBrsFTDL._SL500_.jpg" alt="Product Image"></a><p>T-fal 3.5L Stainless Steel Deep Fryer with Basket, 1700W, Oil Filtration, Temp Control, Digital Timer, Dishwasher Safe Parts</p><p> -9% 0FF </p><p>$117.99</p><a href="https://www.amazon.com/dp/B00NQ7QFGM?tag=eloabder-20&linkCode=osi&th=1&psc=1">View Product</a></div><div class="product"><a href="https://www.amazon.com/dp/B00N9TPNNI?tag=eloabder-20&linkCode=osi&th=1&psc=1"><img src="https://m.media-amazon.com/images/I/41dpJ-+eDML._SL500_.jpg" alt="Product Image"></a><p>Elite Gourmet EDF-401T Electric 4.5 Qt. / 17 Cup Immersion Deep Fryer 3-Baskets, 1700-Watt, Timer Control Adjustable Temperature, Lid with Viewing Window and Odor Free Filter</p><p> -11% 0FF </p><p>$53.44</p><a href="https://www.amazon.com/dp/B00N9TPNNI?tag=eloabder-20&linkCode=osi&th=1&psc=1">View Product</a></div><div class="product"><a href="https://www.amazon.com/dp/B07KJGR9JZ?tag=eloabder-20&linkCode=osi&th=1&psc=1"><img src="https://m.media-amazon.com/images/I/51Wl+RTXTML._SL500_.jpg" alt="Product Image"></a><p>Chefman 4.5 Liter Deep Fryer w/Basket Strainer, XL Jumbo Size, Adjustable Temperature & Timer, Perfect for Fried Chicken, Shrimp, French Fries, Chips & More, Removable Oil-Container, Stainless Steel</p><p> -14% 0FF </p><p>$59.99</p><a href="https://www.amazon.com/dp/B07KJGR9JZ?tag=eloabder-20&linkCode=osi&th=1&psc=1">View Product</a></div><div class="product"><a href="https://www.amazon.com/dp/B07TRNP5V7?tag=eloabder-20&linkCode=osi&th=1&psc=1"><img src="https://m.media-amazon.com/images/I/416X3E03X9L._SL500_.jpg" alt="Product Image"></a><p>National Presto 10-Quart Kitchen Kettle XL Multi-Cooker, Steamer, Black Deep-Fryer</p><p> -38% 0FF </p><p>$58.78</p><a href="https://www.amazon.com/dp/B07TRNP5V7?tag=eloabder-20&linkCode=osi&th=1&psc=1">View Product</a></div><div class="product"><a href="https://www.amazon.com/dp/B0B6D9739D?tag=eloabder-20&linkCode=osi&th=1&psc=1"><img src="https://m.media-amazon.com/images/I/41Dm+ZShvHL._SL500_.jpg" alt="Product Image"></a><p>Elite Gourmet EDF2100 Electric Immersion Deep Fryer Removable Basket Adjustable Temperature, Lid with Viewing Window and Odor Free Filter, 2 Quart / 8.2 cup</p><p> -8% 0FF </p><p>$34.99</p><a href="https://www.amazon.com/dp/B0B6D9739D?tag=eloabder-20&linkCode=osi&th=1&psc=1">View Product</a></div>
<div class="product"><a href="https://www.amazon.com/dp/B0CYBM2DFK?tag=eloabder-20&linkCode=osi&th=1&psc=1"><img src="https://m.media-amazon.com/images/I/51v84ZcytjL._SL500_.jpg" alt="Product Image"></a><p>Pukomc Electric Indoor Grill,2 in 1 Indoor Grills for Kitchen with Grill Net & Non-Stick Cooking Removable Plate, Temperature Control, Dishwasher Safe, 1500W Smokeless Grill</p><p> -11% 0FF </p><p>$49.99</p><a href="https://www.amazon.com/dp/B0CYBM2DFK?tag=eloabder-20&linkCode=osi&th=1&psc=1">View Product</a></div><div class="product"><a href="https://www.amazon.com/dp/B0778XLPB7?tag=eloabder-20&linkCode=osi&th=1&psc=1"><img src="https://m.media-amazon.com/images/I/41J7WwuJlYL._SL500_.jpg" alt="Product Image"></a><p>Cuisinart GR-5BP1 Electric Griddler FIVE, Enjoy 5-in-1 Functions, LCD Display, Wide Temperature Range and Sear Function, Stainless Steel</p><p> -17% 0FF </p><p>$99.95</p><a href="https://www.amazon.com/dp/B0778XLPB7?tag=eloabder-20&linkCode=osi&th=1&psc=1">View Product</a></div>
<div class="product"><a href="https://www.amazon.com/dp/B07MVN676J?tag=eloabder-20&linkCode=osi&th=1&psc=1"><img src="https://m.media-amazon.com/images/I/414mvfQwPdL._SL500_.jpg" alt="Product Image"></a><p>OVENTE Electric Sandwich Maker with Non-Stick Plates, Indicator Lights, Cool Touch Handle, Easy to Clean and Store, Perfect for Cooking Breakfast, Grilled Cheese, Tuna Melts and Snacks, Black GPS401B</p><p> -36% 0FF </p><p>$15.99</p><a href="https://www.amazon.com/dp/B07MVN676J?tag=eloabder-20&linkCode=osi&th=1&psc=1">View Product</a></div><div class="product"><a href="https://www.amazon.com/dp/B07B4ZFRC5?tag=eloabder-20&linkCode=osi&th=1&psc=1"><img src="https://m.media-amazon.com/images/I/41Mwee5EhWL._SL500_.jpg" alt="Product Image"></a><p>Hamilton Beach Electric Sealed Sandwich Maker Grill with PFAS-Free Nonstick Plates, Makes Stuffed French Toast, Omelets, Compact & Easy to Store, Black (25430G)</p><p> -7% 0FF </p><p>$20.49</p><a href="https://www.amazon.com/dp/B07B4ZFRC5?tag=eloabder-20&linkCode=osi&th=1&psc=1">View Product</a></div><div class="product"><a href="https://www.amazon.com/dp/B08B28SGFH?tag=eloabder-20&linkCode=osi&th=1&psc=1"><img src="https://m.media-amazon.com/images/I/31rHEytHAqL._SL500_.jpg" alt="Product Image"></a><p>Nostalgia MyMini Personal Sandwich Maker, Nonstick Panini Press, Pizza Pockets, Quesadillas, Mint Green</p><p> -17% 0FF </p><p>$14.99</p><a href="https://www.amazon.com/dp/B08B28SGFH?tag=eloabder-20&linkCode=osi&th=1&psc=1">View Product</a></div><div class="product"><a href="https://www.amazon.com/dp/B002YD99Y4?tag=eloabder-20&linkCode=osi&th=1&psc=1"><img src="https://m.media-amazon.com/images/I/41FEfCzAJ9L._SL500_.jpg" alt="Product Image"></a><p>Cuisinart Panini Press, Stainless Steel Griddler, Sandwich Maker & More, 5-IN-1, GR-4NP1</p><p> -20% 0FF </p><p>$79.95</p><a href="https://www.amazon.com/dp/B002YD99Y4?tag=eloabder-20&linkCode=osi&th=1&psc=1">View Product</a></div>
<div class="product"><a href="https://www.amazon.com/dp/B003HL1JZO?tag=eloabder-20&linkCode=osi&th=1&psc=1"><img src="https://m.media-amazon.com/images/I/41NQPUjC3hL._SL500_.jpg" alt="Product Image"></a><p>Hamilton Beach Belgian Mini Waffle Maker with Shade Control, Makes 2 at Once, Create Personalized Keto Chaffles and Hash Browns, Non-Stick Plates, Compact Design, Stainless Steel</p><p> -25% 0FF </p><p>$23.99</p><a href="https://www.amazon.com/dp/B003HL1JZO?tag=eloabder-20&linkCode=osi&th=1&psc=1">View Product</a></div><div class="product"><a href="https://www.amazon.com/dp/B01FYIAQA6?tag=eloabder-20&linkCode=osi&th=1&psc=1"><img src="https://m.media-amazon.com/images/I/51LjHkbLVyL._SL500_.jpg" alt="Product Image"></a><p>KRUPS: Waffle Maker, Stainless Steel, 4 Slices, 1200 Watts Square, 5 Browning Levels, Removable Plates, Dishwasher Safe, Belgian Waffle Silver and Black</p><p> -18% 0FF </p><p>$65.70</p><a href="https://www.amazon.com/dp/B01FYIAQA6?tag=eloabder-20&linkCode=osi&th=1&psc=1">View Product</a></div><div class="product"><a href="https://www.amazon.com/dp/B08ML7J5SG?tag=eloabder-20&linkCode=osi&th=1&psc=1"><img src="https://m.media-amazon.com/images/I/41c0iTegfQL._SL500_.jpg" alt="Product Image"></a><p>DASH No-Drip Waffle Maker - Four Waffle Molds, Nonstick Waffle Iron with Quick Heat-Up, Nonstick Surface - Perfect Waffle Maker for Kids and Families, Just Add Batter</p><p> -13% 0FF </p><p>$34.99</p><a href="https://www.amazon.com/dp/B08ML7J5SG?tag=eloabder-20&linkCode=osi&th=1&psc=1">View Product</a></div>
<div class="product"><a href="https://www.amazon.com/dp/B010TR1SMW?tag=eloabder-20&linkCode=osi&th=1&psc=1"><img src="https://m.media-amazon.com/images/I/51+Sr3R6eUL._SL500_.jpg" alt="Product Image"></a><p>Original Whirley Pop Popcorn Maker- Silver 6 Qt Aluminum Popcorn Maker with Metal Gear, Wabash Family Farms, With Included Good Time Guide</p><p> -44% 0FF </p><p>$19.99</p><a href="https://www.amazon.com/dp/B010TR1SMW?tag=eloabder-20&linkCode=osi&th=1&psc=1">View Product</a></div><div class="product"><a href="https://www.amazon.com/dp/B00KL8SM92?tag=eloabder-20&linkCode=osi&th=1&psc=1"><img src="https://m.media-amazon.com/images/I/41TLvq95xTL._SL500_.jpg" alt="Product Image"></a><p>West Bend Stir Crazy Popcorn Machine Electric Hot Oil Popper Includes Large Lid for Serving Bowl and Convenient Nesting Storage, 6-Quart, Red</p><p> -28% 0FF </p><p>$33.65</p><a href="https://www.amazon.com/dp/B00KL8SM92?tag=eloabder-20&linkCode=osi&th=1&psc=1">View Product</a></div><div class="product"><a href="https://www.amazon.com/dp/B01HRGJE88?tag=eloabder-20&linkCode=osi&th=1&psc=1"><img src="https://m.media-amazon.com/images/I/41hNl5eCgyS._SL500_.jpg" alt="Product Image"></a><p>West Bend Stir Crazy Movie Theater Popcorn Popper with Nonstick Popcorn Kettle, Measuring Tool and Popcorn Scoop for Gourmet Popcorn Machine , 4 Qt., Red</p><p> -25% 0FF </p><p>$60.24</p><a href="https://www.amazon.com/dp/B01HRGJE88?tag=eloabder-20&linkCode=osi&th=1&psc=1">View Product</a></div><div class="product"><a href="https://www.amazon.com/dp/B0C43XTHC6?tag=eloabder-20&linkCode=osi&th=1&psc=1"><img src="https://m.media-amazon.com/images/I/418qLhEayLL._SL500_.jpg" alt="Product Image"></a><p>Presto 04811 PopLite My Munch Hot Air Popcorn Popper - Personal Sized, Built-In Serving Bowl, Compact Design, 8 Cups, Blue</p><p> -13% 0FF </p><p>$34.99</p><a href="https://www.amazon.com/dp/B0C43XTHC6?tag=eloabder-20&linkCode=osi&th=1&psc=1">View Product</a></div>
<div class="product"><a href="https://www.amazon.com/dp/B08QXB9BH5?tag=eloabder-20&linkCode=osi&th=1&psc=1"><img src="https://m.media-amazon.com/images/I/3114JA1oLJL._SL500_.jpg" alt="Product Image"></a><p>Ninja NC301 CREAMi Ice Cream Maker, for Gelato, Mix-ins, Milkshakes, Sorbet, Smoothie Bowls & More, 7 One-Touch Programs, with (2) Pint Containers & Lids, Compact Size, Perfect for Kids, Silver</p><p> -22% 0FF </p><p>$179.99</p><a href="https://www.amazon.com/dp/B08QXB9BH5?tag=eloabder-20&linkCode=osi&th=1&psc=1">View Product</a></div><div class="product"><a href="https://www.amazon.com/dp/B0B9CZ6XBQ?tag=eloabder-20&linkCode=osi&th=1&psc=1"><img src="https://m.media-amazon.com/images/I/41FrbCLAa8L._SL500_.jpg" alt="Product Image"></a><p>Ninja CREAMi Deluxe 11-in-1 Ice Cream & Frozen Treat Maker for Ice Cream, Sorbet, Milkshakes, Frozen Yogurt, & More, 11 Programs, XL Capacity, Silver, Includes (2) Family-Sized 24 oz. Tubs</p><p> -12% 0FF </p><p>$219.95</p><a href="https://www.amazon.com/dp/B0B9CZ6XBQ?tag=eloabder-20&linkCode=osi&th=1&psc=1">View Product</a></div>
<div class="product"><a href="https://www.amazon.com/dp/B07C8V4FDR?tag=eloabder-20&linkCode=osi&th=1&psc=1"><img src="https://m.media-amazon.com/images/I/41-2gch534L._SL500_.jpg" alt="Product Image"></a><p>Cuisinart Bread Maker Machine, Compact and Automatic, Customizable Settings, Up to 2lb Loaves, CBK-110P1, Silver,Black</p><p> -23% 0FF </p><p>$99.95</p><a href="https://www.amazon.com/dp/B07C8V4FDR?tag=eloabder-20&linkCode=osi&th=1&psc=1">View Product</a></div><div class="product"><a href="https://www.amazon.com/dp/B09RYYGJXR?tag=eloabder-20&linkCode=osi&th=1&psc=1"><img src="https://m.media-amazon.com/images/I/31Nti+QxbGL._SL500_.jpg" alt="Product Image"></a><p>Elite Gourmet EBM8103M Programmable Bread Maker Machine 3 Loaf Sizes, 19 Menu Functions Gluten Free White Wheat Rye French and more, 2 Lbs, Mint</p><p> -13% 0FF </p><p>$64.97</p><a href="https://www.amazon.com/dp/B09RYYGJXR?tag=eloabder-20&linkCode=osi&th=1&psc=1">View Product</a></div><div class="product"><a href="https://www.amazon.com/dp/B07BYXHYLY?tag=eloabder-20&linkCode=osi&th=1&psc=1"><img src="https://m.media-amazon.com/images/I/51oB-JofaaL._SL500_.jpg" alt="Product Image"></a><p>KBS Pro Stainless Steel Bread Machine, 2LB 17-in-1 Programmable XL Bread Maker with Fruit Nut Dispenser, Nonstick Ceramic Pan& Digital Touch Panel, 3 Loaf Sizes 3 Crust Colors, Reserve& Keep Warm Set</p><p> -21% 0FF </p><p>$149.96</p><a href="https://www.amazon.com/dp/B07BYXHYLY?tag=eloabder-20&linkCode=osi&th=1&psc=1">View Product</a></div><div class="product"><a href="https://www.amazon.com/dp/B087FB8SCK?tag=eloabder-20&linkCode=osi&th=1&psc=1"><img src="https://m.media-amazon.com/images/I/41HIsBOmQJL._SL500_.jpg" alt="Product Image"></a><p>KITCHENARM 29-in-1 SMART Bread Machine with Gluten Free Setting 2LB 1.5LB 1LB Bread Maker Machine with Homemade Cycle - Stainless Steel Breadmaker with Recipes Whole Wheat Bread Making Machine</p><p> -11% 0FF </p><p>$114.97</p><a href="https://www.amazon.com/dp/B087FB8SCK?tag=eloabder-20&linkCode=osi&th=1&psc=1">View Product</a></div><div class="product"><a href="https://www.amazon.com/dp/B07ZQ711SW?tag=eloabder-20&linkCode=osi&th=1&psc=1"><img src="https://m.media-amazon.com/images/I/41XD-2f77RL._SL500_.jpg" alt="Product Image"></a><p>KBS 17-in-1 Bread Maker-Dual Heaters, 710W Machine Stainless Steel with Gluten-Free, Dough Maker,Jam,Yogurt PROG, Auto Nut Dispenser,Ceramic Pan& Touch Panel, 3 Loaf Sizes 3 Crust Colors,Recipes</p><p> -20% 0FF </p><p>$159.99</p><a href="https://www.amazon.com/dp/B07ZQ711SW?tag=eloabder-20&linkCode=osi&th=1&psc=1">View Product</a></div><div class="product"><a href="https://www.amazon.com/dp/B08SKFPMBG?tag=eloabder-20&linkCode=osi&th=1&psc=1"><img src="https://m.media-amazon.com/images/I/41GbafaeBYL._SL500_.jpg" alt="Product Image"></a><p>Briskind 19-in-1 Compact Bread Maker Machine, 1.5 lb / 1 lb Loaf Small Breadmaker with Carrying Handle, Including Gluten Free, Dough, Jam, Yogurt Menus, Bake Evenly, Automatic Keep Warm, 3 Crust Color</p><p> -25% 0FF </p><p>$89.75</p><a href="https://www.amazon.com/dp/B08SKFPMBG?tag=eloabder-20&linkCode=osi&th=1&psc=1">View Product</a></div><div class="product"><a href="https://www.amazon.com/dp/B07D82LJ4Q?tag=eloabder-20&linkCode=osi&th=1&psc=1"><img src="https://m.media-amazon.com/images/I/41i3kbapguL._SL500_.jpg" alt="Product Image"></a><p>West Bend 47413 Hi-Rise Programmable Bread Maker Machine with Horizontal Dual Blade and 12 Programs, Including Gluten Free Mode, 3 Lb, Gray</p><p> -30% 0FF </p><p>$87.68</p><a href="https://www.amazon.com/dp/B07D82LJ4Q?tag=eloabder-20&linkCode=osi&th=1&psc=1">View Product</a></div>
<div class="product"><a href="https://www.amazon.com/dp/B0BR8HZL9V?tag=eloabder-20&linkCode=osi&th=1&psc=1"><img src="https://m.media-amazon.com/images/I/315cLuabx0L._SL500_.jpg" alt="Product Image"></a><p>Ninja JC151 NeverClog Cold Press Juicer, Powerful Slow Juicer with Total Pulp Control, Countertop, Electric, 2 Pulp Functions, Dishwasher Safe, 2nd Generation, Charcoal</p><p> -23% 0FF </p><p>$99.99</p><a href="https://www.amazon.com/dp/B0BR8HZL9V?tag=eloabder-20&linkCode=osi&th=1&psc=1">View Product</a></div><div class="product"><a href="https://www.amazon.com/dp/B0DJ7QML7K?tag=eloabder-20&linkCode=osi&th=1&psc=1"><img src="https://m.media-amazon.com/images/I/410TN+TUghL._SL500_.jpg" alt="Product Image"></a><p>Cold Press Juicer, 400w Slow Juicer Machines with 5.4" Wide Feed Chute, Masticating Juicer with High Juice Yield for Whole Vegetables & Fruits</p><p> -77% 0FF </p><p>$139.98</p><a href="https://www.amazon.com/dp/B0DJ7QML7K?tag=eloabder-20&linkCode=osi&th=1&psc=1">View Product</a></div><div class="product"><a href="https://www.amazon.com/dp/B0DBH5LC1M?tag=eloabder-20&linkCode=osi&th=1&psc=1"><img src="https://m.media-amazon.com/images/I/41p0ebtD3PL._SL500_.jpg" alt="Product Image"></a><p>Masticating Juicer, 350W Slow Cold Press Juicer with 5.8" Extra-Large Feeding Chute, Juicer Machines for Whole Fruits and Vegetables, Easy to Clean with Brush</p><p> -77% 0FF </p><p>$149.99</p><a href="https://www.amazon.com/dp/B0DBH5LC1M?tag=eloabder-20&linkCode=osi&th=1&psc=1">View Product</a></div><div class="product"><a href="https://www.amazon.com/dp/B0C99W1Z9Q?tag=eloabder-20&linkCode=osi&th=1&psc=1"><img src="https://m.media-amazon.com/images/I/41ds5gec49L._SL500_.jpg" alt="Product Image"></a><p>Magic Bullet Mini Juicer with Cup Black</p><p> -17% 0FF </p><p>$49.99</p><a href="https://www.amazon.com/dp/B0C99W1Z9Q?tag=eloabder-20&linkCode=osi&th=1&psc=1">View Product</a></div><div class="product"><a href="https://www.amazon.com/dp/B0CBS6HVSY?tag=eloabder-20&linkCode=osi&th=1&psc=1"><img src="https://m.media-amazon.com/images/I/41lmBoVvM1L._SL500_.jpg" alt="Product Image"></a><p>Cold Press Juicer, Amumu Slow Masticating Machines with 5.4" Extra Large Feed Chute Fit Whole Fruits & Vegetables Easy Clean Self Feeding Effortless for Batch Juicing, High Juice Yield, BPA Free 250W</p><p> -84% 0FF </p><p>$139.99</p><a href="https://www.amazon.com/dp/B0CBS6HVSY?tag=eloabder-20&linkCode=osi&th=1&psc=1">View Product</a></div><div class="product"><a href="https://www.amazon.com/dp/B0B4F9NSN5?tag=eloabder-20&linkCode=osi&th=1&psc=1"><img src="https://m.media-amazon.com/images/I/41HdCERLiNL._SL500_.jpg" alt="Product Image"></a><p>Elite Gourmet Masticating Juicer Machines, 12-inch Juicer, Masticating Cold Press Juicer Machines, Juicer for Vegetables and Fruits, Easy to Clean Juicer, Charcoal Grey</p><p> -31% 0FF </p><p>$34.49</p><a href="https://www.amazon.com/dp/B0B4F9NSN5?tag=eloabder-20&linkCode=osi&th=1&psc=1">View Product</a></div><div class="product"><a href="https://www.amazon.com/dp/B0DCG5Y8QN?tag=eloabder-20&linkCode=osi&th=1&psc=1"><img src="https://m.media-amazon.com/images/I/41+givs3UpL._SL500_.jpg" alt="Product Image"></a><p>AMZCHEF Cold Press Juicer, Juicer Machines - 5.2" Large Feed Chute for Whole Fruits & Vegetables, Stainless Steel Slow Masticating Juicer Easy to Clean, Large Auger, Double Strainers, Silver</p><p> -30% 0FF </p><p>$139.99</p><a href="https://www.amazon.com/dp/B0DCG5Y8QN?tag=eloabder-20&linkCode=osi&th=1&psc=1">View Product</a></div><div class="product"><a href="https://www.amazon.com/dp/B0DKHPRPC3?tag=eloabder-20&linkCode=osi&th=1&psc=1"><img src="https://m.media-amazon.com/images/I/41lpEOGVh0L._SL500_.jpg" alt="Product Image"></a><p>Cold Press Juicer, Masticating Juicer with 5.4" Wide Feed Chute, 350w Slow Juicer Machines Fit Whole Vegetables and Fruits,Juice Extractor Machine with High Juice Yield, Easy to Clean(Black)</p><p> -30% 0FF </p><p>$139.99</p><a href="https://www.amazon.com/dp/B0DKHPRPC3?tag=eloabder-20&linkCode=osi&th=1&psc=1">View Product</a></div>
<div class="product"><a href="https://www.amazon.com/dp/B006SODTTQ?tag=eloabder-20&linkCode=osi&th=1&psc=1"><img src="https://m.media-amazon.com/images/I/31namjfhGVL._SL500_.jpg" alt="Product Image"></a><p>nutribullet Baby BSR-0801N Turbo Food Steamer</p><p> -19% 0FF </p><p>$32.54</p><a href="https://www.amazon.com/dp/B006SODTTQ?tag=eloabder-20&linkCode=osi&th=1&psc=1">View Product</a></div><div class="product"><a href="https://www.amazon.com/dp/B0831SCHG8?tag=eloabder-20&linkCode=osi&th=1&psc=1"><img src="https://m.media-amazon.com/images/I/413VC6sZL1L._SL500_.jpg" alt="Product Image"></a><p>OVENTE 2 Tier Electric Food Steamer for Cooking Vegetables, Stainless Steel Base, Stackable and Dishwasher Safe Baskets, 400W with Auto Shutoff and 60-Minute Timer, 5 Quart Capacity, Silver FS62S</p><p> -24% 0FF </p><p>$24.99</p><a href="https://www.amazon.com/dp/B0831SCHG8?tag=eloabder-20&linkCode=osi&th=1&psc=1">View Product</a></div><div class="product"><a href="https://www.amazon.com/dp/B07H789X8M?tag=eloabder-20&linkCode=osi&th=1&psc=1"><img src="https://m.media-amazon.com/images/I/41HqkL3gJcL._SL500_.jpg" alt="Product Image"></a><p>Secura 2 Stainless Steel Food Steamer 8.5 Qt Electric Glass Lid Vegetable Steamer Double Tiered Stackable Baskets with Timer</p><p> -20% 0FF </p><p>$109.99</p><a href="https://www.amazon.com/dp/B07H789X8M?tag=eloabder-20&linkCode=osi&th=1&psc=1">View Product</a></div>
<div class="product"><a href="https://www.amazon.com/dp/B07L85NN3T?tag=eloabder-20&linkCode=osi&th=1&psc=1"><img src="https://m.media-amazon.com/images/I/31iMBZdBNVL._SL500_.jpg" alt="Product Image"></a><p>IMUSA USA GAU-18202 4 Cup Espresso/Cappuccino Maker,120 volts, Black</p><p> -25% 0FF </p><p>$29.99</p><a href="https://www.amazon.com/dp/B07L85NN3T?tag=eloabder-20&linkCode=osi&th=1&psc=1">View Product</a></div><div class="product"><a href="https://www.amazon.com/dp/B0D5QY4PY9?tag=eloabder-20&linkCode=osi&th=1&psc=1"><img src="https://m.media-amazon.com/images/I/41nFnfr1ZEL._SL500_.jpg" alt="Product Image"></a><p>CHULUX Kom-Pro Espresso Machine 20 Bar, Semi Automatic Stainless Steel Coffee Machine for Home Latte Cappuccino Espresso Maker, Powerful Milk Frother Steam Wand</p><p> -21% 0FF </p><p>$98.99</p><a href="https://www.amazon.com/dp/B0D5QY4PY9?tag=eloabder-20&linkCode=osi&th=1&psc=1">View Product</a></div><div class="product"><a href="https://www.amazon.com/dp/B0C3F2S53N?tag=eloabder-20&linkCode=osi&th=1&psc=1"><img src="https://m.media-amazon.com/images/I/415fcoCOhfL._SL500_.jpg" alt="Product Image"></a><p>Nespresso Vertuo Pop+ Deluxe Coffee and Espresso Machine by De'Longhi, 120 Volts, Silver</p><p> -27% 0FF </p><p>$109.00</p><a href="https://www.amazon.com/dp/B0C3F2S53N?tag=eloabder-20&linkCode=osi&th=1&psc=1">View Product</a></div><div class="product"><a href="https://www.amazon.com/dp/B0CPJ2XTXF?tag=eloabder-20&linkCode=osi&th=1&psc=1"><img src="https://m.media-amazon.com/images/I/41jHRzdDKAL._SL500_.jpg" alt="Product Image"></a><p>CHULUX Kompatto Espresso Machine 20 Bar with Milk Frother, Stainless Steel Automatic Espresso Coffee Machine for Home Latte & Cappuccino Maker, 40oz Removable Water Tank, 1350W</p><p> -25% 0FF </p><p>$89.99</p><a href="https://www.amazon.com/dp/B0CPJ2XTXF?tag=eloabder-20&linkCode=osi&th=1&psc=1">View Product</a></div><div class="product"><a href="https://www.amazon.com/dp/B0CZ6HQKZD?tag=eloabder-20&linkCode=osi&th=1&psc=1"><img src="https://m.media-amazon.com/images/I/51RRtyCyZlL._SL500_.jpg" alt="Product Image"></a><p>Ihomekee Espresso machine, CM6822 15 Bar Coffee Maker for Cappuccino and Latte Maker With Milk Frother, Removable Water Tank, Fast Heating Coffee Machine for Home, Office</p><p> -11% 0FF </p><p>$79.99</p><a href="https://www.amazon.com/dp/B0CZ6HQKZD?tag=eloabder-20&linkCode=osi&th=1&psc=1">View Product</a></div>
<div class="product"><a href="https://www.amazon.com/dp/B00C8C5I8M?tag=eloabder-20&linkCode=osi&th=1&psc=1"><img src="https://m.media-amazon.com/images/I/21w0+TOUozL._SL500_.jpg" alt="Product Image"></a><p>Elite Gourmet EDB-302BF Countertop Double Cast Iron Burner, 1500 Watts Electric Hot Plate, Temperature Controls, Power Indicator Lights, Easy to Clean, Black</p><p> -24% 0FF </p><p>$27.99</p><a href="https://www.amazon.com/dp/B00C8C5I8M?tag=eloabder-20&linkCode=osi&th=1&psc=1">View Product</a></div><div class="product"><a href="https://www.amazon.com/dp/B08V43S4MJ?tag=eloabder-20&linkCode=osi&th=1&psc=1"><img src="https://m.media-amazon.com/images/I/31fI1bV+ApL._SL500_.jpg" alt="Product Image"></a><p>OVENTE Countertop Infrared Single Burner, 1000W Electric Hot Plate with 7” Ceramic Glass Cooktop, 5 Level Temperature Setting & Easy to Clean Base, Compact Stove for Home Dorm Office, Black BGI101B</p><p> -29% 0FF </p><p>$24.99</p><a href="https://www.amazon.com/dp/B08V43S4MJ?tag=eloabder-20&linkCode=osi&th=1&psc=1">View Product</a></div><div class="product"><a href="https://www.amazon.com/dp/B07D71TD67?tag=eloabder-20&linkCode=osi&th=1&psc=1"><img src="https://m.media-amazon.com/images/I/317DTFZe0AL._SL500_.jpg" alt="Product Image"></a><p>CUSIMAX Electric Hot Plate for Cooking Portable Single Burner 1500W Cast Iron hot plates Heat-up in Seconds Adjustable Temperature Control Stainless Steel Non-Slip Rubber Feet Upgraded Version B101</p><p> -30% 0FF </p><p>$41.96</p><a href="https://www.amazon.com/dp/B07D71TD67?tag=eloabder-20&linkCode=osi&th=1&psc=1">View Product</a></div><div class="product"><a href="https://www.amazon.com/dp/B08QMP7VD3?tag=eloabder-20&linkCode=osi&th=1&psc=1"><img src="https://m.media-amazon.com/images/I/41OrKZIVmpL._SL500_.jpg" alt="Product Image"></a><p>Mueller RapidTherm Portable Induction Cooktop, Hot Plate Electric Stove Top Burner 1800W, 8 Temp Levels up to 460°F, Auto-Off & Pot Detection, LED Display, Child Lock, 4 Programs, Burners for Cooking</p><p> -10% 0FF </p><p>$53.97</p><a href="https://www.amazon.com/dp/B08QMP7VD3?tag=eloabder-20&linkCode=osi&th=1&psc=1">View Product</a></div><div class="product"><a href="https://www.amazon.com/dp/B0007QCRNU?tag=eloabder-20&linkCode=osi&th=1&psc=1"><img src="https://m.media-amazon.com/images/I/31-Ehn2oohL._SL500_.jpg" alt="Product Image"></a><p>Aroma Housewares AHP-303 Single Burner Hot Plate, Metal, Black</p><p> -9% 0FF </p><p>$18.21</p><a href="https://www.amazon.com/dp/B0007QCRNU?tag=eloabder-20&linkCode=osi&th=1&psc=1">View Product</a></div><div class="product"><a href="https://www.amazon.com/dp/B08WR5VF24?tag=eloabder-20&linkCode=osi&th=1&psc=1"><img src="https://m.media-amazon.com/images/I/41z751CI4eL._SL500_.jpg" alt="Product Image"></a><p>OVENTE Electric Countertop Single Burner, 1000W Cooktop with 7.25 Inch Cast Iron Hot Plate, 5 Level Temperature Control, Compact Cooking Stove and Easy to Clean Stainless Steel Base, Silver BGS101S</p><p> -7% 0FF </p><p>$24.99</p><a href="https://www.amazon.com/dp/B08WR5VF24?tag=eloabder-20&linkCode=osi&th=1&psc=1">View Product</a></div>
<div class="product"><a href="https://www.amazon.com/dp/B01GD1JSZM?tag=eloabder-20&linkCode=osi&th=1&psc=1"><img src="https://m.media-amazon.com/images/I/31SlYF1eXnL._SL500_.jpg" alt="Product Image"></a><p>Presto 16-Inch Electric Skillet, Grey Ceramic</p><p> -26% 0FF </p><p>$48.90</p><a href="https://www.amazon.com/dp/B01GD1JSZM?tag=eloabder-20&linkCode=osi&th=1&psc=1">View Product</a></div><div class="product"><a href="https://www.amazon.com/dp/B00FJ3NSCK?tag=eloabder-20&linkCode=osi&th=1&psc=1"><img src="https://m.media-amazon.com/images/I/31+AWuZl9ML._SL500_.jpg" alt="Product Image"></a><p>BELLA Electric Skillet and Frying Pan with Glass Lid, Nonstick Coating, Cool Touch Handles, Removable Heating Probe, Dishwasher Safe, 12 x 12 inch, Black</p><p> -23% 0FF </p><p>$26.99</p><a href="https://www.amazon.com/dp/B00FJ3NSCK?tag=eloabder-20&linkCode=osi&th=1&psc=1">View Product</a></div><div class="product"><a href="https://www.amazon.com/dp/B004PEIY9G?tag=eloabder-20&linkCode=osi&th=1&psc=1"><img src="https://m.media-amazon.com/images/I/31oFk81gjbL._SL500_.jpg" alt="Product Image"></a><p>BLACK+DECKER Electric Skillet, Variable Temperature Control, Nonstick Cooking Surface, Dishwasher Safe, Tempered Glass Lid, 12"x15"</p><p> -7% 0FF </p><p>$46.39</p><a href="https://www.amazon.com/dp/B004PEIY9G?tag=eloabder-20&linkCode=osi&th=1&psc=1">View Product</a></div>
<div class="product"><a href="https://www.amazon.com/dp/B07K1FCZLF?tag=eloabder-20&linkCode=osi&th=1&psc=1"><img src="https://m.media-amazon.com/images/I/41A489usqJL._SL500_.jpg" alt="Product Image"></a><p>OVENTE Electric Griddle with 16 x 10 Inch Flat Non-Stick Cooking Surface, Adjustable Thermostat, Essential Indoor Grill for Instant Breakfast Pancakes Burgers Eggs, Black GD1610B</p><p> -6% 0FF </p><p>$21.02</p><a href="https://www.amazon.com/dp/B07K1FCZLF?tag=eloabder-20&linkCode=osi&th=1&psc=1">View Product</a></div><div class="product"><a href="https://www.amazon.com/dp/B01G7DM7X6?tag=eloabder-20&linkCode=osi&th=1&psc=1"><img src="https://m.media-amazon.com/images/I/31MeKzHffDL._SL500_.jpg" alt="Product Image"></a><p>Presto 07062-22-Inch Ceramic Removable Handles Electric Griddle, 22 Inch, Black</p><p> -13% 0FF </p><p>$51.99</p><a href="https://www.amazon.com/dp/B01G7DM7X6?tag=eloabder-20&linkCode=osi&th=1&psc=1">View Product</a></div><div class="product"><a href="https://www.amazon.com/dp/B0765XJ31G?tag=eloabder-20&linkCode=osi&th=1&psc=1"><img src="https://m.media-amazon.com/images/I/31QCHjFop2L._SL500_.jpg" alt="Product Image"></a><p>BLACK+DECKER 8-Serving Electric Griddle, GD2051B, Non-Stick Cooking Surface, Warming Tray, Removable Drip Tray, Family Sized</p><p> -26% 0FF </p><p>$40.72 ($40.72 / Count)</p><a href="https://www.amazon.com/dp/B0765XJ31G?tag=eloabder-20&linkCode=osi&th=1&psc=1">View Product</a></div><div class="product"><a href="https://www.amazon.com/dp/B0BH9DK283?tag=eloabder-20&linkCode=osi&th=1&psc=1"><img src="https://m.media-amazon.com/images/I/41PvXG2lP0L._SL500_.jpg" alt="Product Image"></a><p>BELLA Electric Griddle & Flat Grill with Nonstick Large Cooking Surface and Removable Probe for Eggs, Tortillas, Pancake and more, 10.5" x 20", Black</p><p> -34% 0FF </p><p>$19.78</p><a href="https://www.amazon.com/dp/B0BH9DK283?tag=eloabder-20&linkCode=osi&th=1&psc=1">View Product</a></div><div class="product"><a href="https://www.amazon.com/dp/B0051XSIO6?tag=eloabder-20&linkCode=osi&th=1&psc=1"><img src="https://m.media-amazon.com/images/I/41xVHW6OqdL._SL500_.jpg" alt="Product Image"></a><p>Presto 07047 Cool Touch Electric Griddle</p><p> -18% 0FF </p><p>$36.73</p><a href="https://www.amazon.com/dp/B0051XSIO6?tag=eloabder-20&linkCode=osi&th=1&psc=1">View Product</a></div>
<div class="product"><a href="https://www.amazon.com/dp/B01FLR0ET8?tag=eloabder-20&linkCode=osi&th=1&psc=1"><img src="https://m.media-amazon.com/images/I/41Vqjrj43GL._SL500_.jpg" alt="Product Image"></a><p>Duxtop Portable Induction Cooktop Burner, Induction Hot Plate with LCD Sensor Touch 1800 Watts, Silver 9600LS/BT-200DZ</p><p> -28% 0FF </p><p>$109.29</p><a href="https://www.amazon.com/dp/B01FLR0ET8?tag=eloabder-20&linkCode=osi&th=1&psc=1">View Product</a></div><div class="product"><a href="https://www.amazon.com/dp/B0C7HL4GHP?tag=eloabder-20&linkCode=osi&th=1&psc=1"><img src="https://m.media-amazon.com/images/I/41-D+rnAOVL._SL500_.jpg" alt="Product Image"></a><p>Nuwave Precision Induction Cooktop Gold, 12” Shatter-Proof Ceramic Glass Surface, Large 8” Heating Coil, Portable, 51Temp Settings 100°F to 575°F, 3 Wattage Settings 600, 900, and 1500 Watts</p><p> -10% 0FF </p><p>$89.99</p><a href="https://www.amazon.com/dp/B0C7HL4GHP?tag=eloabder-20&linkCode=osi&th=1&psc=1">View Product</a></div><div class="product"><a href="https://www.amazon.com/dp/B0045QEPYM?tag=eloabder-20&linkCode=osi&th=1&psc=1"><img src="https://m.media-amazon.com/images/I/41cdyP4hsFL._SL500_.jpg" alt="Product Image"></a><p>Duxtop 1800W Portable Induction Cooktop Countertop Burner, Gold 8100MC/BT-180G3</p><p> -15% 0FF </p><p>$62.99</p><a href="https://www.amazon.com/dp/B0045QEPYM?tag=eloabder-20&linkCode=osi&th=1&psc=1">View Product</a></div><div class="product"><a href="https://www.amazon.com/dp/B0BSG6JTC1?tag=eloabder-20&linkCode=osi&th=1&psc=1"><img src="https://m.media-amazon.com/images/I/41DhHtBXtUL._SL500_.jpg" alt="Product Image"></a><p>Nuwave Double Induction Cooktop, Powerful 1800W, 2 Large 8” Heating Coils, Independent Controls, 94 Temp Settings from 100°F to 575°F in 5°F Increments, 2 x 11.5” Shatter-Proof Ceramic Glass Surface</p><p> -13% 0FF </p><p>$200.31</p><a href="https://www.amazon.com/dp/B0BSG6JTC1?tag=eloabder-20&linkCode=osi&th=1&psc=1">View Product</a></div><div class="product"><a href="https://www.amazon.com/dp/B0B4J6PXPN?tag=eloabder-20&linkCode=osi&th=1&psc=1"><img src="https://m.media-amazon.com/images/I/41kump2F4aL._SL500_.jpg" alt="Product Image"></a><p>ChangBERT Induction Cooktop, Commercial Grade Portable Cooker, Large 8” Heating Coil, 18/10 Stainless Steel Countertop Burner with NSF Certified, 10 Hours Timer, Powerful 1800W Professional Hot Plate</p><p> -23% 0FF </p><p>$119.99</p><a href="https://www.amazon.com/dp/B0B4J6PXPN?tag=eloabder-20&linkCode=osi&th=1&psc=1">View Product</a></div>
<div class="product"><a href="https://www.amazon.com/dp/B09Q88QQHL?tag=eloabder-20&linkCode=osi&th=1&psc=1"><img src="https://m.media-amazon.com/images/I/41cDQKq5xXL._SL500_.jpg" alt="Product Image"></a><p>Gevi One-Touch Button Electric Coffee Grinder Coffee Bean Grinder for Coffee Espresso Latte Mochas, Noiseless Operation Coffee Serving Sets</p><p> -22% 0FF </p><p>$12.99 ($12.99 / 1)</p><a href="https://www.amazon.com/dp/B09Q88QQHL?tag=eloabder-20&linkCode=osi&th=1&psc=1">View Product</a></div><div class="product"><a href="https://www.amazon.com/dp/B079PMWD1B?tag=eloabder-20&linkCode=osi&th=1&psc=1"><img src="https://m.media-amazon.com/images/I/41bLrL-p8jL._SL500_.jpg" alt="Product Image"></a><p>Secura Electric Coffee Grinder and Spice Grinder with 2 Stainless Steel Blades Removable Bowls</p><p> -27% 0FF </p><p>$39.99</p><a href="https://www.amazon.com/dp/B079PMWD1B?tag=eloabder-20&linkCode=osi&th=1&psc=1">View Product</a></div><div class="product"><a href="https://www.amazon.com/dp/B07LG33LV3?tag=eloabder-20&linkCode=osi&th=1&psc=1"><img src="https://m.media-amazon.com/images/I/415qB6lyWgL._SL500_.jpg" alt="Product Image"></a><p>SHARDOR Coffee Grinder Electric, Spice Grinder Electric, Herb Grinder, Grinder for Coffee Bean Spices and Seeds with 2 Removable Stainless Steel Bowls, Black</p><p> -15% 0FF </p><p>$39.99</p><a href="https://www.amazon.com/dp/B07LG33LV3?tag=eloabder-20&linkCode=osi&th=1&psc=1">View Product</a></div><div class="product"><a href="https://www.amazon.com/dp/B00LU2I46E?tag=eloabder-20&linkCode=osi&th=1&psc=1"><img src="https://m.media-amazon.com/images/I/51eoYTzS22L._SL500_.jpg" alt="Product Image"></a><p>BLACK+DECKER 12-Cup Mill and Brew Coffe Maker, CM5000B, 24-Hour Programble, Built-in Grinder, Sneak-A-Cup, Permanent Washable Fitler</p><p> -20% 0FF </p><p>$79.99</p><a href="https://www.amazon.com/dp/B00LU2I46E?tag=eloabder-20&linkCode=osi&th=1&psc=1">View Product</a></div>
<div class="product"><a href="https://www.amazon.com/dp/B07GK7XKJK?tag=eloabder-20&linkCode=osi&th=1&psc=1"><img src="https://m.media-amazon.com/images/I/41MydiUACIL._SL500_.jpg" alt="Product Image"></a><p>KitchenAid KSMMGA Metal Food Grinder Attachment, Silver</p><p> -25% 0FF </p><p>$74.95</p><a href="https://www.amazon.com/dp/B07GK7XKJK?tag=eloabder-20&linkCode=osi&th=1&psc=1">View Product</a></div><div class="product"><a href="https://www.amazon.com/dp/B0CFXXGRLX?tag=eloabder-20&linkCode=osi&th=1&psc=1"><img src="https://m.media-amazon.com/images/I/41C1H8gjr9L._SL500_.jpg" alt="Product Image"></a><p>Electric Meat Grinder, Sausage Stuffer Maker 450W(3000W Max) Food Grinder with Blade & 3 Plates, Sausage Stuffer Tubes & Kubbe Kit, Stainless Steel Heavy Duty Meat Mincer Machine for Home Kitchen Use</p><p> -14% 0FF </p><p>$69.99</p><a href="https://www.amazon.com/dp/B0CFXXGRLX?tag=eloabder-20&linkCode=osi&th=1&psc=1">View Product</a></div><div class="product"><a href="https://www.amazon.com/dp/B0DCVND85W?tag=eloabder-20&linkCode=osi&th=1&psc=1"><img src="https://m.media-amazon.com/images/I/41P1HRElb0L._SL500_.jpg" alt="Product Image"></a><p>AAOBOSI Meat Grinder, 4-In-1 Meat Grinder Electric [2800W Max] with 3 Slice, Shred Blades,2 Blades,4 Plates,Sausage Stuffer,Kubbe Kit, for Home Kitchen Use, Stainless Steel</p><p> -9% 0FF </p><p>$99.99</p><a href="https://www.amazon.com/dp/B0DCVND85W?tag=eloabder-20&linkCode=osi&th=1&psc=1">View Product</a></div><div class="product"><a href="https://www.amazon.com/dp/B08GHFBX7P?tag=eloabder-20&linkCode=osi&th=1&psc=1"><img src="https://m.media-amazon.com/images/I/41go97GVl0L._SL500_.jpg" alt="Product Image"></a><p>Electric Meat Grinder, Heavy Duty Meat Mincer, Sausage Stuffer Maker, Food Grinder with Sausage & Kubbe Kit, 2 Grinder Plates, Stainless Steel (Black)</p><p> -22% 0FF </p><p>$69.99</p><a href="https://www.amazon.com/dp/B08GHFBX7P?tag=eloabder-20&linkCode=osi&th=1&psc=1">View Product</a></div>
<div class="product"><a href="https://www.amazon.com/dp/B0BXXKFJK2?tag=eloabder-20&linkCode=osi&th=1&psc=1"><img src="https://m.media-amazon.com/images/I/41WmZf5IgvL._SL500_.jpg" alt="Product Image"></a><p>Silonn Ice Maker Countertop, Portable Ice Machine with Carry Handle, Self-Cleaning Ice Makers with Basket and Scoop, 9 Cubes in 6 Mins, 26 lbs per Day, Ideal for Home, Kitchen, Camping, RV</p><p> -6% 0FF </p><p>$103.02</p><a href="https://www.amazon.com/dp/B0BXXKFJK2?tag=eloabder-20&linkCode=osi&th=1&psc=1">View Product</a></div><div class="product"><a href="https://www.amazon.com/dp/B0DBHN7WSN?tag=eloabder-20&linkCode=osi&th=1&psc=1"><img src="https://m.media-amazon.com/images/I/411SrTdFoYL._SL500_.jpg" alt="Product Image"></a><p>Nugget Ice Makers Countertop with Soft Chewable Pellet Ice, 7 Mins Ice Making, 35.5Lbs/24Hrs, Pebble Ice Maker Machine with Self-Cleaning/Ice Basket/Ice Scoop for Home/Office/Bar, Black</p><p> -12% 0FF </p><p>$149.00</p><a href="https://www.amazon.com/dp/B0DBHN7WSN?tag=eloabder-20&linkCode=osi&th=1&psc=1">View Product</a></div><div class="product"><a href="https://www.amazon.com/dp/B08ZYJ8CRX?tag=eloabder-20&linkCode=osi&th=1&psc=1"><img src="https://m.media-amazon.com/images/I/41oHlJFaHrL._SL500_.jpg" alt="Product Image"></a><p>Silonn Ice Maker Countertop, 9 Cubes Ready in 6 Mins, 26lbs in 24Hrs, Self-Cleaning Ice Machine with Ice Scoop and Basket, 2 Sizes of Bullet Ice for Home Kitchen Office Bar Party</p><p> -23% 0FF </p><p>$84.98</p><a href="https://www.amazon.com/dp/B08ZYJ8CRX?tag=eloabder-20&linkCode=osi&th=1&psc=1">View Product</a></div><div class="product"><a href="https://www.amazon.com/dp/B0964BF4N7?tag=eloabder-20&linkCode=osi&th=1&psc=1"><img src="https://m.media-amazon.com/images/I/41P6Pg4IlDL._SL500_.jpg" alt="Product Image"></a><p>GE Profile Opal 2.0 with 0.75 Gallon Tank, Chewable Crunchable Countertop Nugget Ice Maker, Scoop included, 38 lbs in 24 hours, Pellet Ice Machine with WiFi & Smart Connected, Stainless Steel</p><p> -19% 0FF </p><p>$487.00</p><a href="https://www.amazon.com/dp/B0964BF4N7?tag=eloabder-20&linkCode=osi&th=1&psc=1">View Product</a></div><div class="product"><a href="https://www.amazon.com/dp/B004VV8GOQ?tag=eloabder-20&linkCode=osi&th=1&psc=1"><img src="https://m.media-amazon.com/images/I/417MZhHcvfL._SL500_.jpg" alt="Product Image"></a><p>Frigidaire EFIC103-AMZ-SC Counter Top Maker with Over-Sized Ice Bucket, Stainless Steel, Self Cleaning Function, Heavy Duty, Stainless</p><p> -31% 0FF </p><p>$89.96</p><a href="https://www.amazon.com/dp/B004VV8GOQ?tag=eloabder-20&linkCode=osi&th=1&psc=1">View Product</a></div><div class="product"><a href="https://www.amazon.com/dp/B0CNVL19YJ?tag=eloabder-20&linkCode=osi&th=1&psc=1"><img src="https://m.media-amazon.com/images/I/415SM2A141L._SL500_.jpg" alt="Product Image"></a><p>AGLUCKY Ice Makers Countertop with Handle,26.5Lbs/24H,9 Cubes in 6 Mins,2 Sizes of Bullet Ice,Portable Ice Maker Machine with Self-Cleaning,Perfect for Home Kitchen(Black)</p><p> -11% 0FF </p><p>$79.99</p><a href="https://www.amazon.com/dp/B0CNVL19YJ?tag=eloabder-20&linkCode=osi&th=1&psc=1">View Product</a></div><div class="product"><a href="https://www.amazon.com/dp/B0BPSW1K11?tag=eloabder-20&linkCode=osi&th=1&psc=1"><img src="https://m.media-amazon.com/images/I/41+T7GsSO2L._SL500_.jpg" alt="Product Image"></a><p>Countertop Ice Maker, Ice Maker Machine 6 Mins 9 Ice, 26.5lbs/24Hrs, Portable Ice Maker Machine with Self-Cleaning, Ice Scoop, and Basket, Compact Ice Maker for Home/Kitchen/Office/Party</p><p> -10% 0FF </p><p>$89.99</p><a href="https://www.amazon.com/dp/B0BPSW1K11?tag=eloabder-20&linkCode=osi&th=1&psc=1">View Product</a></div>
<div class="product"><a href="https://www.amazon.com/dp/B08K93NJP8?tag=eloabder-20&linkCode=osi&th=1&psc=1"><img src="https://m.media-amazon.com/images/I/41RhvK8Yd4L._SL500_.jpg" alt="Product Image"></a><p>ROVSUN 18 Bottle Wine Fridge, Freestanding Compressor Wine Cooler Refrigerator, Beverage Wine Chiller with Digital Temperature Control & Double-layer Glass Door for Red White Wine, Champagne, Beer</p><p> -11% 0FF </p><p>$169.99</p><a href="https://www.amazon.com/dp/B08K93NJP8?tag=eloabder-20&linkCode=osi&th=1&psc=1">View Product</a></div><div class="product"><a href="https://www.amazon.com/dp/B00QSJRSM0?tag=eloabder-20&linkCode=osi&th=1&psc=1"><img src="https://m.media-amazon.com/images/I/31Ugidkf02L._SL500_.jpg" alt="Product Image"></a><p>Koolatron 6 Bottle Refrigerator Black Thermoelectric Wine cooler Freestanding Wine Cellar Red White and Sparkling Wine fridge Ideal for Small Kitchens Apartments RVs</p><p> -35% 0FF </p><p>$129.99</p><a href="https://www.amazon.com/dp/B00QSJRSM0?tag=eloabder-20&linkCode=osi&th=1&psc=1">View Product</a></div><div class="product"><a href="https://www.amazon.com/dp/B00QSJRR4Y?tag=eloabder-20&linkCode=osi&th=1&psc=1"><img src="https://m.media-amazon.com/images/I/41UPTwoGc7L._SL500_.jpg" alt="Product Image"></a><p>Koolatron 20 Bottle Refrigerator Wine Cooler Black Thermoelectric Wine Fridge Under Counter Wine Cellar for Red White Sparkling Wine Storage in Home Bar Apartment</p><p> -33% 0FF </p><p>$199.99</p><a href="https://www.amazon.com/dp/B00QSJRR4Y?tag=eloabder-20&linkCode=osi&th=1&psc=1">View Product</a></div><div class="product"><a href="https://www.amazon.com/dp/B0CQYFQKFX?tag=eloabder-20&linkCode=osi&th=1&psc=1"><img src="https://m.media-amazon.com/images/I/41ckgpC+TLL._SL500_.jpg" alt="Product Image"></a><p>Kalamera Mini Fridge 24” Beverage and Wine Cooler Built-in or Freestanding - 118 Cans & 16 Bottles Capacity Wine Refrigerator Cooler</p><p> -20% 0FF </p><p>$479.98</p><a href="https://www.amazon.com/dp/B0CQYFQKFX?tag=eloabder-20&linkCode=osi&th=1&psc=1">View Product</a></div>
<div class="product"><a href="https://www.amazon.com/dp/B0CHW317SG?tag=eloabder-20&linkCode=osi&th=1&psc=1"><img src="https://m.media-amazon.com/images/I/41KZKC5wMwL._SL500_.jpg" alt="Product Image"></a><p>EUHOMY 48 Can Beverage Refrigerator cooler-Mini Fridge Glass Door for Beer Drinks Wines, Countertop Beverage Fridge with Adjustable Shelves Blue LED for Home/Office/Dorm/Bar, 1.3 cu.ft</p><p> -20% 0FF </p><p>$116.09</p><a href="https://www.amazon.com/dp/B0CHW317SG?tag=eloabder-20&linkCode=osi&th=1&psc=1">View Product</a></div><div class="product"><a href="https://www.amazon.com/dp/B0DGLF3KJY?tag=eloabder-20&linkCode=osi&th=1&psc=1"><img src="https://m.media-amazon.com/images/I/51GSGBxBzSL._SL500_.jpg" alt="Product Image"></a><p>Zibbizo Upgraded Mini Fridge for Bedroom 3.2 Cu.Ft Small Refrigerator with Freezer for Dorm Office, Compact Single Door Adjustable Thermostat Low Noise, 17.5" D x 17.7" W x 31.5" H, Black</p><p> -10% 0FF </p><p>$134.99</p><a href="https://www.amazon.com/dp/B0DGLF3KJY?tag=eloabder-20&linkCode=osi&th=1&psc=1">View Product</a></div><div class="product"><a href="https://www.amazon.com/dp/B08NQ5CPPG?tag=eloabder-20&linkCode=osi&th=1&psc=1"><img src="https://m.media-amazon.com/images/I/31t78TW8XCL._SL500_.jpg" alt="Product Image"></a><p>Frigidaire EFMIS175 Retro 9-Can Mini Personal Fridge Portable Cooler for Car, Office, Bedroom, Dorm Room, or Cabin, 11.8"D x 7.1"W x 10.1"H, Pink</p><p> -17% 0FF </p><p>$33.13</p><a href="https://www.amazon.com/dp/B08NQ5CPPG?tag=eloabder-20&linkCode=osi&th=1&psc=1">View Product</a></div><div class="product"><a href="https://www.amazon.com/dp/B09DTM1NZW?tag=eloabder-20&linkCode=osi&th=1&psc=1"><img src="https://m.media-amazon.com/images/I/311losY-FFL._SL500_.jpg" alt="Product Image"></a><p>FRIGIDAIRE Black EFR176- AMZ Retro Mini Refrigerator-Energy Saving-Adjustable Thermostat Control-Side Mounted Bottle Opener-Ideal for Dorm, Office, RV, Garage, Apartment 1.6 Cubic Feet</p><p> -12% 0FF </p><p>$123.14</p><a href="https://www.amazon.com/dp/B09DTM1NZW?tag=eloabder-20&linkCode=osi&th=1&psc=1">View Product</a></div>
<div class="product"><a href="https://www.amazon.com/dp/B000EW7LGA?tag=eloabder-20&linkCode=osi&th=1&psc=1"><img src="https://m.media-amazon.com/images/I/31RD0Qf0CyL._SL500_.jpg" alt="Product Image"></a><p>InSinkErator Badger 5XP Garbage Disposal, Standard Series 3/4 HP Continuous Feed Food Waste Disposer, Black / Stainless</p><p> -56% 0FF </p><p>$119.99</p><a href="https://www.amazon.com/dp/B000EW7LGA?tag=eloabder-20&linkCode=osi&th=1&psc=1">View Product</a></div><div class="product"><a href="https://www.amazon.com/dp/B000LNIK6C?tag=eloabder-20&linkCode=osi&th=1&psc=1"><img src="https://m.media-amazon.com/images/I/41r60mVDVjL._SL500_.jpg" alt="Product Image"></a><p>Waste King 1/2 HP Garbage Disposal with Power Cord for Kitchen Sink Food Waste, L-1001</p><p> -11% 0FF </p><p>$78.03</p><a href="https://www.amazon.com/dp/B000LNIK6C?tag=eloabder-20&linkCode=osi&th=1&psc=1">View Product</a></div><div class="product"><a href="https://www.amazon.com/dp/B00004U9JO?tag=eloabder-20&linkCode=osi&th=1&psc=1"><img src="https://m.media-amazon.com/images/I/31rMP7d81sL._SL500_.jpg" alt="Product Image"></a><p>InSinkErator Badger 5 Garbage Disposal, Standard Series 1/2 HP Continuous Feed Food Waste Disposer, Black, Set of 1</p><p> -41% 0FF </p><p>$115.96</p><a href="https://www.amazon.com/dp/B00004U9JO?tag=eloabder-20&linkCode=osi&th=1&psc=1">View Product</a></div><div class="product"><a href="https://www.amazon.com/dp/B0CDMH8PVY?tag=eloabder-20&linkCode=osi&th=1&psc=1"><img src="https://m.media-amazon.com/images/I/31LFQmfgZHL._SL500_.jpg" alt="Product Image"></a><p>InSinkErator EVOLUTION 0.75HP 3/4 HP, Advanced Series EZ Connect Continuous Feed Food Waste Garbage Disposal, Gray</p><p> -41% 0FF </p><p>$235.42</p><a href="https://www.amazon.com/dp/B0CDMH8PVY?tag=eloabder-20&linkCode=osi&th=1&psc=1">View Product</a></div><div class="product"><a href="https://www.amazon.com/dp/B0CDMH72DY?tag=eloabder-20&linkCode=osi&th=1&psc=1"><img src="https://m.media-amazon.com/images/I/311HrVUr9jL._SL500_.jpg" alt="Product Image"></a><p>InSinkErator Power 1HP, 1 HP Garbage Disposal, Power Series EZ Connect Continuous Feed Food Waste Disposer, Black</p><p> -44% 0FF </p><p>$199.36</p><a href="https://www.amazon.com/dp/B0CDMH72DY?tag=eloabder-20&linkCode=osi&th=1&psc=1">View Product</a></div>
<div class="product"><a href="https://www.amazon.com/dp/B07RSZSYNC?tag=eloabder-20&linkCode=osi&th=1&psc=1"><img src="https://m.media-amazon.com/images/I/41R-l5eAIuL._SL500_.jpg" alt="Product Image"></a><p>LEVOIT Core 300-P Air Purifier Replacement Filter, 3-In-1 Filter, Efficiency Activated Carbon, Core 300-RF, 1 Pack, White</p><p> -20% 0FF </p><p>$23.99</p><a href="https://www.amazon.com/dp/B07RSZSYNC?tag=eloabder-20&linkCode=osi&th=1&psc=1">View Product</a></div>
<div class="product"><a href="https://www.amazon.com/dp/B07T2TYPSB?tag=eloabder-20&linkCode=osi&th=1&psc=1"><img src="https://m.media-amazon.com/images/I/41ZBBLMHatL._SL500_.jpg" alt="Product Image"></a><p>Schneider Industries Micro Vacuum Attachment 7 Piece Kit</p><p> -37% 0FF </p><p>$8.87</p><a href="https://www.amazon.com/dp/B07T2TYPSB?tag=eloabder-20&linkCode=osi&th=1&psc=1">View Product</a></div><div class="product"><a href="https://www.amazon.com/dp/B000BSJCLY?tag=eloabder-20&linkCode=osi&th=1&psc=1"><img src="https://m.media-amazon.com/images/I/41AoF04bprL._SL500_.jpg" alt="Product Image"></a><p>Schneider Industries Micro Vacuum Attachment 7 Piece Kit, 0.5 Liters, Black</p><p> -27% 0FF </p><p>$9.95</p><a href="https://www.amazon.com/dp/B000BSJCLY?tag=eloabder-20&linkCode=osi&th=1&psc=1">View Product</a></div><div class="product"><a href="https://www.amazon.com/dp/B0CRN52G7Z?tag=eloabder-20&linkCode=osi&th=1&psc=1"><img src="https://m.media-amazon.com/images/I/41DuITrcwkL._SL500_.jpg" alt="Product Image"></a><p>KUIFORTI Ironing Board Covers Standard Size Cute Sewing Machine Pattern Ironing Board Covers with Padding Novelty Gifts for Tailor Seamstress Iron Board Cover Replacement</p><p> -19% 0FF </p><p>$12.99</p><a href="https://www.amazon.com/dp/B0CRN52G7Z?tag=eloabder-20&linkCode=osi&th=1&psc=1">View Product</a></div><div class="product"><a href="https://www.amazon.com/dp/B09LM5F3TM?tag=eloabder-20&linkCode=osi&th=1&psc=1"><img src="https://m.media-amazon.com/images/I/31V8xl2YzoL._SL500_.jpg" alt="Product Image"></a><p>JUKI A9838-090-0A0 JUKI Professional Sewing Machine Zipper Press</p><p> -5% 0FF </p><p>$9.48</p><a href="https://www.amazon.com/dp/B09LM5F3TM?tag=eloabder-20&linkCode=osi&th=1&psc=1">View Product</a></div>
<div class="product"><a href="https://www.amazon.com/dp/B0932K1LR7?tag=eloabder-20&linkCode=osi&th=1&psc=1"><img src="https://m.media-amazon.com/images/I/21feg31K-AS._SL500_.jpg" alt="Product Image"></a><p>LG Styler Steam Closet | Clothes Steamer for Garments and Household Item Care | Sanitize, Deodorize, Freshen & Dry with Steam Technology & Moving Hangers| Easy Install | Wi-Fi enabled| Mirror (S3MFBN)</p><p> -12% 0FF </p><p>$1,495.00</p><a href="https://www.amazon.com/dp/B0932K1LR7?tag=eloabder-20&linkCode=osi&th=1&psc=1">View Product</a></div><div class="product"><a href="https://www.amazon.com/dp/B0CDN1RB64?tag=eloabder-20&linkCode=osi&th=1&psc=1"><img src="https://m.media-amazon.com/images/I/31piNYNA75L._SL500_.jpg" alt="Product Image"></a><p>LG Styler Steam Closet with TrueSteam Technology and Exclusive Moving Hangers (S5WBC), Cream White</p><p> -32% 0FF </p><p>$1,298.00</p><a href="https://www.amazon.com/dp/B0CDN1RB64?tag=eloabder-20&linkCode=osi&th=1&psc=1">View Product</a></div><div class="product"><a href="https://www.amazon.com/dp/B0C55F8L9V?tag=eloabder-20&linkCode=osi&th=1&psc=1"><img src="https://m.media-amazon.com/images/I/31WVZxkPdLL._SL500_.jpg" alt="Product Image"></a><p>Garment Steamer Ironing Gloves and Garment hanger for steaming clothes,Steam rack for clothes,Handheld garment steamer rack,Clothes hanger for steam ironing</p><p> -10% 0FF </p><p>$26.99</p><a href="https://www.amazon.com/dp/B0C55F8L9V?tag=eloabder-20&linkCode=osi&th=1&psc=1">View Product</a></div>

<div class="product"><a href="https://www.amazon.com/dp/B0C2CJWJKJ?tag=eloabder-20&linkCode=osi&th=1&psc=1"><img src="https://m.media-amazon.com/images/I/51RVoLJhhmL._SL500_.jpg" alt="Product Image"></a><p>Metal Pasta Maker Attachment for KitchenAid Mixers -Kitchen aid Mixer Accessories Pasta Attachment 3-in-1 Includes Pasta Roller, Spaghetti Cutter, and Fettuccine Cutter</p><p> -11% 0FF </p><p>$79.99</p><a href="https://www.amazon.com/dp/B0C2CJWJKJ?tag=eloabder-20&linkCode=osi&th=1&psc=1">View Product</a></div><div class="product"><a href="https://www.amazon.com/dp/B01ENK4UV2?tag=eloabder-20&linkCode=osi&th=1&psc=1"><img src="https://m.media-amazon.com/images/I/314A-DNnPtL._SL500_.jpg" alt="Product Image"></a><p>KitchenAid KSMPEXTA Gourmet Pasta Press Attachment with 6 Interchangeable Pasta Plates, White</p><p> -23% 0FF </p><p>$169.99</p><a href="https://www.amazon.com/dp/B01ENK4UV2?tag=eloabder-20&linkCode=osi&th=1&psc=1">View Product</a></div><div class="product"><a href="https://www.amazon.com/dp/B0D41P1V2X?tag=eloabder-20&linkCode=osi&th=1&psc=1"><img src="https://m.media-amazon.com/images/I/41HVCvDVCtL._SL500_.jpg" alt="Product Image"></a><p>FavorKit Pasta Maker Attachment 3 in 1 Set Compatible for KitchenAid Mixers Plus Hub Knob Screw Accessory Included Pasta Sheet Roller, Spaghetti Cutter, Fettuccine Cutter and Cleaning Brush</p><p> -45% 0FF </p><p>$59.99</p><a href="https://www.amazon.com/dp/B0D41P1V2X?tag=eloabder-20&linkCode=osi&th=1&psc=1">View Product</a></div><div class="product"><a href="https://www.amazon.com/dp/B08LX43YVF?tag=eloabder-20&linkCode=osi&th=1&psc=1"><img src="https://m.media-amazon.com/images/I/311wopN+2tL._SL500_.jpg" alt="Product Image"></a><p>Cuisinart Bread, Pasta & Dough Maker Machine, White, PM-1</p><p> -28% 0FF </p><p>$143.99</p><a href="https://www.amazon.com/dp/B08LX43YVF?tag=eloabder-20&linkCode=osi&th=1&psc=1">View Product</a></div><div class="product"><a href="https://www.amazon.com/dp/B0DJMC1XJ8?tag=eloabder-20&linkCode=osi&th=1&psc=1"><img src="https://m.media-amazon.com/images/I/31xmE4brazL._SL500_.jpg" alt="Product Image"></a><p>Pasta Maker Attachment for KitchenAid Stand Mixers with 6 Different Shapes of Pasta Outlet, Durable Pasta Press Attachments</p><p> -44% 0FF </p><p>$49.99</p><a href="https://www.amazon.com/dp/B0DJMC1XJ8?tag=eloabder-20&linkCode=osi&th=1&psc=1">View Product</a></div>
<div class="product"><a href="https://www.amazon.com/dp/B0BQ9F56WV?tag=eloabder-20&linkCode=osi&th=1&psc=1"><img src="https://m.media-amazon.com/images/I/41B6Pr8rUVL._SL500_.jpg" alt="Product Image"></a><p>Anova Culinary Sous Vide Precision Cooker 3.0 (WiFi), 1100 Watts</p><p> -40% 0FF </p><p>$119.00</p><a href="https://www.amazon.com/dp/B0BQ9F56WV?tag=eloabder-20&linkCode=osi&th=1&psc=1">View Product</a></div><div class="product"><a href="https://www.amazon.com/dp/B09BJ5VGM4?tag=eloabder-20&linkCode=osi&th=1&psc=1"><img src="https://m.media-amazon.com/images/I/31lWAHFnoYL._SL500_.jpg" alt="Product Image"></a><p>Sous Vide Machines, Immersion Circulators, Precision Cooker, with Recipe,Temperature and Time Digital Display Control, 1000W</p><p> -17% 0FF </p><p>$49.77</p><a href="https://www.amazon.com/dp/B09BJ5VGM4?tag=eloabder-20&linkCode=osi&th=1&psc=1">View Product</a></div><div class="product"><a href="https://www.amazon.com/dp/B07RNWJZNR?tag=eloabder-20&linkCode=osi&th=1&psc=1"><img src="https://m.media-amazon.com/images/I/51RpzG8PCdL._SL500_.jpg" alt="Product Image"></a><p>Inkbird WIFI Sous Vide Machine ISV-100W, 1000 Watts Sous-Vide Cooker Immersion Circulator with 14 Preset Recipes on APP & Calibration Function, Thermal Immersion, Fast-Heating with Timer |Best Gift</p><p> -21% 0FF </p><p>$69.49</p><a href="https://www.amazon.com/dp/B07RNWJZNR?tag=eloabder-20&linkCode=osi&th=1&psc=1">View Product</a></div><div class="product"><a href="https://www.amazon.com/dp/B07QFC6LN6?tag=eloabder-20&linkCode=osi&th=1&psc=1"><img src="https://m.media-amazon.com/images/I/41XFRVF7U4L._SL500_.jpg" alt="Product Image"></a><p>Anova Culinary Sous Vide Precision Cooker Pro, 1200 Watts, Black and Silver</p><p> -42% 0FF </p><p>$231.50</p><a href="https://www.amazon.com/dp/B07QFC6LN6?tag=eloabder-20&linkCode=osi&th=1&psc=1">View Product</a></div><div class="product"><a href="https://www.amazon.com/dp/B0C384T4P2?tag=eloabder-20&linkCode=osi&th=1&psc=1"><img src="https://m.media-amazon.com/images/I/217eMQhOaUL._SL500_.jpg" alt="Product Image"></a><p>Breville the Joule Turbo Sous Vide Machine, Sous Vide Cooker, Immersion Circulator, BSV600PSS, Polished Stainless Steel</p><p> -20% 0FF </p><p>$199.99</p><a href="https://www.amazon.com/dp/B0C384T4P2?tag=eloabder-20&linkCode=osi&th=1&psc=1">View Product</a></div><div class="product"><a href="https://www.amazon.com/dp/B08S316BZ8?tag=eloabder-20&linkCode=osi&th=1&psc=1"><img src="https://m.media-amazon.com/images/I/419Nj871gPL._SL500_.jpg" alt="Product Image"></a><p>Greater Goods Kitchen Sous Vide Machine - Precision Cooker, Immersion Circulator, Brushless Motor, 1100 Watts (Onyx Black)</p><p> -23% 0FF </p><p>$99.99</p><a href="https://www.amazon.com/dp/B08S316BZ8?tag=eloabder-20&linkCode=osi&th=1&psc=1">View Product</a></div><div class="product"><a href="https://www.amazon.com/dp/B0BK12LRCM?tag=eloabder-20&linkCode=osi&th=1&psc=1"><img src="https://m.media-amazon.com/images/I/415kAnZQbQL._SL500_.jpg" alt="Product Image"></a><p>KitchenBoss WIFI Sous Vide Cooker: Ultra-Quiet Sous-vide Cooking Machine 1100 Watts Stainless Steel Immersion Circulator for Kitchen with TFT Preset Recipes, Black</p><p> -24% 0FF </p><p>$135.99</p><a href="https://www.amazon.com/dp/B0BK12LRCM?tag=eloabder-20&linkCode=osi&th=1&psc=1">View Product</a></div>
<div class="product"><a href="https://www.amazon.com/dp/B089DCC9JR?tag=eloabder-20&linkCode=osi&th=1&psc=1"><img src="https://m.media-amazon.com/images/I/413t3P7zaRL._SL500_.jpg" alt="Product Image"></a><p>Navaris Electric Plate Warmer - 10 Plate Blanket Heater Pockets for Warming Dinner Plates to 165 Degrees in 10 Minutes - Thin Folding Design - Black</p><p> -8% 0FF </p><p>$33.99</p><a href="https://www.amazon.com/dp/B089DCC9JR?tag=eloabder-20&linkCode=osi&th=1&psc=1">View Product</a></div>
<div class="product"><a href="https://www.amazon.com/dp/B0C1N9PFXT?tag=eloabder-20&linkCode=osi&th=1&psc=1"><img src="https://m.media-amazon.com/images/I/51iiV--e5wL._SL500_.jpg" alt="Product Image"></a><p>Christmas Stove Top Covers, Extra Large Stove Top Cover for Electric, Anti-Slip Waterproof Mat for Glass Stove Top Protector Heat Resistant Square Pad Multipurpose Foldable Cooktop Cover</p><p> -8% 0FF </p><p>$23.99</p><a href="https://www.amazon.com/dp/B0C1N9PFXT?tag=eloabder-20&linkCode=osi&th=1&psc=1">View Product</a></div>

<div class="product"><a href="https://www.amazon.com/dp/B0932ZV12J?tag=eloabder-20&linkCode=osi&th=1&psc=1"><img src="https://m.media-amazon.com/images/I/41qhisDRAIL._SL500_.jpg" alt="Product Image"></a><p>TP01 True HEPA Replacement Filter Compatible with Dyson Tower Purifier Pure Cool Link TP01, TP02, TP03, AM11, BP01 Models, Compare to Part 968126-03, 2 Pack</p><p> -15% 0FF </p><p>$27.95 ($13.98 / Count)</p><a href="https://www.amazon.com/dp/B0932ZV12J?tag=eloabder-20&linkCode=osi&th=1&psc=1">View Product</a></div><div class="product"><a href="https://www.amazon.com/dp/B0D6D5Q5L2?tag=eloabder-20&linkCode=osi&th=1&psc=1"><img src="https://m.media-amazon.com/images/I/21URyRtgElL._SL500_.jpg" alt="Product Image"></a><p>Lasko Filter Replacement 3 Pack for DST100 Pinnacle Tower Fan, Plant-Based Filters, Remove Hair, Dust, VOCs and Odors from Home, Black, 21”, CXF42</p><p> -9% 0FF </p><p>$13.57 ($4.52 / Count)</p><a href="https://www.amazon.com/dp/B0D6D5Q5L2?tag=eloabder-20&linkCode=osi&th=1&psc=1">View Product</a></div><div class="product"><a href="https://www.amazon.com/dp/B0C16KXRNH?tag=eloabder-20&linkCode=osi&th=1&psc=1"><img src="https://m.media-amazon.com/images/I/41WJFefZ4ZL._SL500_.jpg" alt="Product Image"></a><p>Amalfy 2 Pack of 360° Glass HEPA Filter Replacement Compatible with Dyson Pure Cool Link TP01/TP02 Purifying Tower Fan, Dyson Pure Cool Me BP01 Personal Purifying Fan</p><p> -7% 0FF </p><p>$26.88 ($13.44 / Count)</p><a href="https://www.amazon.com/dp/B0C16KXRNH?tag=eloabder-20&linkCode=osi&th=1&psc=1">View Product</a></div><div class="product"><a href="https://www.amazon.com/dp/B0BR59XXWM?tag=eloabder-20&linkCode=osi&th=1&psc=1"><img src="https://m.media-amazon.com/images/I/41tUzZA5emL._SL500_.jpg" alt="Product Image"></a><p>Netezza TP01 HEPA Filter for Dyson,Replacement Filter for Dyson Tower Purifier Pure Cool Link TP01, TP02, TP03, AM11, BP01 Tower Air Purifier, Compare to Part 968126-03,2 Pack</p><p> -20% 0FF </p><p>$21.99 ($11.00 / Count)</p><a href="https://www.amazon.com/dp/B0BR59XXWM?tag=eloabder-20&linkCode=osi&th=1&psc=1">View Product</a></div>
<div class="product"><a href="https://www.amazon.com/dp/B07NQ7SX96?tag=eloabder-20&linkCode=osi&th=1&psc=1"><img src="https://m.media-amazon.com/images/I/31Mp+dZaF4L._SL500_.jpg" alt="Product Image"></a><p>Lutron Pico Smart Remote for Caseta Smart Fan Speed Control, PJ2-3BRL-GIV-F01, Ivory</p><p> -25% 0FF </p><p>$25.45</p><a href="https://www.amazon.com/dp/B07NQ7SX96?tag=eloabder-20&linkCode=osi&th=1&psc=1">View Product</a></div>
<div class="product"><a href="https://www.amazon.com/dp/B08G1MTK16?tag=eloabder-20&linkCode=osi&th=1&psc=1"><img src="https://m.media-amazon.com/images/I/41SAcC6OyGL._SL500_.jpg" alt="Product Image"></a><p>Dotlite Bronze Ceiling Fan Pull Chain Set, Decorative Fan Pull Chain Pendant Extension, 12 Inches Lighting & Fan Beaded Ball Chain Extender with Connector (2 Pack)</p><p> -30% 0FF </p><p>$6.99 ($3.50 / Count)</p><a href="https://www.amazon.com/dp/B08G1MTK16?tag=eloabder-20&linkCode=osi&th=1&psc=1">View Product</a></div>
<div class="product"><a href="https://www.amazon.com/dp/B0924J3XJ5?tag=eloabder-20&linkCode=osi&th=1&psc=1"><img src="https://m.media-amazon.com/images/I/21TiicLaafL._SL500_.jpg" alt="Product Image"></a><p>Comfee' CVU30W2AST 30 Inch Ducted Ductless Vent Durable Stainless Steel Kitchen Reusable Filter, 200 CFM, 2 Speed Exhaust Fan Under Cabinet Range Hood</p><p> -22% 0FF </p><p>$69.99</p><a href="https://www.amazon.com/dp/B0924J3XJ5?tag=eloabder-20&linkCode=osi&th=1&psc=1">View Product</a></div><div class="product"><a href="https://www.amazon.com/dp/B00QW2CUGC?tag=eloabder-20&linkCode=osi&th=1&psc=1"><img src="https://m.media-amazon.com/images/I/51evCHlA3yL._SL500_.jpg" alt="Product Image"></a><p>Broan-NuTone S97012026 Fan</p><p> -32% 0FF </p><p>$33.99</p><a href="https://www.amazon.com/dp/B00QW2CUGC?tag=eloabder-20&linkCode=osi&th=1&psc=1">View Product</a></div><div class="product"><a href="https://www.amazon.com/dp/B09JZZJ2Y1?tag=eloabder-20&linkCode=osi&th=1&psc=1"><img src="https://m.media-amazon.com/images/I/41fdKM9nvxL._SL500_.jpg" alt="Product Image"></a><p>Broan-NuTone PM300SS Custom Power Pack Range Hood Insert with 2-Speed Exhaust Fan and Light, 300 Max Blower CFM, Stainless Steel, 21-Inch Built</p><p> -7% 0FF </p><p>$203.10</p><a href="https://www.amazon.com/dp/B09JZZJ2Y1?tag=eloabder-20&linkCode=osi&th=1&psc=1">View Product</a></div><div class="product"><a href="https://www.amazon.com/dp/B000KKO6E6?tag=eloabder-20&linkCode=osi&th=1&psc=1"><img src="https://m.media-amazon.com/images/I/31t4veALoUL._SL500_.jpg" alt="Product Image"></a><p>Broan-NuTone F403623 Exhaust Fan for Under Cabinet Two-Speed Four-Way Range Hood, 36-Inch, Black</p><p> -15% 0FF </p><p>$79.54</p><a href="https://www.amazon.com/dp/B000KKO6E6?tag=eloabder-20&linkCode=osi&th=1&psc=1">View Product</a></div>
<div class="product"><a href="https://www.amazon.com/dp/B07FDJMC9Q?tag=eloabder-20&linkCode=osi&th=1&psc=1"><img src="https://m.media-amazon.com/images/I/31MBSKiZOPL._SL500_.jpg" alt="Product Image"></a><p>Ninja Air Fryer, Roast, Bake, Air Fry, Roast, Broil, Reheats, & Dehydrates, 4-in-1, Fries, Frozen Food, Veggies, and Juicy Meat, Less Oil, Easy Meals, Healthy Meals, Compact, 4 QT, Grey, AF101</p><p> -11% 0FF </p><p>$79.99</p><a href="https://www.amazon.com/dp/B07FDJMC9Q?tag=eloabder-20&linkCode=osi&th=1&psc=1">View Product</a></div><div class="product"><a href="https://www.amazon.com/dp/B0B15Q3HCQ?tag=eloabder-20&linkCode=osi&th=1&psc=1"><img src="https://m.media-amazon.com/images/I/41iJ87aPT8L._SL500_.jpg" alt="Product Image"></a><p>Ninja Air Fryer, Thermometer, Roast, Bake, Air Fry, Crisps, Broil, Reheats, Keep Warm, 10-in-1, Fries, Frozen Food, Veggies, and Meat, Quick Meals, Healthy Meals, Less Oil, 10 QT, Grey, DZ550​</p><p> -18% 0FF </p><p>$204.78</p><a href="https://www.amazon.com/dp/B0B15Q3HCQ?tag=eloabder-20&linkCode=osi&th=1&psc=1">View Product</a></div><div class="product"><a href="https://www.amazon.com/dp/B0BDFRZX3F?tag=eloabder-20&linkCode=osi&th=1&psc=1"><img src="https://m.media-amazon.com/images/I/41pyLTPPKOL._SL500_.jpg" alt="Product Image"></a><p>COSORI 2.1Qt Air Fryer, Small 4-in-1 Air Fryer Perfect for Simple Meals and Snack, Easy to Leftover Food to Crispy, 97% Less Oil, 30 In-App Recipes, Nonstick & Dishwasher Safe Basket</p><p> -17% 0FF </p><p>$49.99</p><a href="https://www.amazon.com/dp/B0BDFRZX3F?tag=eloabder-20&linkCode=osi&th=1&psc=1">View Product</a></div><div class="product"><a href="https://www.amazon.com/dp/B0936FGLQS?tag=eloabder-20&linkCode=osi&th=1&psc=1"><img src="https://m.media-amazon.com/images/I/41TKOcGeZzL._SL500_.jpg" alt="Product Image"></a><p>COSORI Air Fryer 9-in-1, Compact 5-Qt, Perect for Meat Enthusiasts with 450°F Max Heat Function , 130+ In-App Recipes, Little to No Oil, Easy Clean Glass Touch Panel & Nonstick Basket, Gray</p><p> -20% 0FF </p><p>$79.94</p><a href="https://www.amazon.com/dp/B0936FGLQS?tag=eloabder-20&linkCode=osi&th=1&psc=1">View Product</a></div><div class="product"><a href="https://www.amazon.com/dp/B0CGRYRBL7?tag=eloabder-20&linkCode=osi&th=1&psc=1"><img src="https://m.media-amazon.com/images/I/41jspc2TDCL._SL500_.jpg" alt="Product Image"></a><p>West Bend Compact Air Fryer 5-Quart Capacity with Digital Controls and 10 Cooking Presets, Nonstick Frying Basket, 1500-Watts, Black</p><p> -21% 0FF </p><p>$47.29</p><a href="https://www.amazon.com/dp/B0CGRYRBL7?tag=eloabder-20&linkCode=osi&th=1&psc=1">View Product</a></div><div class="product"><a href="https://www.amazon.com/dp/B08DKYBTPH?tag=eloabder-20&linkCode=osi&th=1&psc=1"><img src="https://m.media-amazon.com/images/I/51PO1kLlN6L._SL500_.jpg" alt="Product Image"></a><p>Chefman TurboFry® Touch Air Fryer, XL 8-Qt Family Size, One-Touch Digital Control Presets, French Fries, Chicken, Meat, Fish, Nonstick Dishwasher-Safe Parts, Automatic Shutoff, Stainless Steel</p><p> -29% 0FF </p><p>$84.98</p><a href="https://www.amazon.com/dp/B08DKYBTPH?tag=eloabder-20&linkCode=osi&th=1&psc=1">View Product</a></div>
<div class="product"><a href="https://www.amazon.com/dp/B000EX16RY?tag=eloabder-20&linkCode=osi&th=1&psc=1"><img src="https://m.media-amazon.com/images/I/41LqsX6dEML._SL500_.jpg" alt="Product Image"></a><p>Euro Cuisine YM80 Electric Yogurt Maker Machine- Promote Gut Health with Probiotic Rich Homemade Yogurt -Home Yogurt Incubator with Glass Jars, White</p><p> -40% 0FF </p><p>$29.99</p><a href="https://www.amazon.com/dp/B000EX16RY?tag=eloabder-20&linkCode=osi&th=1&psc=1">View Product</a></div><div class="product"><a href="https://www.amazon.com/dp/B085XS69L5?tag=eloabder-20&linkCode=osi&th=1&psc=1"><img src="https://m.media-amazon.com/images/I/41JEca97hnL._SL500_.jpg" alt="Product Image"></a><p>Bear Yogurt Maker, Greek Yogurt Maker Machine with Strainer and Timer Control, Stainless Steel Inner Pot, Automatic Digital with 2 Glass Jars 1 Quart for Home Organic Yogurt, Cheese, Fruit Wine</p><p> -19% 0FF </p><p>$64.99</p><a href="https://www.amazon.com/dp/B085XS69L5?tag=eloabder-20&linkCode=osi&th=1&psc=1">View Product</a></div><div class="product"><a href="https://www.amazon.com/dp/B09MP8BK8P?tag=eloabder-20&linkCode=osi&th=1&psc=1"><img src="https://m.media-amazon.com/images/I/41ORh3ZvMrL._SL500_.jpg" alt="Product Image"></a><p>JoyMech Yogurt Maker, Compact Greek Yogurt Maker Machine with Constant Temperature Control, Stainless Steel Container, 1 Quart for Home Organic Yogurt</p><p> -25% 0FF </p><p>$29.99</p><a href="https://www.amazon.com/dp/B09MP8BK8P?tag=eloabder-20&linkCode=osi&th=1&psc=1">View Product</a></div>
<div class="product"><a href="https://www.amazon.com/dp/B0BXSKHL8D?tag=eloabder-20&linkCode=osi&th=1&psc=1"><img src="https://m.media-amazon.com/images/I/419rzQjVpiL._SL500_.jpg" alt="Product Image"></a><p>Mesliese Vacuum Sealer Machine Powerful 90Kpa Precision 6-in-1 Compact Food Preservation System with Cutter, 2 Bag Rolls & 5 Pre-cut Bags, Widened 12mm Sealing Strip, Dry&Moist Modes (Silver)</p><p> -42% 0FF </p><p>$69.99</p><a href="https://www.amazon.com/dp/B0BXSKHL8D?tag=eloabder-20&linkCode=osi&th=1&psc=1">View Product</a></div><div class="product"><a href="https://www.amazon.com/dp/B08BRN1B7Q?tag=eloabder-20&linkCode=osi&th=1&psc=1"><img src="https://m.media-amazon.com/images/I/41B5yUrv3IL._SL500_.jpg" alt="Product Image"></a><p>POTANE Precision Vacuum Sealer Machine, Powerful Pro Vacuum Food Sealer, 8-in-1 Easy Presets, 4 Food Modes, Dry&Moist&Soft&Delicate with Starter Kit, Compact Design(Silver)</p><p> -29% 0FF </p><p>$84.98</p><a href="https://www.amazon.com/dp/B08BRN1B7Q?tag=eloabder-20&linkCode=osi&th=1&psc=1">View Product</a></div><div class="product"><a href="https://www.amazon.com/dp/B0CW2G9W1T?tag=eloabder-20&linkCode=osi&th=1&psc=1"><img src="https://m.media-amazon.com/images/I/51IAX5BLMkL._SL500_.jpg" alt="Product Image"></a><p>Bonsenkitchen Vacuum Sealer Machine, Fast-Compact Food Sealer, Multi-Functional Food Vacuum Sealer with 5 Vacuum Bags & Accessory Hose, Globefish Technology for High-Speed Continuous Working, Silver</p><p> -40% 0FF </p><p>$29.99</p><a href="https://www.amazon.com/dp/B0CW2G9W1T?tag=eloabder-20&linkCode=osi&th=1&psc=1">View Product</a></div><div class="product"><a href="https://www.amazon.com/dp/B0D8BB83Y1?tag=eloabder-20&linkCode=osi&th=1&psc=1"><img src="https://m.media-amazon.com/images/I/41pEdOT1LVL._SL500_.jpg" alt="Product Image"></a><p>Mesliese Vacuum Sealer Machine, 85kPa 120W Automatic Food Sealer, Powerful Sealing System, Build-in Cutter | Bags Storage | Moist Mode and Air Suction Hose | 2 Bag Rolls and 5pcs Pre-cut Bags</p><p> -23% 0FF </p><p>$99.99</p><a href="https://www.amazon.com/dp/B0D8BB83Y1?tag=eloabder-20&linkCode=osi&th=1&psc=1">View Product</a></div><div class="product"><a href="https://www.amazon.com/dp/B07B4W5PMB?tag=eloabder-20&linkCode=osi&th=1&psc=1"><img src="https://m.media-amazon.com/images/I/41c7aLA6wtL._SL500_.jpg" alt="Product Image"></a><p>GERYON Vacuum Sealer, Vacuum Sealer Machine for Food Storage with Sealer Bags & Roll, Automatic Food Sealer for Sous Vide, Compact Design, LED Lights, Easy to Clean, Dry & Moist Modes (Silver)</p><p> -15% 0FF </p><p>$35.70</p><a href="https://www.amazon.com/dp/B07B4W5PMB?tag=eloabder-20&linkCode=osi&th=1&psc=1">View Product</a></div><div class="product"><a href="https://www.amazon.com/dp/B01KCK9W1K?tag=eloabder-20&linkCode=osi&th=1&psc=1"><img src="https://m.media-amazon.com/images/I/41imUh6Fx+L._SL500_.jpg" alt="Product Image"></a><p>Nesco Deluxe Food VS-12 Vacuum Sealer, 130 Watts, Kit Bags & Viewing Lid, Compact, Silver</p><p> -18% 0FF </p><p>$114.69 ($114.69 / count)</p><a href="https://www.amazon.com/dp/B01KCK9W1K?tag=eloabder-20&linkCode=osi&th=1&psc=1">View Product</a></div><div class="product"><a href="https://www.amazon.com/dp/B08XJW5LHG?tag=eloabder-20&linkCode=osi&th=1&psc=1"><img src="https://m.media-amazon.com/images/I/51XpZ5cHWqL._SL500_.jpg" alt="Product Image"></a><p>2023 Updated Vacuum Sealer Machine, MEGAWISE Food Sealer w/Starter Kit, Dry & Moist Food Modes, Compact Design with 10 Vacuum Bags & Bulit-in Cutter(Grey)</p><p> -24% 0FF </p><p>$25.10</p><a href="https://www.amazon.com/dp/B08XJW5LHG?tag=eloabder-20&linkCode=osi&th=1&psc=1">View Product</a></div><div class="product"><a href="https://www.amazon.com/dp/B0DF7F9QNG?tag=eloabder-20&linkCode=osi&th=1&psc=1"><img src="https://m.media-amazon.com/images/I/51W8Bchue6L._SL500_.jpg" alt="Product Image"></a><p>BEYUAM Vacuum Sealer Machine: Upgraded 5 in1 Food Vacuum Sealer with Dry&Moist Modes, LED Indicator Lights, Compact Design, Includes 15PCS Vacuum Seal Bags,1 Air Suction Hose, 1Cutter</p><p> -30% 0FF </p><p>$20.99</p><a href="https://www.amazon.com/dp/B0DF7F9QNG?tag=eloabder-20&linkCode=osi&th=1&psc=1">View Product</a></div>
<div class="product"><a href="https://www.amazon.com/dp/B01AKTFK6Y?tag=eloabder-20&linkCode=osi&th=1&psc=1"><img src="https://m.media-amazon.com/images/I/31ayy5SDEeL._SL500_.jpg" alt="Product Image"></a><p>Avalon Bottom Loading Water Cooler Water Dispenser with BioGuard- 3 Temperature Settings - Hot, Cold & Room Water, Durable Stainless Steel Construction, Anti-Microbial Coating- UL Listed</p><p> -11% 0FF </p><p>$177.05</p><a href="https://www.amazon.com/dp/B01AKTFK6Y?tag=eloabder-20&linkCode=osi&th=1&psc=1">View Product</a></div><div class="product"><a href="https://www.amazon.com/dp/B06XJ86F7L?tag=eloabder-20&linkCode=osi&th=1&psc=1"><img src="https://m.media-amazon.com/images/I/41ZROGKK8KL._SL500_.jpg" alt="Product Image"></a><p>Avalon Self Cleaning Bottleless Water Cooler Water Dispenser - 3 Temperature Settings - Hot, Cold & Room Water, Durable Stainless Steel Cabinet, NSF Certified Filter- UL Listed</p><p> -33% 0FF </p><p>$199.99</p><a href="https://www.amazon.com/dp/B06XJ86F7L?tag=eloabder-20&linkCode=osi&th=1&psc=1">View Product</a></div><div class="product"><a href="https://www.amazon.com/dp/B01J1W7S34?tag=eloabder-20&linkCode=osi&th=1&psc=1"><img src="https://m.media-amazon.com/images/I/31-F2Hf3T3L._SL500_.jpg" alt="Product Image"></a><p>Avalon Limited Edition Self Cleaning Water Cooler Water Dispenser - 3 Temperature Settings - Hot, Cold & Room Water, Durable Stainless Steel Construction, Bottom Loading - UL Listed</p><p> -50% 0FF </p><p>$150.00</p><a href="https://www.amazon.com/dp/B01J1W7S34?tag=eloabder-20&linkCode=osi&th=1&psc=1">View Product</a></div><div class="product"><a href="https://www.amazon.com/dp/B0DK1BRVFH?tag=eloabder-20&linkCode=osi&th=1&psc=1"><img src="https://m.media-amazon.com/images/I/213Scb+FXHL._SL500_.jpg" alt="Product Image"></a><p>Tehanld Top Loading Water Cooler Dispenser Hot Cold & Cool Water Dispenser for 3 or 5 Gallon Bottles, Child Safety Lock, Simple Quite Design, Ideal for Home, Office, Living Room</p><p> -6% 0FF </p><p>$119.99</p><a href="https://www.amazon.com/dp/B0DK1BRVFH?tag=eloabder-20&linkCode=osi&th=1&psc=1">View Product</a></div>
<div class="product"><a href="https://www.amazon.com/dp/B0786TJC33?tag=eloabder-20&linkCode=osi&th=1&psc=1"><img src="https://m.media-amazon.com/images/I/41frLdkbpPL._SL500_.jpg" alt="Product Image"></a><p>hOmeLabs Beverage Refrigerator and Cooler - 120 Can Mini Fridge with Glass Door for Soda Beer or Wine - Small Drink Dispenser Machine for Office or Bar with Adjustable Removable Shelves</p><p> -14% 0FF </p><p>$299.99</p><a href="https://www.amazon.com/dp/B0786TJC33?tag=eloabder-20&linkCode=osi&th=1&psc=1">View Product</a></div><div class="product"><a href="https://www.amazon.com/dp/B07F9PH82Z?tag=eloabder-20&linkCode=osi&th=1&psc=1"><img src="https://m.media-amazon.com/images/I/41DBsObCijL._SL500_.jpg" alt="Product Image"></a><p>Antarctic Star 26 Bottle 130 Can Wine Cooler/Cabinet Beverage Refrigerator Mini Wine Cellar Beer Soda Clear Glass Door Bar Fridge Quiet Compressor Adjust Temp Freestanding Indoor Use 3.2cu.ft Black</p><p> -7% 0FF </p><p>$249.98</p><a href="https://www.amazon.com/dp/B07F9PH82Z?tag=eloabder-20&linkCode=osi&th=1&psc=1">View Product</a></div><div class="product"><a href="https://www.amazon.com/dp/B0C1S3RB9Q?tag=eloabder-20&linkCode=osi&th=1&psc=1"><img src="https://m.media-amazon.com/images/I/519o+StfLML._SL500_.jpg" alt="Product Image"></a><p>Antarctic Star Beverage Refrigerator Cooler 68 Can, Mini Fridge with Glass Door for Beer Drinks Wine,Freestanding Small Fridge with Electronic Temperature Control for Home and Bar,1.7 cu.ft</p><p> -10% 0FF </p><p>$152.99</p><a href="https://www.amazon.com/dp/B0C1S3RB9Q?tag=eloabder-20&linkCode=osi&th=1&psc=1">View Product</a></div>
<div class="product"><a href="https://www.amazon.com/dp/B0864P1L3Y?tag=eloabder-20&linkCode=osi&th=1&psc=1"><img src="https://m.media-amazon.com/images/I/41YjtUvRvIL._SL500_.jpg" alt="Product Image"></a><p>Ivation 18 Bottle Compressor Wine Cooler Refrigerator w/Lock, Large Freestanding Wine Cellar For Red, White, Champagne or Sparkling Wine, 41f-64f Digital Temperature Control Fridge Glass Door Black</p><p> -32% 0FF </p><p>$224.99</p><a href="https://www.amazon.com/dp/B0864P1L3Y?tag=eloabder-20&linkCode=osi&th=1&psc=1">View Product</a></div><div class="product"><a href="https://www.amazon.com/dp/B0C2F2JY88?tag=eloabder-20&linkCode=osi&th=1&psc=1"><img src="https://m.media-amazon.com/images/I/41CVJtUWA9L._SL500_.jpg" alt="Product Image"></a><p>DUURA Elite DE430WCDZSS Wine Cooler Designer Series Dual-Zone, 46-Bottle, Metallic</p><p> -10% 0FF </p><p>$262.81</p><a href="https://www.amazon.com/dp/B0C2F2JY88?tag=eloabder-20&linkCode=osi&th=1&psc=1">View Product</a></div>
<div class="product"><a href="https://www.amazon.com/dp/B0C4NH7Q1Z?tag=eloabder-20&linkCode=osi&th=1&psc=1"><img src="https://m.media-amazon.com/images/I/41huzzh73qL._SL500_.jpg" alt="Product Image"></a><p>VEVOR Beer Kegerator, Single Tap Draft Beer Dispenser, Full Size Keg Refrigerator With Shelves, CO2 Cylinder, Drip Tray & Rail, 32°F- 50°F Temperature Control, Holds 1/6, 1/4, 1/2 Barrels, Black</p><p> -14% 0FF </p><p>$528.27</p><a href="https://www.amazon.com/dp/B0C4NH7Q1Z?tag=eloabder-20&linkCode=osi&th=1&psc=1">View Product</a></div><div class="product"><a href="https://www.amazon.com/dp/B0170O0D82?tag=eloabder-20&linkCode=osi&th=1&psc=1"><img src="https://m.media-amazon.com/images/I/31niLclMC1L._SL500_.jpg" alt="Product Image"></a><p>EdgeStar KC2000TWIN Full Size Dual Tap Kegerator & Draft Beer Dispenser - Black</p><p> -7% 0FF </p><p>$719.00</p><a href="https://www.amazon.com/dp/B0170O0D82?tag=eloabder-20&linkCode=osi&th=1&psc=1">View Product</a></div><div class="product"><a href="https://www.amazon.com/dp/B00E7N4CXM?tag=eloabder-20&linkCode=osi&th=1&psc=1"><img src="https://m.media-amazon.com/images/I/31tI6VySYqL._SL500_.jpg" alt="Product Image"></a><p>Kegco K309B-1 Kegerator Black, 2 Faucet</p><p> -9% 0FF </p><p>$828.14</p><a href="https://www.amazon.com/dp/B00E7N4CXM?tag=eloabder-20&linkCode=osi&th=1&psc=1">View Product</a></div><div class="product"><a href="https://www.amazon.com/dp/B00E93XXZ8?tag=eloabder-20&linkCode=osi&th=1&psc=1"><img src="https://m.media-amazon.com/images/I/31K6I3DKW6L._SL500_.jpg" alt="Product Image"></a><p>Kegco K309SS-1 Keg Dispenser, Stainless Steel</p><p> -5% 0FF </p><p>$845.33</p><a href="https://www.amazon.com/dp/B00E93XXZ8?tag=eloabder-20&linkCode=osi&th=1&psc=1">View Product</a></div>
<div class="product"><a href="https://www.amazon.com/dp/B0D78LGPXY?tag=eloabder-20&linkCode=osi&th=1&psc=1"><img src="https://m.media-amazon.com/images/I/41bekd23sDL._SL500_.jpg" alt="Product Image"></a><p>ikare Manual Trash Compactor for 60-100L Bins, Trash Compactor for Kitchen, Portable Small Trash Compactor, Waste Bin Compactor for Fast Food Restaurant</p><p> -34% 0FF </p><p>$38.99</p><a href="https://www.amazon.com/dp/B0D78LGPXY?tag=eloabder-20&linkCode=osi&th=1&psc=1">View Product</a></div><div class="product"><a href="https://www.amazon.com/dp/B075DJ4ZVQ?tag=eloabder-20&linkCode=osi&th=1&psc=1"><img src="https://m.media-amazon.com/images/I/51Vaek4I89L._SL500_.jpg" alt="Product Image"></a><p>Dano Pre-Cuffed Compactor Bags</p><p> -18% 0FF </p><p>$32.95 ($2.75 / Count)</p><a href="https://www.amazon.com/dp/B075DJ4ZVQ?tag=eloabder-20&linkCode=osi&th=1&psc=1">View Product</a></div>
<div class="product"><a href="https://www.amazon.com/dp/B07HJS45XQ?tag=eloabder-20&linkCode=osi&th=1&psc=1"><img src="https://m.media-amazon.com/images/I/31NTMREf9kL._SL500_.jpg" alt="Product Image"></a><p>iRobot Authentic Replacement Parts - 3 Count (Pack of 1) Dirt Disposal Bags Compatible with Roomba Clean Base Models i1+, i3+, i4+, i5+, i7+, i8+, Combo j8+, j9+</p><p> -15% 0FF </p><p>$14.43 ($4.81 / Count)</p><a href="https://www.amazon.com/dp/B07HJS45XQ?tag=eloabder-20&linkCode=osi&th=1&psc=1">View Product</a></div><div class="product"><a href="https://www.amazon.com/dp/B09CV3QGF2?tag=eloabder-20&linkCode=osi&th=1&psc=1"><img src="https://m.media-amazon.com/images/I/31VQqEzbeJL._SL500_.jpg" alt="Product Image"></a><p>iRobot Authentic Replacement Parts - Replenishment Kit for Roomba e, i, and j Series and Roomba Combo i5 and j5 Series, Not Compatible with Roomba Combo j7+ or Roomba Combo j9+</p><p> -51% 0FF </p><p>$31.57</p><a href="https://www.amazon.com/dp/B09CV3QGF2?tag=eloabder-20&linkCode=osi&th=1&psc=1">View Product</a></div><div class="product"><a href="https://www.amazon.com/dp/B07C4SGM54?tag=eloabder-20&linkCode=osi&th=1&psc=1"><img src="https://m.media-amazon.com/images/I/41ZWLocYKkL._SL500_.jpg" alt="Product Image"></a><p>iRobot 4502233 Robot Vacuum, Black</p><p> -6% 0FF </p><p>$84.50</p><a href="https://www.amazon.com/dp/B07C4SGM54?tag=eloabder-20&linkCode=osi&th=1&psc=1">View Product</a></div>
<div class="product"><a href="https://www.amazon.com/dp/B01NHEU1DJ?tag=eloabder-20&linkCode=osi&th=1&psc=1"><img src="https://m.media-amazon.com/images/I/21CK7T8v9HS._SL500_.jpg" alt="Product Image"></a><p>BLACK+DECKER HFS115J10 Lithium Floor Sweeper 50 Min Lithium Floor Sweeper, Powder White</p><p> -30% 0FF </p><p>$34.81</p><a href="https://www.amazon.com/dp/B01NHEU1DJ?tag=eloabder-20&linkCode=osi&th=1&psc=1">View Product</a></div>
<div class="product"><a href="https://www.amazon.com/dp/B088M3G7QH?tag=eloabder-20&linkCode=osi&th=1&psc=1"><img src="https://m.media-amazon.com/images/I/41qSwWLksEL._SL500_.jpg" alt="Product Image"></a><p>Yocada Carpet Sweeper Cleaner for Home Office Low Carpets Rugs Undercoat Carpets Pet Hair Dust Scraps Paper Small Rubbish Cleaning with a Brush Green</p><p> -13% 0FF </p><p>$25.99</p><a href="https://www.amazon.com/dp/B088M3G7QH?tag=eloabder-20&linkCode=osi&th=1&psc=1">View Product</a></div><div class="product"><a href="https://www.amazon.com/dp/B087M125SV?tag=eloabder-20&linkCode=osi&th=1&psc=1"><img src="https://m.media-amazon.com/images/I/31FnLu2oAAL._SL500_.jpg" alt="Product Image"></a><p>JEHONN Carpet Floor Sweeper with Horsehair, Non Electric Manual Sweeping, Rotor Brush Heavy Duty for Pet Hair Clean</p><p> -22% 0FF </p><p>$24.99</p><a href="https://www.amazon.com/dp/B087M125SV?tag=eloabder-20&linkCode=osi&th=1&psc=1">View Product</a></div><div class="product"><a href="https://www.amazon.com/dp/B07HGWZ7LG?tag=eloabder-20&linkCode=osi&th=1&psc=1"><img src="https://m.media-amazon.com/images/I/31-FhS9ID4L._SL500_.jpg" alt="Product Image"></a><p>Dttery 3 Post + 3 Foam & Felt Filters Kit Replacement for Shark Rocket Ultra-Light Vacuum HV292, HV300, HV300W, HV301, HV302, HV303, HV305, HV308, HV310, UV450 Part XFFV300</p><p> -25% 0FF </p><p>$11.97 ($3.99 / Count)</p><a href="https://www.amazon.com/dp/B07HGWZ7LG?tag=eloabder-20&linkCode=osi&th=1&psc=1">View Product</a></div>
<div class="product"><a href="https://www.amazon.com/dp/B004FJTMO2?tag=eloabder-20&linkCode=osi&th=1&psc=1"><img src="https://m.media-amazon.com/images/I/41Y9YbOYswL._SL500_.jpg" alt="Product Image"></a><p>Collections Etc Grandma Upright Vacuum Cleaner Cover</p><p> -9% 0FF </p><p>$29.98</p><a href="https://www.amazon.com/dp/B004FJTMO2?tag=eloabder-20&linkCode=osi&th=1&psc=1">View Product</a></div><div class="product"><a href="https://www.amazon.com/dp/B00Q40F0S2?tag=eloabder-20&linkCode=osi&th=1&psc=1"><img src="https://m.media-amazon.com/images/I/41T1H0EditL._SL500_.jpg" alt="Product Image"></a><p>Kenmore 53294 6 Pack Type O HEPA Vacuum Bags for Upright Vacuums</p><p> -7% 0FF </p><p>$16.70 ($2.78 / Count)</p><a href="https://www.amazon.com/dp/B00Q40F0S2?tag=eloabder-20&linkCode=osi&th=1&psc=1">View Product</a></div><div class="product"><a href="https://www.amazon.com/dp/B00002N8DH?tag=eloabder-20&linkCode=osi&th=1&psc=1"><img src="https://m.media-amazon.com/images/I/31z6U7Xz5OL._SL500_.jpg" alt="Product Image"></a><p>Hoover Type Y Allergen Bags, for WindTunnel Vacuum Cleaners, 3-Pack, 4010100Y, White</p><p> -20% 0FF </p><p>$7.98 ($2.66 / Count)</p><a href="https://www.amazon.com/dp/B00002N8DH?tag=eloabder-20&linkCode=osi&th=1&psc=1">View Product</a></div>
<div class="product"><a href="https://www.amazon.com/dp/B0CXJ2LJP6?tag=eloabder-20&linkCode=osi&th=1&psc=1"><img src="https://m.media-amazon.com/images/I/41zVdymV5NL._SL500_.jpg" alt="Product Image"></a><p>5055 Vacuum Bags Replacement Fit for Kenmore Canister Type C/Q 50555 50558 50557 and Type C-5 C-18,16 Pack</p><p> -11% 0FF </p><p>$13.29</p><a href="https://www.amazon.com/dp/B0CXJ2LJP6?tag=eloabder-20&linkCode=osi&th=1&psc=1">View Product</a></div><div class="product"><a href="https://www.amazon.com/dp/B002BFSK6I?tag=eloabder-20&linkCode=osi&th=1&psc=1"><img src="https://m.media-amazon.com/images/I/41Z3T53G+sL._SL500_.jpg" alt="Product Image"></a><p>Vacuum Bare Surface Canister Floor Brush, Compatible with Kenmore</p><p> -55% 0FF </p><p>$8.99</p><a href="https://www.amazon.com/dp/B002BFSK6I?tag=eloabder-20&linkCode=osi&th=1&psc=1">View Product</a></div><div class="product"><a href="https://www.amazon.com/dp/B00TNDC09E?tag=eloabder-20&linkCode=osi&th=1&psc=1"><img src="https://m.media-amazon.com/images/I/41lChTXA+XL._SL500_.jpg" alt="Product Image"></a><p>Other 50104 Kenmore Vacuum Bag, Type C and Q, 8-Pack Genuine Original Equipment Manufacturer (OEM) Part</p><p> -14% 0FF </p><p>$12.67 ($1.58 / Count)</p><a href="https://www.amazon.com/dp/B00TNDC09E?tag=eloabder-20&linkCode=osi&th=1&psc=1">View Product</a></div><div class="product"><a href="https://www.amazon.com/dp/B00QGD3SBI?tag=eloabder-20&linkCode=osi&th=1&psc=1"><img src="https://m.media-amazon.com/images/I/51xw0asyqTL._SL500_.jpg" alt="Product Image"></a><p>EnviroCare Replacement Vacuum Bags made to fit Kenmore Canister Type C or Q 50555, 50558, 50557 and Panasonic Type C-5 Vacuums, 9 pack</p><p> -11% 0FF </p><p>$9.79</p><a href="https://www.amazon.com/dp/B00QGD3SBI?tag=eloabder-20&linkCode=osi&th=1&psc=1">View Product</a></div><div class="product"><a href="https://www.amazon.com/dp/B09PC16J91?tag=eloabder-20&linkCode=osi&th=1&psc=1"><img src="https://m.media-amazon.com/images/I/41rz-xT6tIL._SL500_.jpg" alt="Product Image"></a><p>Compatible with Kenmore 53292 Type Q - C HEPA Canister Vacuum Bags,6-Pack (white)</p><p> -24% 0FF </p><p>$22.89 ($3.82 / Count)</p><a href="https://www.amazon.com/dp/B09PC16J91?tag=eloabder-20&linkCode=osi&th=1&psc=1">View Product</a></div><div class="product"><a href="https://www.amazon.com/dp/B0CWTR85TZ?tag=eloabder-20&linkCode=osi&th=1&psc=1"><img src="https://m.media-amazon.com/images/I/41lmqedxXSL._SL500_.jpg" alt="Product Image"></a><p>20 Pack Style MM Vacuum Bags Compatible with Eureka Style MM Eureka Mighty Mite 3670 and 3680 Series Canister Vacuums, Replaces Part # 60295, 60295A, 60295B 60295C, 60296 & 60297A</p><p> -5% 0FF </p><p>$18.98</p><a href="https://www.amazon.com/dp/B0CWTR85TZ?tag=eloabder-20&linkCode=osi&th=1&psc=1">View Product</a></div>

<div class="product"><a href="https://www.amazon.com/dp/B07H3MYZLD?tag=eloabder-20&linkCode=osi&th=1&psc=1"><img src="https://m.media-amazon.com/images/I/511p6MPxQ0L._SL500_.jpg" alt="Product Image"></a><p>Flammi Steam Pocket Mop Replacement Pads for Shark S3500 Series S3501 S3601 S3550 S3901 SE450 S3801CO S3601D S2901 S2902 Steam Pocket Mop, 4 Pack</p><p> -23% 0FF </p><p>$16.97 ($4.24 / Count)</p><a href="https://www.amazon.com/dp/B07H3MYZLD?tag=eloabder-20&linkCode=osi&th=1&psc=1">View Product</a></div><div class="product"><a href="https://www.amazon.com/dp/B08S7283SJ?tag=eloabder-20&linkCode=osi&th=1&psc=1"><img src="https://m.media-amazon.com/images/I/41TAxpXWPLL._SL500_.jpg" alt="Product Image"></a><p>Steam & Go - Demineralized Water for Steam Cleaner, PVC-Free Floor Cleaner Liquid Compatible With Any Steam Mop, Ready-to-Use Multisurface Cleaner, Scented Mop Solution, Eucalyptus Mint, 32 oz</p><p> -35% 0FF </p><p>$12.99</p><a href="https://www.amazon.com/dp/B08S7283SJ?tag=eloabder-20&linkCode=osi&th=1&psc=1">View Product</a></div><div class="product"><a href="https://www.amazon.com/dp/B07GT9VB9X?tag=eloabder-20&linkCode=osi&th=1&psc=1"><img src="https://m.media-amazon.com/images/I/41IokheYtNL._SL500_.jpg" alt="Product Image"></a><p>6 Pack 1940 Bissell Steam Mop Pads for Bissell PowerFresh Steam Mop 1806 1544 1440 2075A 2685A 1940W 19404 Series, Model 19402 19408 1940a 1940f 1940q 1940t B0006 B0017, Part #5938#203-2633</p><p> -14% 0FF </p><p>$17.99 ($3.00 / Count)</p><a href="https://www.amazon.com/dp/B07GT9VB9X?tag=eloabder-20&linkCode=osi&th=1&psc=1">View Product</a></div><div class="product"><a href="https://www.amazon.com/dp/B09NM5T11N?tag=eloabder-20&linkCode=osi&th=1&psc=1"><img src="https://m.media-amazon.com/images/I/51p54JxUpYL._SL500_.jpg" alt="Product Image"></a><p>AIR U+ 8 Pack Replacement Steam Mop Pads for Shark S7001 S8001 S8201 S7201 S7000AMZ S7000 S7005 S7020 S7001C Steam Mop, Steam & Scrub All-in-One Scrubbing and Sanitizing, Dirt Grip Scrub Washable Pad</p><p> -20% 0FF </p><p>$17.99</p><a href="https://www.amazon.com/dp/B09NM5T11N?tag=eloabder-20&linkCode=osi&th=1&psc=1">View Product</a></div><div class="product"><a href="https://www.amazon.com/dp/B0CBC1HQQN?tag=eloabder-20&linkCode=osi&th=1&psc=1"><img src="https://m.media-amazon.com/images/I/51eAx7S-+2L._SL500_.jpg" alt="Product Image"></a><p>Upgraded Scrub Steam Mop Pad for Shark Steam Pocket Mop S3501 S3601 S2901 S2902 S3550 S3801 S3901 SE450 S3601D S3901D, Steam Mop Replacement Pads for All Hard Floors, 3 Pack</p><p> -5% 0FF </p><p>$18.99</p><a href="https://www.amazon.com/dp/B0CBC1HQQN?tag=eloabder-20&linkCode=osi&th=1&psc=1">View Product</a></div>
<div class="product"><a href="https://www.amazon.com/dp/B0D2QFVY7H?tag=eloabder-20&linkCode=osi&th=1&psc=1"><img src="https://m.media-amazon.com/images/I/417B7H+vvML._SL500_.jpg" alt="Product Image"></a><p>Kenmore KS1010 Deep Clean & Revitalize Pet Carpet Cleaner Formula, 64 oz, White, 64 Fl Oz</p><p> -13% 0FF </p><p>$19.99 ($0.31 / Fl Oz)</p><a href="https://www.amazon.com/dp/B0D2QFVY7H?tag=eloabder-20&linkCode=osi&th=1&psc=1">View Product</a></div><div class="product"><a href="https://www.amazon.com/dp/B07TN5DGP9?tag=eloabder-20&linkCode=osi&th=1&psc=1"><img src="https://m.media-amazon.com/images/I/41ObG6UBMvL._SL500_.jpg" alt="Product Image"></a><p>Eyliden Carpet Sweeper, Mini Size Lightweight Hand Push Carpet Sweepers - No Noise, Non-Electric - Easy Manual Sweeping, Automatic Compact Broom Only for Carpet Cleaning</p><p> -21% 0FF </p><p>$25.99</p><a href="https://www.amazon.com/dp/B07TN5DGP9?tag=eloabder-20&linkCode=osi&th=1&psc=1">View Product</a></div><div class="product"><a href="https://www.amazon.com/dp/B07R27JLKQ?tag=eloabder-20&linkCode=osi&th=1&psc=1"><img src="https://m.media-amazon.com/images/I/41Puyen2y4L._SL500_.jpg" alt="Product Image"></a><p>Bissell Pet Multi-Surface Febreze Freshness for Crosswave and Spinwave (64 oz), 22951, 64 Ounce, 64 Fl Oz</p><p> -5% 0FF </p><p>$17.99 ($0.28 / Fl Oz)</p><a href="https://www.amazon.com/dp/B07R27JLKQ?tag=eloabder-20&linkCode=osi&th=1&psc=1">View Product</a></div><div class="product"><a href="https://www.amazon.com/dp/B0D2RGW219?tag=eloabder-20&linkCode=osi&th=1&psc=1"><img src="https://m.media-amazon.com/images/I/41gD+82tnAL._SL500_.jpg" alt="Product Image"></a><p>Vacmaster Clean & Restore Carpet Cleaner Formula – CCS03</p><p> -25% 0FF </p><p>$14.99 ($0.23 / Fl Oz)</p><a href="https://www.amazon.com/dp/B0D2RGW219?tag=eloabder-20&linkCode=osi&th=1&psc=1">View Product</a></div>



<div class="product"><a href="https://www.amazon.com/dp/B00162723O?tag=eloabder-20&linkCode=osi&th=1&psc=1"><img src="https://m.media-amazon.com/images/I/31K5PNJ3AbL._SL500_.jpg" alt="Product Image"></a><p>A/C Safe AC-160 Universal Heavy Duty Window Air Conditioner Support</p><p> -47% 0FF </p><p>$24.99</p><a href="https://www.amazon.com/dp/B00162723O?tag=eloabder-20&linkCode=osi&th=1&psc=1">View Product</a></div>
<div class="product"><a href="https://www.amazon.com/dp/B0D3TMW987?tag=eloabder-20&linkCode=osi&th=1&psc=1"><img src="https://m.media-amazon.com/images/I/417Mm6n1nqL._SL500_.jpg" alt="Product Image"></a><p>HOXHA Portable Air Conditioner Hose with Insulated Hose Cover Warp 5.9 Inch AC Exhaust Vent Duct Hose with Sleeve Fit 5 Inch to 5.9 Inch Universal AC Tube Hose Kit Parts Accessories</p><p> -29% 0FF </p><p>$16.99</p><a href="https://www.amazon.com/dp/B0D3TMW987?tag=eloabder-20&linkCode=osi&th=1&psc=1">View Product</a></div><div class="product"><a href="https://www.amazon.com/dp/B093WC1936?tag=eloabder-20&linkCode=osi&th=1&psc=1"><img src="https://m.media-amazon.com/images/I/41+7dH1N4oS._SL500_.jpg" alt="Product Image"></a><p>Portable Air conditioner Window Kit, Adjustable Vertical/Horizontal Sliding Window Kit Plate for AC Unit, AC Window Vent Kit, AC Window Seal Suitable for 5.9” AC Exhaust Hose</p><p> -22% 0FF </p><p>$24.99</p><a href="https://www.amazon.com/dp/B093WC1936?tag=eloabder-20&linkCode=osi&th=1&psc=1">View Product</a></div><div class="product"><a href="https://www.amazon.com/dp/B08B5Y83XZ?tag=eloabder-20&linkCode=osi&th=1&psc=1"><img src="https://m.media-amazon.com/images/I/4162pkNHTYL._SL500_.jpg" alt="Product Image"></a><p>TURBRO Portable Air Conditioner Universal Exhaust Hose - 5.9 Inch Diameter, 78 Inch Length, Clockwise Thread</p><p> -17% 0FF </p><p>$19.99</p><a href="https://www.amazon.com/dp/B08B5Y83XZ?tag=eloabder-20&linkCode=osi&th=1&psc=1">View Product</a></div>
<div class="product"><a href="https://www.amazon.com/dp/B0CS3HRFLB?tag=eloabder-20&linkCode=osi&th=1&psc=1"><img src="https://m.media-amazon.com/images/I/31-rGPG7x2L._SL500_.jpg" alt="Product Image"></a><p>Eastrexon Mini Split Ground Stand, Adjustable Anti-Vibration Mini Split Stand w/ 400LBS Load Capacity, Heavy Duty AC Stand for 9,000-18,000 BTU Ductless Mini Split Air Conditioner Heat Pump</p><p> -11% 0FF </p><p>$79.99</p><a href="https://www.amazon.com/dp/B0CS3HRFLB?tag=eloabder-20&linkCode=osi&th=1&psc=1">View Product</a></div>
<div class="product"><a href="https://www.amazon.com/dp/B0D3DRYGSY?tag=eloabder-20&linkCode=osi&th=1&psc=1"><img src="https://m.media-amazon.com/images/I/41X8-PVRBjL._SL500_.jpg" alt="Product Image"></a><p>Air Conditioning Motor WZDK20-38G (ZKFP-20-8-6) OEM DC Brushless Fan Motor, 20W Inverter Air Conditioner Brushless DC Motor for Central air Conditioner, CCW 1300rpm DC280V 0.10A</p><p> -11% 0FF </p><p>$40.99</p><a href="https://www.amazon.com/dp/B0D3DRYGSY?tag=eloabder-20&linkCode=osi&th=1&psc=1">View Product</a></div><div class="product"><a href="https://www.amazon.com/dp/B0BQQZC7J8?tag=eloabder-20&linkCode=osi&th=1&psc=1"><img src="https://m.media-amazon.com/images/I/31BhDXXE59L._SL500_.jpg" alt="Product Image"></a><p>AKB73598009 Replace AC Remote Control Compatible with LG Dual Inverter Smart Window Air Conditioner LW1222IVSM LW1817IVSM LW2217IVSM LW1822IVSM LW2422IVSM LW1517IVSM LW1019IVSM</p><p> -8% 0FF </p><p>$11.94</p><a href="https://www.amazon.com/dp/B0BQQZC7J8?tag=eloabder-20&linkCode=osi&th=1&psc=1">View Product</a></div><div class="product"><a href="https://www.amazon.com/dp/B0D3DTXSVY?tag=eloabder-20&linkCode=osi&th=1&psc=1"><img src="https://m.media-amazon.com/images/I/41WKhBV4qfL._SL500_.jpg" alt="Product Image"></a><p>New Air Conditioning Motor (OEM) WZDK30-38G (RD-310-30-8T) DC Brushless Fan Motor, 30W Inverter air Conditioner Motor DC Motor for Conditioner,DC310V 0.14A 1300RPM CCW</p><p> -12% 0FF </p><p>$52.95</p><a href="https://www.amazon.com/dp/B0D3DTXSVY?tag=eloabder-20&linkCode=osi&th=1&psc=1">View Product</a></div>
<div class="product"><a href="https://www.amazon.com/dp/B0CNK7MSLC?tag=eloabder-20&linkCode=osi&th=1&psc=1"><img src="https://m.media-amazon.com/images/I/41R2RQNaV2L._SL500_.jpg" alt="Product Image"></a><p>Travel Electric Kettle Portable Small Kettle,Mini Hotel Camping Hot Water Boiler for Tea Coffee,4 Warmable Temperature Control,304 Stainless Steel& Auto Shut-Off& Boil Dry Protection(White,380ml)</p><p> -17% 0FF </p><p>$24.99</p><a href="https://www.amazon.com/dp/B0CNK7MSLC?tag=eloabder-20&linkCode=osi&th=1&psc=1">View Product</a></div>
<div class="product"><a href="https://www.amazon.com/dp/B08LZWP29P?tag=eloabder-20&linkCode=osi&th=1&psc=1"><img src="https://m.media-amazon.com/images/I/41NLuzzFW9L._SL500_.jpg" alt="Product Image"></a><p>Chromex Tankless Water Heater Descaling Solution | Highly Effective Descaler Restores Heating Efficiency, Quart, 32 fl oz (1)</p><p> -7% 0FF </p><p>$24.99</p><a href="https://www.amazon.com/dp/B08LZWP29P?tag=eloabder-20&linkCode=osi&th=1&psc=1">View Product</a></div><div class="product"><a href="https://www.amazon.com/dp/B0CQDCW3PT?tag=eloabder-20&linkCode=osi&th=1&psc=1"><img src="https://m.media-amazon.com/images/I/51UjKRV2nXL._SL500_.jpg" alt="Product Image"></a><p>CMI Inc - 3/4 Inch Tankless Water Heater Installation Kit – With Isolation Valves, Pressure Relief Valves, Ball Valves, and Inline Flush Parts – Cold & Hot Water Plumbing Repair Kit – FNPT X FNPT</p><p> -11% 0FF </p><p>$80.80</p><a href="https://www.amazon.com/dp/B0CQDCW3PT?tag=eloabder-20&linkCode=osi&th=1&psc=1">View Product</a></div>

<div class="product"><a href="https://www.amazon.com/dp/B0BPN7G43T?tag=eloabder-20&linkCode=osi&th=1&psc=1"><img src="https://m.media-amazon.com/images/I/413kXvvbUhL._SL500_.jpg" alt="Product Image"></a><p>Elite Gourmet EC008 Classic Stovetop Coffee Percolator, Glass Clear Brew Progress Knob, Cool-Touch Handle, Cordless Serve, 8-Cup, Stainless Steel</p><p> -8% 0FF </p><p>$23.07</p><a href="https://www.amazon.com/dp/B0BPN7G43T?tag=eloabder-20&linkCode=osi&th=1&psc=1">View Product</a></div><div class="product"><a href="https://www.amazon.com/dp/B09MMN1CCP?tag=eloabder-20&linkCode=osi&th=1&psc=1"><img src="https://m.media-amazon.com/images/I/31UyuaVNkbL._SL500_.jpg" alt="Product Image"></a><p>Elite Gourmet EC812 Electric 12-Cup Coffee Percolator with Keep Warm, Clear Brew Progress Knob Cool-Touch Handle Cord-less Serve, Stainless Steel</p><p> -23% 0FF </p><p>$36.99</p><a href="https://www.amazon.com/dp/B09MMN1CCP?tag=eloabder-20&linkCode=osi&th=1&psc=1">View Product</a></div><div class="product"><a href="https://www.amazon.com/dp/B0009PUQSM?tag=eloabder-20&linkCode=osi&th=1&psc=1"><img src="https://m.media-amazon.com/images/I/41maPldn1NL._SL500_.jpg" alt="Product Image"></a><p>Coleman Stainless Steel Coffee Percolator 12 Cup</p><p> -38% 0FF </p><p>$33.87</p><a href="https://www.amazon.com/dp/B0009PUQSM?tag=eloabder-20&linkCode=osi&th=1&psc=1">View Product</a></div>
<div class="product"><a href="https://www.amazon.com/dp/B0BTN3VYW9?tag=eloabder-20&linkCode=osi&th=1&psc=1"><img src="https://m.media-amazon.com/images/I/41Li6k0UIrL._SL500_.jpg" alt="Product Image"></a><p>De'Longhi TrueBrew Drip Coffee Maker, Built in Grinder, Single Serve, 8 oz to 24 oz, Hot or Iced Coffee, Stainless, CAM51025MB</p><p> -29% 0FF </p><p>$355.00</p><a href="https://www.amazon.com/dp/B0BTN3VYW9?tag=eloabder-20&linkCode=osi&th=1&psc=1">View Product</a></div><div class="product"><a href="https://www.amazon.com/dp/B09HDFLF2X?tag=eloabder-20&linkCode=osi&th=1&psc=1"><img src="https://m.media-amazon.com/images/I/41ttEVV0DhL._SL500_.jpg" alt="Product Image"></a><p>Cuisinart Single Serve Coffee Maker + Coffee Grinder, 48-Ounce Removable Reservoir, Black, DGB-2</p><p> -9% 0FF </p><p>$136.95</p><a href="https://www.amazon.com/dp/B09HDFLF2X?tag=eloabder-20&linkCode=osi&th=1&psc=1">View Product</a></div><div class="product"><a href="https://www.amazon.com/dp/B0D2MMGHM8?tag=eloabder-20&linkCode=osi&th=1&psc=1"><img src="https://m.media-amazon.com/images/I/41z2U4+t1fL._SL500_.jpg" alt="Product Image"></a><p>Gevi 10-Cup Drip Coffee Maker with Built-in Grinder, Programmable Brew Coffee Machine with Timer, Reusable Filter, 1.5L Water Tank, Coffee Pot, Warming Plate Burr Grinder Combo</p><p> -6% 0FF </p><p>$169.99</p><a href="https://www.amazon.com/dp/B0D2MMGHM8?tag=eloabder-20&linkCode=osi&th=1&psc=1">View Product</a></div><div class="product"><a href="https://www.amazon.com/dp/B000T9SCZ2?tag=eloabder-20&linkCode=osi&th=1&psc=1"><img src="https://m.media-amazon.com/images/I/51E3eEOPg7L._SL500_.jpg" alt="Product Image"></a><p>Cuisinart Grind & Brew 12 Cup Coffeemaker, Chrome</p><p> -11% 0FF </p><p>$189.81 ($15.82 / Count)</p><a href="https://www.amazon.com/dp/B000T9SCZ2?tag=eloabder-20&linkCode=osi&th=1&psc=1">View Product</a></div><div class="product"><a href="https://www.amazon.com/dp/B0CG2NLVPK?tag=eloabder-20&linkCode=osi&th=1&psc=1"><img src="https://m.media-amazon.com/images/I/41PlW5iZ9cL._SL500_.jpg" alt="Product Image"></a><p>Café Specialty Grind and Brew Coffee Maker, Single-Serve to 10-Cup Thermal Carafe, with Built-In Bean Grinder & Removable 75oz Water Reservoir, WiFi & Smart Connected, SCA Certified, Matte White</p><p> -19% 0FF </p><p>$267.99</p><a href="https://www.amazon.com/dp/B0CG2NLVPK?tag=eloabder-20&linkCode=osi&th=1&psc=1">View Product</a></div>
<div class="product"><a href="https://www.amazon.com/dp/B078NN17K3?tag=eloabder-20&linkCode=osi&th=1&psc=1"><img src="https://m.media-amazon.com/images/I/41MI7T21FgL._SL500_.jpg" alt="Product Image"></a><p>Keurig K-Elite Single Serve K-Cup Pod Coffee Maker, with Strength and Temperature Control, Iced Coffee Capability, 8 to 12oz Brew Size, Programmable, Brushed Slate</p><p> -37% 0FF </p><p>$119.00</p><a href="https://www.amazon.com/dp/B078NN17K3?tag=eloabder-20&linkCode=osi&th=1&psc=1">View Product</a></div><div class="product"><a href="https://www.amazon.com/dp/B0C25Y15TL?tag=eloabder-20&linkCode=osi&th=1&psc=1"><img src="https://m.media-amazon.com/images/I/41cX7EQf+HL._SL500_.jpg" alt="Product Image"></a><p>Ninja Pod & Grounds Specialty Single-Serve Coffee Maker, K-Cup Pod Compatible, Brews Grounds, Compact Design, Built-In Milk Frother, 56-oz. Reservoir, 6-oz. Cup to 24-oz. Mug Sizes, Black, PB051</p><p> -30% 0FF </p><p>$69.99</p><a href="https://www.amazon.com/dp/B0C25Y15TL?tag=eloabder-20&linkCode=osi&th=1&psc=1">View Product</a></div><div class="product"><a href="https://www.amazon.com/dp/B0892TW82K?tag=eloabder-20&linkCode=osi&th=1&psc=1"><img src="https://m.media-amazon.com/images/I/31vXpkWlRZL._SL500_.jpg" alt="Product Image"></a><p>Keurig K-Supreme Single Serve K-Cup Pod Coffee Maker, MultiStream Technology, 4 Brew Sizes, 66oz Dual-Position Removable Reservoir, Black</p><p> -41% 0FF </p><p>$99.99</p><a href="https://www.amazon.com/dp/B0892TW82K?tag=eloabder-20&linkCode=osi&th=1&psc=1">View Product</a></div><div class="product"><a href="https://www.amazon.com/dp/B014W1C2VM?tag=eloabder-20&linkCode=osi&th=1&psc=1"><img src="https://m.media-amazon.com/images/I/41lgFMhEj5L._SL500_.jpg" alt="Product Image"></a><p>Cuisinart Coffee Maker, Single Serve 72-Ounce Reservoir Coffee Machine, Programmable Brewing & Hot Water Dispenser, Stainless Steel, SS-10P1,Silver</p><p> -5% 0FF </p><p>$142.74</p><a href="https://www.amazon.com/dp/B014W1C2VM?tag=eloabder-20&linkCode=osi&th=1&psc=1">View Product</a></div><div class="product"><a href="https://www.amazon.com/dp/B083248S3B?tag=eloabder-20&linkCode=osi&th=1&psc=1"><img src="https://m.media-amazon.com/images/I/31AI86Z78OL._SL500_.jpg" alt="Product Image"></a><p>Keurig K-Slim Single Serve K-Cup Pod Coffee Maker, Multistream Technology, 3 Brew Sizes, Slim and Sleek Design, 46oz Removable Reservoir, Black</p><p> -38% 0FF </p><p>$79.99</p><a href="https://www.amazon.com/dp/B083248S3B?tag=eloabder-20&linkCode=osi&th=1&psc=1">View Product</a></div><div class="product"><a href="https://www.amazon.com/dp/B0BV9HKMNT?tag=eloabder-20&linkCode=osi&th=1&psc=1"><img src="https://m.media-amazon.com/images/I/41Nsl9jGGaL._SL500_.jpg" alt="Product Image"></a><p>Keurig K-Compact Single-Serve K-Cup Pod Coffee Maker, with 3 Brew Sizes, Smart Start Feature, 36oz Removable Reservoir, Black</p><p> -30% 0FF </p><p>$69.99</p><a href="https://www.amazon.com/dp/B0BV9HKMNT?tag=eloabder-20&linkCode=osi&th=1&psc=1">View Product</a></div>
<div class="product"><a href="https://www.amazon.com/dp/B085NLFY9F?tag=eloabder-20&linkCode=osi&th=1&psc=1"><img src="https://m.media-amazon.com/images/I/41shkY558zL._SL500_.jpg" alt="Product Image"></a><p>Taylor Swoden 12-Cup Programmable Coffee Maker, Regular & Strong Brew Drip Coffee Machine for Home and Office, Glass Carafe, Pause & Serve, Auto Shut Off, Black & Stainless Steel</p><p> -18% 0FF </p><p>$39.99</p><a href="https://www.amazon.com/dp/B085NLFY9F?tag=eloabder-20&linkCode=osi&th=1&psc=1">View Product</a></div><div class="product"><a href="https://www.amazon.com/dp/B07X43VXZV?tag=eloabder-20&linkCode=osi&th=1&psc=1"><img src="https://m.media-amazon.com/images/I/41H6O9zkknL._SL500_.jpg" alt="Product Image"></a><p>KRUPS Simply Brew 5 Cup Coffee Maker, Cold Brew, Drip Free & Keep Warm Functions, Stainless Steel Coffee Maker Silver and Black</p><p> -18% 0FF </p><p>$32.85</p><a href="https://www.amazon.com/dp/B07X43VXZV?tag=eloabder-20&linkCode=osi&th=1&psc=1">View Product</a></div>

<div class="product"><a href="https://www.amazon.com/dp/B0C7WTKWZN?tag=eloabder-20&linkCode=osi&th=1&psc=1"><img src="https://m.media-amazon.com/images/I/417z+KFuxAL._SL500_.jpg" alt="Product Image"></a><p>Ninja Programmable XL 14-Cup Coffee Maker PRO, 14-Cup Glass Carafe, Freshness Timer, with Permanent Filter, Black Stainless Steel, DCM201BK</p><p> -20% 0FF </p><p>$79.99</p><a href="https://www.amazon.com/dp/B0C7WTKWZN?tag=eloabder-20&linkCode=osi&th=1&psc=1">View Product</a></div><div class="product"><a href="https://www.amazon.com/dp/B0C2JK9Y8V?tag=eloabder-20&linkCode=osi&th=1&psc=1"><img src="https://m.media-amazon.com/images/I/4177Pg-DiWS._SL500_.jpg" alt="Product Image"></a><p>BLACK+DECKER 12 Cup Thermal Programmable Coffee Maker with Brew Strength and VORTEX Technology, Black/Steel</p><p> -14% 0FF </p><p>$60.00 ($5.00 / Count)</p><a href="https://www.amazon.com/dp/B0C2JK9Y8V?tag=eloabder-20&linkCode=osi&th=1&psc=1">View Product</a></div>
<div class="product"><a href="https://www.amazon.com/dp/B0CJ7DMVW6?tag=eloabder-20&linkCode=osi&th=1&psc=1"><img src="https://m.media-amazon.com/images/I/41Et+b9QSzL._SL500_.jpg" alt="Product Image"></a><p>Xylanor Cold Brew Coffee Maker Pitcher, 64 OZ Heavy Duty Glass Wide Mouth Mason Jar Pour Spout Airtight Lid with Stainless Steel Infuser Filter for Iced Coffee, Ice Tea, Brewed Making</p><p> -50% 0FF </p><p>$12.49</p><a href="https://www.amazon.com/dp/B0CJ7DMVW6?tag=eloabder-20&linkCode=osi&th=1&psc=1">View Product</a></div><div class="product"><a href="https://www.amazon.com/dp/B07C36HVWK?tag=eloabder-20&linkCode=osi&th=1&psc=1"><img src="https://m.media-amazon.com/images/I/31dPKeu1VqL._SL500_.jpg" alt="Product Image"></a><p>Takeya Patented Deluxe Cold Brew Coffee Maker with Black Lid Airtight Pitcher, 2 Quart, Black</p><p> -26% 0FF </p><p>$27.99</p><a href="https://www.amazon.com/dp/B07C36HVWK?tag=eloabder-20&linkCode=osi&th=1&psc=1">View Product</a></div><div class="product"><a href="https://www.amazon.com/dp/B086V1QXNM?tag=eloabder-20&linkCode=osi&th=1&psc=1"><img src="https://m.media-amazon.com/images/I/31BHMrB0QSL._SL500_.jpg" alt="Product Image"></a><p>Primula Burke Deluxe Cold Brew Iced Coffee Maker, Comfort Grip Handle, Durable Glass Carafe, Removable Mesh Filter, Perfect 6 Cup Size, Dishwasher Safe, 1.6 qt, Blue</p><p> -35% 0FF </p><p>$11.74</p><a href="https://www.amazon.com/dp/B086V1QXNM?tag=eloabder-20&linkCode=osi&th=1&psc=1">View Product</a></div><div class="product"><a href="https://www.amazon.com/dp/B0BNN7GGKR?tag=eloabder-20&linkCode=osi&th=1&psc=1"><img src="https://m.media-amazon.com/images/I/51p17-SYzvL._SL500_.jpg" alt="Product Image"></a><p>JunVpic Cold Brew Coffee Maker Jar - 64oz Thick Glass Multipurpose Mason Pitcher Spout Lid with Handle & Stainless Steel Filter for Iced Coffee, Lemonade, Ice Tea, Homemade Fruit Drinks Container</p><p> -5% 0FF </p><p>$18.98 ($18.98 / Count)</p><a href="https://www.amazon.com/dp/B0BNN7GGKR?tag=eloabder-20&linkCode=osi&th=1&psc=1">View Product</a></div><div class="product"><a href="https://www.amazon.com/dp/B0CGWS1M51?tag=eloabder-20&linkCode=osi&th=1&psc=1"><img src="https://m.media-amazon.com/images/I/410ZIkV0HFL._SL500_.jpg" alt="Product Image"></a><p>QHH Cold Brew Coffee Maker, 64 oz Wide Mouth Mason Jar Pitcher with Stainless Steel Filter, Pour Spout Handle Lid, Heavy Duty Glass Airtight & Leak-Proof Pitcher for iced coffee & Tea Lemonade</p><p> -20% 0FF </p><p>$18.49</p><a href="https://www.amazon.com/dp/B0CGWS1M51?tag=eloabder-20&linkCode=osi&th=1&psc=1">View Product</a></div><div class="product"><a href="https://www.amazon.com/dp/B0CVLJ2NQK?tag=eloabder-20&linkCode=osi&th=1&psc=1"><img src="https://m.media-amazon.com/images/I/51lQGHFBfPL._SL500_.jpg" alt="Product Image"></a><p>Zulay Kitchen 1 Gallon Cold Brew Coffee Maker - Large Iced Tea & Cold Brew Pitcher with Extra-Thick Glass & Stainless Steel Infuser - Cold Brew Coffee Maker with Airtight Lid & Spout (Silver)</p><p> -20% 0FF </p><p>$39.99</p><a href="https://www.amazon.com/dp/B0CVLJ2NQK?tag=eloabder-20&linkCode=osi&th=1&psc=1">View Product</a></div><div class="product"><a href="https://www.amazon.com/dp/B0D929JTC9?tag=eloabder-20&linkCode=osi&th=1&psc=1"><img src="https://m.media-amazon.com/images/I/41WA4B3VkCL._SL500_.jpg" alt="Product Image"></a><p>Cold Brew Coffee Maker,64oz Food Grade Glass Cold Brew Pitcher,Strong Sealing Cold Brew Maker With Fine Filter,Cold Brew Coffee Pitcher For Ice Tea&Fruit Drinks,Easy To Wash Iced Coffee Pitcher Grey</p><p> -27% 0FF </p><p>$15.99</p><a href="https://www.amazon.com/dp/B0D929JTC9?tag=eloabder-20&linkCode=osi&th=1&psc=1">View Product</a></div><div class="product"><a href="https://www.amazon.com/dp/B07VJJJ764?tag=eloabder-20&linkCode=osi&th=1&psc=1"><img src="https://m.media-amazon.com/images/I/41xKFEtM8EL._SL500_.jpg" alt="Product Image"></a><p>County Line Kitchen Glass Cold Brew Coffee Maker with Lid - Wide Mouth, 2 Quart (64 oz) - Heavy Duty, Leak Proof - Sun & Iced Tea Pitcher, Cold Brew Coffee, Breast Milk Storage, Water - Gray</p><p> -25% 0FF </p><p>$29.99</p><a href="https://www.amazon.com/dp/B07VJJJ764?tag=eloabder-20&linkCode=osi&th=1&psc=1">View Product</a></div><div class="product"><a href="https://www.amazon.com/dp/B0CKN6MCLD?tag=eloabder-20&linkCode=osi&th=1&psc=1"><img src="https://m.media-amazon.com/images/I/510bfugc5jL._SL500_.jpg" alt="Product Image"></a><p>DWTS DANWEITESI Cold Brew Coffee Maker 64 oz,2-Quart Wide Mouth Cold Brew Maker with Stainless Steel Cold Brew Filter-Mason Jar Pitcher with Lid and Spout for Coffee,Iced Coffee Accessories(Black)</p><p> -24% 0FF </p><p>$12.99</p><a href="https://www.amazon.com/dp/B0CKN6MCLD?tag=eloabder-20&linkCode=osi&th=1&psc=1">View Product</a></div>

<div class="product"><a href="https://www.amazon.com/dp/B099J3J6VJ?tag=eloabder-20&linkCode=osi&th=1&psc=1"><img src="https://m.media-amazon.com/images/I/41ecdckFeFL._SL500_.jpg" alt="Product Image"></a><p>Eurolux Percolator Coffee Maker Pot - 9 Cups | Durable Stainless Steel Material | Brew Coffee On Fire, Grill or Stovetop | No Electricity, No Bad Plastic Taste | Ideal for Home, Camping & Travel</p><p> -13% 0FF </p><p>$34.99 ($3.89 / Count)</p><a href="https://www.amazon.com/dp/B099J3J6VJ?tag=eloabder-20&linkCode=osi&th=1&psc=1">View Product</a></div><div class="product"><a href="https://www.amazon.com/dp/B0C9VW3N1X?tag=eloabder-20&linkCode=osi&th=1&psc=1"><img src="https://m.media-amazon.com/images/I/31YYKk0EaiL._SL500_.jpg" alt="Product Image"></a><p>Primula Stovetop Coffee Percolator, Premium Stainless Steel Coffee Maker with Reusable Filter Basket, Non-Drip Spout, Glass Knob Brew Indicator and Heat Resistant Handle, Dishwasher Safe, 8 Cup</p><p> -6% 0FF </p><p>$28.17</p><a href="https://www.amazon.com/dp/B0C9VW3N1X?tag=eloabder-20&linkCode=osi&th=1&psc=1">View Product</a></div><div class="product"><a href="https://www.amazon.com/dp/B0DFXBGKQW?tag=eloabder-20&linkCode=osi&th=1&psc=1"><img src="https://m.media-amazon.com/images/I/41HwFOR87NL._SL500_.jpg" alt="Product Image"></a><p>VERDETECH Glass Coffee Percolator - The Nonna | Non-Electric Borosilicate Glass & Stainless Steel | Eco-Friendly Coffee Gift | BPA Free | Stovetop Glass Percolator (1 Unit)</p><p> -14% 0FF </p><p>$59.99</p><a href="https://www.amazon.com/dp/B0DFXBGKQW?tag=eloabder-20&linkCode=osi&th=1&psc=1">View Product</a></div>

<div class="product"><a href="https://www.amazon.com/dp/B009PCI2JU?tag=eloabder-20&linkCode=osi&th=1&psc=1"><img src="https://m.media-amazon.com/images/I/319P4iuozKL._SL500_.jpg" alt="Product Image"></a><p>GE RPWFE Refrigerator Water Filter, Genuine Replacement Filter, Certified to Reduce Lead, Sulfur, and 50+ Other Impurities, Replace Every 6 Months for Best Results, Pack of 1</p><p> -11% 0FF </p><p>$49.00</p><a href="https://www.amazon.com/dp/B009PCI2JU?tag=eloabder-20&linkCode=osi&th=1&psc=1">View Product</a></div><div class="product"><a href="https://www.amazon.com/dp/B00UXG4WR8?tag=eloabder-20&linkCode=osi&th=1&psc=1"><img src="https://m.media-amazon.com/images/I/317c+XdM3jL._SL500_.jpg" alt="Product Image"></a><p>everydrop by Whirlpool Ice and Water Refrigerator Filter 1, EDR1RXD1, Single-Pack , Purple</p><p> -30% 0FF </p><p>$41.99</p><a href="https://www.amazon.com/dp/B00UXG4WR8?tag=eloabder-20&linkCode=osi&th=1&psc=1">View Product</a></div><div class="product"><a href="https://www.amazon.com/dp/B0882ZJ48W?tag=eloabder-20&linkCode=osi&th=1&psc=1"><img src="https://m.media-amazon.com/images/I/31sBIpG9D+L._SL500_.jpg" alt="Product Image"></a><p>GE XWFE Refrigerator Water Filter, Genuine Replacement Filter, Certified to Reduce Lead, Sulfur, and 50+ Other Impurities, Replace Every 6 Months for Best Results, Pack of 1</p><p> -9% 0FF </p><p>$49.95</p><a href="https://www.amazon.com/dp/B0882ZJ48W?tag=eloabder-20&linkCode=osi&th=1&psc=1">View Product</a></div><div class="product"><a href="https://www.amazon.com/dp/B08V6JB9R7?tag=eloabder-20&linkCode=osi&th=1&psc=1"><img src="https://m.media-amazon.com/images/I/31f6HhVENHL._SL500_.jpg" alt="Product Image"></a><p>Frigidaire FPPWFU01 PurePour PWF-1 Water Filter 1 Count (Pack of 1)</p><p> -28% 0FF </p><p>$38.99</p><a href="https://www.amazon.com/dp/B08V6JB9R7?tag=eloabder-20&linkCode=osi&th=1&psc=1">View Product</a></div><div class="product"><a href="https://www.amazon.com/dp/B074HLRXMP?tag=eloabder-20&linkCode=osi&th=1&psc=1"><img src="https://m.media-amazon.com/images/I/21pHfBmff3L._SL500_.jpg" alt="Product Image"></a><p>LG LT1000P - 6 Month / 200 Gallon Capacity Replacement Refrigerator Water Filter (NSF42, NSF53, and NSF401) ADQ74793501, ADQ75795105, AGF80300704, or AGF80300705 White</p><p> -19% 0FF </p><p>$44.59</p><a href="https://www.amazon.com/dp/B074HLRXMP?tag=eloabder-20&linkCode=osi&th=1&psc=1">View Product</a></div><div class="product"><a href="https://www.amazon.com/dp/B01BKWSHHE?tag=eloabder-20&linkCode=osi&th=1&psc=1"><img src="https://m.media-amazon.com/images/I/31le9xXAImL._SL500_.jpg" alt="Product Image"></a><p>Frigidaire EPTWFU01 Water Filtration Filter, 1 Count, White</p><p> -8% 0FF </p><p>$49.00</p><a href="https://www.amazon.com/dp/B01BKWSHHE?tag=eloabder-20&linkCode=osi&th=1&psc=1">View Product</a></div><div class="product"><a href="https://www.amazon.com/dp/B00VBP8QPO?tag=eloabder-20&linkCode=osi&th=1&psc=1"><img src="https://m.media-amazon.com/images/I/31NokdYCZOL._SL500_.jpg" alt="Product Image"></a><p>Everydrop by Whirlpool Ice and Water Refrigerator Filter 2, EDR2RXD1, Single-Pack</p><p> -20% 0FF </p><p>$47.99</p><a href="https://www.amazon.com/dp/B00VBP8QPO?tag=eloabder-20&linkCode=osi&th=1&psc=1">View Product</a></div><div class="product"><a href="https://www.amazon.com/dp/B00UB38V2A?tag=eloabder-20&linkCode=osi&th=1&psc=1"><img src="https://m.media-amazon.com/images/I/317IAqOtFtL._SL500_.jpg" alt="Product Image"></a><p>everydrop by Whirlpool Ice and Water Refrigerator Filter 4, EDR4RXD1, Single-Pack</p><p> -23% 0FF </p><p>$46.32 ($27.09 / Pound)</p><a href="https://www.amazon.com/dp/B00UB38V2A?tag=eloabder-20&linkCode=osi&th=1&psc=1">View Product</a></div><div class="product"><a href="https://www.amazon.com/dp/B071NFVVNG?tag=eloabder-20&linkCode=osi&th=1&psc=1"><img src="https://m.media-amazon.com/images/I/41uJIz7wOSL._SL500_.jpg" alt="Product Image"></a><p>SAMSUNG Genuine Filter for Refrigerator Water and Ice, Carbon Block Filtration, Reduces 99% of Harmful Contaminants for Clean, Clear Drinking Water, 6-Month Life, HAF-QIN/EXP, 1 Pack</p><p> -30% 0FF </p><p>$34.99</p><a href="https://www.amazon.com/dp/B071NFVVNG?tag=eloabder-20&linkCode=osi&th=1&psc=1">View Product</a></div><div class="product"><a href="https://www.amazon.com/dp/B0045LLC7K?tag=eloabder-20&linkCode=osi&th=1&psc=1"><img src="https://m.media-amazon.com/images/I/61KMsxTZCzL._SL500_.jpg" alt="Product Image"></a><p>Frigidaire WF3CB Puresource3 Refrigerator Water Filter , White, 1 Count (Pack of 1)</p><p> -12% 0FF </p><p>$42.00</p><a href="https://www.amazon.com/dp/B0045LLC7K?tag=eloabder-20&linkCode=osi&th=1&psc=1">View Product</a></div>
<div class="product"><a href="https://www.amazon.com/dp/B0CCK33WLB?tag=eloabder-20&linkCode=osi&th=1&psc=1"><img src="https://m.media-amazon.com/images/I/41EyKRnAWNL._SL500_.jpg" alt="Product Image"></a><p>Ninja Thirsti Drink System, Soda Maker, Create Unique Sparkling & Still Drinks, Personalize Size & Flavor, Carbonated Water Machine, 60L CO2 Cylinder & Variety of Flavored Water Drops, Black WC1001</p><p> -44% 0FF </p><p>$99.99</p><a href="https://www.amazon.com/dp/B0CCK33WLB?tag=eloabder-20&linkCode=osi&th=1&psc=1">View Product</a></div><div class="product"><a href="https://www.amazon.com/dp/B09K81HGGD?tag=eloabder-20&linkCode=osi&th=1&psc=1"><img src="https://m.media-amazon.com/images/I/41iyFiXEpmL._SL500_.jpg" alt="Product Image"></a><p>PHILIPS Sparkling Water Maker Soda Maker Soda Streaming Machine for Carbonating with 1L Carbonating Bottle, Seltzer Fizzy Water Maker, Compatible with Any Screw-in 60L CO2 Carbonator(NOT Included)</p><p> -20% 0FF </p><p>$53.97 ($53.97 / Count)</p><a href="https://www.amazon.com/dp/B09K81HGGD?tag=eloabder-20&linkCode=osi&th=1&psc=1">View Product</a></div><div class="product"><a href="https://www.amazon.com/dp/B08HR72YN1?tag=eloabder-20&linkCode=osi&th=1&psc=1"><img src="https://m.media-amazon.com/images/I/41m9KO8snqL._SL500_.jpg" alt="Product Image"></a><p>aarke - Carbonator III Premium Carbonator-Sparkling & Seltzer Water Maker-Soda Maker with PET Bottle (Stainless Steel)</p><p> -16% 0FF </p><p>$189.99</p><a href="https://www.amazon.com/dp/B08HR72YN1?tag=eloabder-20&linkCode=osi&th=1&psc=1">View Product</a></div><div class="product"><a href="https://www.amazon.com/dp/B01MAVUI17?tag=eloabder-20&linkCode=osi&th=1&psc=1"><img src="https://m.media-amazon.com/images/I/31hwDO28c+L._SL500_.jpg" alt="Product Image"></a><p>iSi North America Soda Siphon Classic Mesh Sodamaker for Making Carbonating Beverages, 1 Quart, Stainless Steel,Silver</p><p> -27% 0FF </p><p>$91.24</p><a href="https://www.amazon.com/dp/B01MAVUI17?tag=eloabder-20&linkCode=osi&th=1&psc=1">View Product</a></div><div class="product"><a href="https://www.amazon.com/dp/B097TD8V5P?tag=eloabder-20&linkCode=osi&th=1&psc=1"><img src="https://m.media-amazon.com/images/I/41waAUN4cYL._SL500_.jpg" alt="Product Image"></a><p>SodaStream Terra Sparkling Water Maker (Black) with CO2 and DWS Bottle</p><p> -18% 0FF </p><p>$81.99</p><a href="https://www.amazon.com/dp/B097TD8V5P?tag=eloabder-20&linkCode=osi&th=1&psc=1">View Product</a></div><div class="product"><a href="https://www.amazon.com/dp/B0CG8W3YTG?tag=eloabder-20&linkCode=osi&th=1&psc=1"><img src="https://m.media-amazon.com/images/I/41o-dYH8ZFL._SL500_.jpg" alt="Product Image"></a><p>spoonlemon Sparkling Water Maker,Soda Streaming Machine for Home Use, Carbonated Water Machine with BPA Free 1L PET Bottle, Compatible with Any Screw-in 60L CO2 Exchange Carbonator, Black</p><p> -40% 0FF </p><p>$29.99</p><a href="https://www.amazon.com/dp/B0CG8W3YTG?tag=eloabder-20&linkCode=osi&th=1&psc=1">View Product</a></div>
<div class="product"><a href="https://www.amazon.com/dp/B0CNV1ZVFY?tag=eloabder-20&linkCode=osi&th=1&psc=1"><img src="https://m.media-amazon.com/images/I/51-GQToXwtL._SL500_.jpg" alt="Product Image"></a><p>Zulay Powerful Milk Frother (4 Duracell Batteries Included) - Handheld Milk Frother Wand Drink Mixer for Coffee - Powerful Milk Foamer for Cappuccino, Frappe, Matcha & Coffee Creamer - Black</p><p> -27% 0FF </p><p>$15.99</p><a href="https://www.amazon.com/dp/B0CNV1ZVFY?tag=eloabder-20&linkCode=osi&th=1&psc=1">View Product</a></div><div class="product"><a href="https://www.amazon.com/dp/B0CQS3ZS76?tag=eloabder-20&linkCode=osi&th=1&psc=1"><img src="https://m.media-amazon.com/images/I/41Qi-eOYOAL._SL500_.jpg" alt="Product Image"></a><p>5-in-1 Milk Frother and Steamer - Upgraded Automatic Milk Steamer 11.8oz Hot & Cold Foam Maker and Milk Warmer with LED Display Touch Screen & Two Whisks for Latte,Cappuccinos,Silent Working</p><p> -20% 0FF </p><p>$36.98</p><a href="https://www.amazon.com/dp/B0CQS3ZS76?tag=eloabder-20&linkCode=osi&th=1&psc=1">View Product</a></div><div class="product"><a href="https://www.amazon.com/dp/B0CT43RWPQ?tag=eloabder-20&linkCode=osi&th=1&psc=1"><img src="https://m.media-amazon.com/images/I/3113HSHcJUL._SL500_.jpg" alt="Product Image"></a><p>Keurig® SimpleCafé Milk Frother</p><p> -20% 0FF </p><p>$23.99</p><a href="https://www.amazon.com/dp/B0CT43RWPQ?tag=eloabder-20&linkCode=osi&th=1&psc=1">View Product</a></div>
<div class="product"><a href="https://www.amazon.com/dp/B00ZGCKLE2?tag=eloabder-20&linkCode=osi&th=1&psc=1"><img src="https://m.media-amazon.com/images/I/31i6YnOvfAL._SL500_.jpg" alt="Product Image"></a><p>DASH Deluxe Rapid Egg Cooker for Hard Boiled, Poached, Scrambled Eggs, Omelets, Steamed Vegetables, Dumplings & More, 12 capacity, with Auto Shut Off Feature - Black</p><p> -8% 0FF </p><p>$22.94</p><a href="https://www.amazon.com/dp/B00ZGCKLE2?tag=eloabder-20&linkCode=osi&th=1&psc=1">View Product</a></div><div class="product"><a href="https://www.amazon.com/dp/B09YFBKGCS?tag=eloabder-20&linkCode=osi&th=1&psc=1"><img src="https://m.media-amazon.com/images/I/31eiNcNseHL._SL500_.jpg" alt="Product Image"></a><p>Elite Gourmet Easy Electric 7 Egg Capacity Soft, Medium, Hard-Boiled Cooker Poacher, Scrambled, Omelet Maker with Auto Shut-Off and Buzzer, BPA Free</p><p> -7% 0FF </p><p>$13.99</p><a href="https://www.amazon.com/dp/B09YFBKGCS?tag=eloabder-20&linkCode=osi&th=1&psc=1">View Product</a></div>
<div class="product"><a href="https://www.amazon.com/dp/B0D69JWL18?tag=eloabder-20&linkCode=osi&th=1&psc=1"><img src="https://m.media-amazon.com/images/I/41kYQfIKwhL._SL500_.jpg" alt="Product Image"></a><p>Electric Meat Grinder, Sausage Stuffer Maker 450W(3000W Max) Food Grinder with Blade & 3 Plates, Sausage Stuffer Tubes & Kubbe Kit, Stainless Steel Heavy Duty Meat Mincer Machine for Home Kitchen Use</p><p> -15% 0FF </p><p>$68.99</p><a href="https://www.amazon.com/dp/B0D69JWL18?tag=eloabder-20&linkCode=osi&th=1&psc=1">View Product</a></div>
<div class="product"><a href="https://www.amazon.com/dp/B0DFMVWB9L?tag=eloabder-20&linkCode=osi&th=1&psc=1"><img src="https://m.media-amazon.com/images/I/419rFpp0fLL._SL500_.jpg" alt="Product Image"></a><p>Dough Mixer 7L Large Capacity Electric Dough Maker with Ferment Function for Baking Bread Dough&Pizza Dough - Dough whisk 304 Stainless Steel Blender Add water/seasoning with Top Small Window</p><p> -33% 0FF </p><p>$93.99</p><a href="https://www.amazon.com/dp/B0DFMVWB9L?tag=eloabder-20&linkCode=osi&th=1&psc=1">View Product</a></div><div class="product"><a href="https://www.amazon.com/dp/B09BVDKSTN?tag=eloabder-20&linkCode=osi&th=1&psc=1"><img src="https://m.media-amazon.com/images/I/41Y7r4SvteL._SL500_.jpg" alt="Product Image"></a><p>Kitchen in the box Stand Mixer,3.2Qt Small Electric Food Mixer,6 Speeds Portable Lightweight Kitchen Mixer for Daily Use with Egg Whisk,Dough Hook,Flat Beater (Blue)</p><p> -20% 0FF </p><p>$79.99</p><a href="https://www.amazon.com/dp/B09BVDKSTN?tag=eloabder-20&linkCode=osi&th=1&psc=1">View Product</a></div><div class="product"><a href="https://www.amazon.com/dp/B0DDT7GKZS?tag=eloabder-20&linkCode=osi&th=1&psc=1"><img src="https://m.media-amazon.com/images/I/41l9zrpiWsL._SL500_.jpg" alt="Product Image"></a><p>Electric Dough Maker with Ferment Function, 5L(5.2QT) Dough Mixer Machine with 304 Stainless Steel Bowl, Microcomputer Timing, Kitchen Stand Mixers, Household Flour Kneading Machine for Pizza Bread</p><p> -10% 0FF </p><p>$89.99</p><a href="https://www.amazon.com/dp/B0DDT7GKZS?tag=eloabder-20&linkCode=osi&th=1&psc=1">View Product</a></div>
<div class="product"><a href="https://www.amazon.com/dp/B006N453NQ?tag=eloabder-20&linkCode=osi&th=1&psc=1"><img src="https://m.media-amazon.com/images/I/311EqpHCn9L._SL500_.jpg" alt="Product Image"></a><p>IMUSA USA Tortilla Press, 8 Inch, Silver</p><p> -38% 0FF </p><p>$12.39</p><a href="https://www.amazon.com/dp/B006N453NQ?tag=eloabder-20&linkCode=osi&th=1&psc=1">View Product</a></div><div class="product"><a href="https://www.amazon.com/dp/B00455NTOU?tag=eloabder-20&linkCode=osi&th=1&psc=1"><img src="https://m.media-amazon.com/images/I/41OXJbbz3fL._SL500_.jpg" alt="Product Image"></a><p>CucinaPro Electric Tortilla Maker - 10" Pitas, Chapati, Roti, Flatbread, Non-Stick Cooking Plates with Ready Light and Cord Wrap</p><p> -12% 0FF </p><p>$61.65</p><a href="https://www.amazon.com/dp/B00455NTOU?tag=eloabder-20&linkCode=osi&th=1&psc=1">View Product</a></div><div class="product"><a href="https://www.amazon.com/dp/B00IFDGST6?tag=eloabder-20&linkCode=osi&th=1&psc=1"><img src="https://m.media-amazon.com/images/I/41gVmZedZML._SL500_.jpg" alt="Product Image"></a><p>Manual Corn Tortilla Maker by Monarca</p><p> -29% 0FF </p><p>$105.78</p><a href="https://www.amazon.com/dp/B00IFDGST6?tag=eloabder-20&linkCode=osi&th=1&psc=1">View Product</a></div><div class="product"><a href="https://www.amazon.com/dp/B0CRF6ZZDJ?tag=eloabder-20&linkCode=osi&th=1&psc=1"><img src="https://m.media-amazon.com/images/I/41NLGn3m6PL._SL500_.jpg" alt="Product Image"></a><p>10inch Roti Maker by StarBlue with FREE Roti Warmer and Removable Handle - The automatic Stainless Steel Non-Stick Electric machine to make Indian style Chapati, Tortilla, Roti AC 110V 50/60Hz 1200W</p><p> -13% 0FF </p><p>$69.99</p><a href="https://www.amazon.com/dp/B0CRF6ZZDJ?tag=eloabder-20&linkCode=osi&th=1&psc=1">View Product</a></div><div class="product"><a href="https://www.amazon.com/dp/B06XWNDKW7?tag=eloabder-20&linkCode=osi&th=1&psc=1"><img src="https://m.media-amazon.com/images/I/41nx+omSxCL._SL500_.jpg" alt="Product Image"></a><p>Made in Mexico Manual Corn Tortilla Maker GONZALEZ Maquina Tortilladora Aluminum 5.5" Automatic Cutting Machine</p><p> -5% 0FF </p><p>$209.87</p><a href="https://www.amazon.com/dp/B06XWNDKW7?tag=eloabder-20&linkCode=osi&th=1&psc=1">View Product</a></div>
<div class="product"><a href="https://www.amazon.com/dp/B0C82BY7CK?tag=eloabder-20&linkCode=osi&th=1&psc=1"><img src="https://m.media-amazon.com/images/I/51c+eLUrDVL._SL500_.jpg" alt="Product Image"></a><p>nutrichef Electric Crepe Maker Pan & Griddle, 12 Inch Nonstick Cooktop, LED Indicators & Adjustable Temperature Control, Includes Spatula, Batter Spreader, Cooks Crepes, Roti & Pancakes</p><p> -17% 0FF </p><p>$24.99</p><a href="https://www.amazon.com/dp/B0C82BY7CK?tag=eloabder-20&linkCode=osi&th=1&psc=1">View Product</a></div><div class="product"><a href="https://www.amazon.com/dp/B000WW46QA?tag=eloabder-20&linkCode=osi&th=1&psc=1"><img src="https://m.media-amazon.com/images/I/41CY+mgFAmL._SL500_.jpg" alt="Product Image"></a><p>CucinaPro Cordless Crepe Maker- FREE Recipe Guide, NonStick Dipping Plate plus Electric Base & Batter Spatula, Portable Compact Baker, Homemade Holiday Morning Breakfast or Dessert Treat, Gift for Her</p><p> -20% 0FF </p><p>$39.95</p><a href="https://www.amazon.com/dp/B000WW46QA?tag=eloabder-20&linkCode=osi&th=1&psc=1">View Product</a></div><div class="product"><a href="https://www.amazon.com/dp/B07GSFVVDB?tag=eloabder-20&linkCode=osi&th=1&psc=1"><img src="https://m.media-amazon.com/images/I/51XKEoqpDBL._SL500_.jpg" alt="Product Image"></a><p>Crepe Maker Machine (Easy to Use), Pancake Griddle – Nonstick 12” Electric Griddle – Pancake Maker, Batter Spreader, Wooden Spatula – Crepe Pan for Crepes Roti, Tortilla, Blintzes – Portable, Compact</p><p> -36% 0FF </p><p>$31.99 ($0.77 / oz)</p><a href="https://www.amazon.com/dp/B07GSFVVDB?tag=eloabder-20&linkCode=osi&th=1&psc=1">View Product</a></div><div class="product"><a href="https://www.amazon.com/dp/B001EZCJL8?tag=eloabder-20&linkCode=osi&th=1&psc=1"><img src="https://m.media-amazon.com/images/I/51Ih03aFGjL._SL500_.jpg" alt="Product Image"></a><p>12" Griddle & Crepe Maker, Non-Stick Electric Crepe Pan w Batter Spreader & Recipe Guide- Dual Use for Blintzes Eggs Pancakes, Portable, Adjustable Temperature Settings - Holiday Breakfast, Xmas Gift</p><p> -20% 0FF </p><p>$39.95</p><a href="https://www.amazon.com/dp/B001EZCJL8?tag=eloabder-20&linkCode=osi&th=1&psc=1">View Product</a></div>
<div class="product"><a href="https://www.amazon.com/dp/B000FZ4TZC?tag=eloabder-20&linkCode=osi&th=1&psc=1"><img src="https://m.media-amazon.com/images/I/31nyHOkItNL._SL500_.jpg" alt="Product Image"></a><p>Nostalgia 3 Tier Electric Chocolate Fondue Fountain Machine for Parties - Melts Cheese, Queso, Candy, and Liqueur - Dip Strawberries, Apple Wedges, Vegetables, and More - 24-Ounce - Black, Small</p><p> -13% 0FF </p><p>$34.99</p><a href="https://www.amazon.com/dp/B000FZ4TZC?tag=eloabder-20&linkCode=osi&th=1&psc=1">View Product</a></div><div class="product"><a href="https://www.amazon.com/dp/B0D7SZXBRW?tag=eloabder-20&linkCode=osi&th=1&psc=1"><img src="https://m.media-amazon.com/images/I/41+DhKbj5zL._SL500_.jpg" alt="Product Image"></a><p>Electric Chocolate Fondue Fountain Machine, 3-Tier Chocolate and Cheese Melting Fountain with 10oz Capacity, Stainless Steel Mini Chocolate Fountain for Parties, Weddings, Birthdays, and Events</p><p> -24% 0FF </p><p>$18.99</p><a href="https://www.amazon.com/dp/B0D7SZXBRW?tag=eloabder-20&linkCode=osi&th=1&psc=1">View Product</a></div>
<div class="product"><a href="https://www.amazon.com/dp/B0888F15LM?tag=eloabder-20&linkCode=osi&th=1&psc=1"><img src="https://m.media-amazon.com/images/I/41Ikd-J1tpL._SL500_.jpg" alt="Product Image"></a><p>Taylor Swoden Electric Kettle with Tea Infuser, 1L Small Electric Tea Kettle with Keep Warm, LED Light Hot Water Boiler & Heater for Coffee & Tea, Auto Shut-Off & Boil Dry Protection, BPA Free, Black</p><p> -7% 0FF </p><p>$27.99</p><a href="https://www.amazon.com/dp/B0888F15LM?tag=eloabder-20&linkCode=osi&th=1&psc=1">View Product</a></div>
<div class="product"><a href="https://www.amazon.com/dp/B07X6C6J25?tag=eloabder-20&linkCode=osi&th=1&psc=1"><img src="https://m.media-amazon.com/images/I/41RaGumc3qL._SL500_.jpg" alt="Product Image"></a><p>ALINK 5-Pack Bottle Brush Cleaner - Long Bamboo Handle Water Bottle Straw Cleaning Brush for Washing Narrow Neck Beer Wine Decanter, Sports Bottle, Thermos, Flask</p><p> -29% 0FF </p><p>$9.99</p><a href="https://www.amazon.com/dp/B07X6C6J25?tag=eloabder-20&linkCode=osi&th=1&psc=1">View Product</a></div><div class="product"><a href="https://www.amazon.com/dp/B0BQLGCQVD?tag=eloabder-20&linkCode=osi&th=1&psc=1"><img src="https://m.media-amazon.com/images/I/3144LGFz9-L._SL500_.jpg" alt="Product Image"></a><p>5 Pcs Bottle Brush with Stainless Steel and Long Handle, Specialized for Sports Bottles, Baby Bottle, Cups, Coffee Mugs, Glasswares, Tumblers, Wine Decanters Cleaning</p><p> -25% 0FF </p><p>$1.50</p><a href="https://www.amazon.com/dp/B0BQLGCQVD?tag=eloabder-20&linkCode=osi&th=1&psc=1">View Product</a></div>
<div class="product"><a href="https://www.amazon.com/dp/B01EVHWNVG?tag=eloabder-20&linkCode=osi&th=1&psc=1"><img src="https://m.media-amazon.com/images/I/41DiyhHQuzL._SL500_.jpg" alt="Product Image"></a><p>Zojirushi NS-LGC05XB Micom Rice Cooker & Warmer, 3-Cups (uncooked), Stainless Black</p><p> -27% 0FF </p><p>$142.14</p><a href="https://www.amazon.com/dp/B01EVHWNVG?tag=eloabder-20&linkCode=osi&th=1&psc=1">View Product</a></div><div class="product"><a href="https://www.amazon.com/dp/B098BVDKYK?tag=eloabder-20&linkCode=osi&th=1&psc=1"><img src="https://m.media-amazon.com/images/I/31LwHSfartL._SL500_.jpg" alt="Product Image"></a><p>Aroma Housewares 4-Cups (Cooked) / 1Qt. Rice & Grain Cooker (ARC-302NGP), Pink</p><p> -20% 0FF </p><p>$19.99</p><a href="https://www.amazon.com/dp/B098BVDKYK?tag=eloabder-20&linkCode=osi&th=1&psc=1">View Product</a></div><div class="product"><a href="https://www.amazon.com/dp/B091BZQMMT?tag=eloabder-20&linkCode=osi&th=1&psc=1"><img src="https://m.media-amazon.com/images/I/31L3e+bmJ3L._SL500_.jpg" alt="Product Image"></a><p>GreenLife 4-Cup Digital Rice Cooker, PFAS & PFOA-Free Removable Ceramic Dishwasher Safe Pot, Healthy Cooking Oats Grains & More, Auto Presets, Touch-screen, Delay & Keep Warm, Paddle Included, White</p><p> -34% 0FF </p><p>$33.00</p><a href="https://www.amazon.com/dp/B091BZQMMT?tag=eloabder-20&linkCode=osi&th=1&psc=1">View Product</a></div><div class="product"><a href="https://www.amazon.com/dp/B00007J5U7?tag=eloabder-20&linkCode=osi&th=1&psc=1"><img src="https://m.media-amazon.com/images/I/31wuPFARpOS._SL500_.jpg" alt="Product Image"></a><p>Zojirushi NS-ZCC10 5-1/2-Cup Neuro Fuzzy Rice Cooker and Warmer, Premium White</p><p> -18% 0FF </p><p>$199.99</p><a href="https://www.amazon.com/dp/B00007J5U7?tag=eloabder-20&linkCode=osi&th=1&psc=1">View Product</a></div>
<div class="product"><a href="https://www.amazon.com/dp/B01LYR6VNZ?tag=eloabder-20&linkCode=osi&th=1&psc=1"><img src="https://m.media-amazon.com/images/I/51BYZ5qkPBL._SL500_.jpg" alt="Product Image"></a><p>BLACK+DECKER 1.5-Cup Electric Food Chopper, One Touch Pulse, 150W Motor, Stay-Sharp Blade, Dishwasher Safe</p><p> -15% 0FF </p><p>$16.99</p><a href="https://www.amazon.com/dp/B01LYR6VNZ?tag=eloabder-20&linkCode=osi&th=1&psc=1">View Product</a></div><div class="product"><a href="https://www.amazon.com/dp/B01LX8I3R3?tag=eloabder-20&linkCode=osi&th=1&psc=1"><img src="https://m.media-amazon.com/images/I/31OuiPMscGL._SL500_.jpg" alt="Product Image"></a><p>KitchenAid KFC3516CU 3.5 Cup Food Chopper, Contour Silver</p><p> -25% 0FF </p><p>$44.95</p><a href="https://www.amazon.com/dp/B01LX8I3R3?tag=eloabder-20&linkCode=osi&th=1&psc=1">View Product</a></div><div class="product"><a href="https://www.amazon.com/dp/B00006IUX0?tag=eloabder-20&linkCode=osi&th=1&psc=1"><img src="https://m.media-amazon.com/images/I/41DiC1LmvUL._SL500_.jpg" alt="Product Image"></a><p>Proctor Silex Durable Electric Vegetable Chopper & Mini Food Processor for Chopping, Puree & Emulsify, 1.5 Cup, 1.5 cups, White</p><p> -17% 0FF </p><p>$14.99</p><a href="https://www.amazon.com/dp/B00006IUX0?tag=eloabder-20&linkCode=osi&th=1&psc=1">View Product</a></div><div class="product"><a href="https://www.amazon.com/dp/B0CSYVGP9S?tag=eloabder-20&linkCode=osi&th=1&psc=1"><img src="https://m.media-amazon.com/images/I/41kBleyq34L._SL500_.jpg" alt="Product Image"></a><p>DEVINC Food Processor, Electric Food Chopper with 2 Bowls (8 Cup+8 Cup), 2 Sets Blades, 500W Meat Grinder & Veggie Chopper, 2 Speed for Baby food &Family Use Blue</p><p> -40% 0FF </p><p>$29.99</p><a href="https://www.amazon.com/dp/B0CSYVGP9S?tag=eloabder-20&linkCode=osi&th=1&psc=1">View Product</a></div>
<div class="product"><a href="https://www.amazon.com/dp/B07D7TFTVN?tag=eloabder-20&linkCode=osi&th=1&psc=1"><img src="https://m.media-amazon.com/images/I/31ZeQnL1X4L._SL500_.jpg" alt="Product Image"></a><p>Elite Gourmet EMT-625B Ultimate Precision Electric Deli Food Meat Slicer Removable Stainless Steel Blade, Adjustable Thickness, Ideal for Cold Cuts, Hard Cheese, Vegetables & Bread, 7.5”, Black</p><p> -25% 0FF </p><p>$60.24</p><a href="https://www.amazon.com/dp/B07D7TFTVN?tag=eloabder-20&linkCode=osi&th=1&psc=1">View Product</a></div><div class="product"><a href="https://www.amazon.com/dp/B0CLDD8DHP?tag=eloabder-20&linkCode=osi&th=1&psc=1"><img src="https://m.media-amazon.com/images/I/41ScDNLkLAL._SL500_.jpg" alt="Product Image"></a><p>Meat Slicer,TOKASS Electric Deli Food Slicer with Removable 7.5’’ Stainless Steel Blade, Adjustable Thickness Meat Slicer for Home Use, Child Lock Protection, Easy to Clean, Food Slicer Machine-Silver</p><p> -5% 0FF </p><p>$89.99</p><a href="https://www.amazon.com/dp/B0CLDD8DHP?tag=eloabder-20&linkCode=osi&th=1&psc=1">View Product</a></div><div class="product"><a href="https://www.amazon.com/dp/B08FWZ9J18?tag=eloabder-20&linkCode=osi&th=1&psc=1"><img src="https://m.media-amazon.com/images/I/41YjSPaAYwL._SL500_.jpg" alt="Product Image"></a><p>Meat Slicer, Techwood Electric Deil Food Slicer with Removable 9” Stainless Steel Blade, Deli Cheese Fruit Vegetable Bread Cutter with Adjustable Knob for Thickness, Food Carriage & Non-Slip Feet</p><p> -22% 0FF </p><p>$139.98</p><a href="https://www.amazon.com/dp/B08FWZ9J18?tag=eloabder-20&linkCode=osi&th=1&psc=1">View Product</a></div>
<div class="product"><a href="https://www.amazon.com/dp/B00XPRRHYW?tag=eloabder-20&linkCode=osi&th=1&psc=1"><img src="https://m.media-amazon.com/images/I/31dUvP1wfeL._SL500_.jpg" alt="Product Image"></a><p>KitchenAid Fruit and Vegetable Spiralizer Attachment Stand Mixer, Polished Aluminum</p><p> -46% 0FF </p><p>$69.99</p><a href="https://www.amazon.com/dp/B00XPRRHYW?tag=eloabder-20&linkCode=osi&th=1&psc=1">View Product</a></div>
<div class="product"><a href="https://www.amazon.com/dp/B07DD3CPMW?tag=eloabder-20&linkCode=osi&th=1&psc=1"><img src="https://m.media-amazon.com/images/I/415ikDbvbCL._SL500_.jpg" alt="Product Image"></a><p>OVENTE Portable 5 Speed Mixing Electric Hand Mixer with Stainless Steel Whisk Beater Attachments & Snap Storage Case, Compact Lightweight 150 Watt Powerful Blender for Baking & Cooking, Red HM151R</p><p> -8% 0FF </p><p>$15.63</p><a href="https://www.amazon.com/dp/B07DD3CPMW?tag=eloabder-20&linkCode=osi&th=1&psc=1">View Product</a></div><div class="product"><a href="https://www.amazon.com/dp/B009N68ULS?tag=eloabder-20&linkCode=osi&th=1&psc=1"><img src="https://m.media-amazon.com/images/I/31pxKM3rl7L._SL500_.jpg" alt="Product Image"></a><p>KitchenAid 5 Speed Ultra Power Hand Mixer, Onyx Black</p><p> -25% 0FF </p><p>$44.95</p><a href="https://www.amazon.com/dp/B009N68ULS?tag=eloabder-20&linkCode=osi&th=1&psc=1">View Product</a></div><div class="product"><a href="https://www.amazon.com/dp/B09JV8DBX5?tag=eloabder-20&linkCode=osi&th=1&psc=1"><img src="https://m.media-amazon.com/images/I/31rRc0J8DTL._SL500_.jpg" alt="Product Image"></a><p>KitchenAid 6 Speed Hand Mixer with Flex Edge Beaters - KHM6118</p><p> -25% 0FF </p><p>$59.99</p><a href="https://www.amazon.com/dp/B09JV8DBX5?tag=eloabder-20&linkCode=osi&th=1&psc=1">View Product</a></div><div class="product"><a href="https://www.amazon.com/dp/B0BS75GLH2?tag=eloabder-20&linkCode=osi&th=1&psc=1"><img src="https://m.media-amazon.com/images/I/31Dss3HeqwL._SL500_.jpg" alt="Product Image"></a><p>Electric Egg Beater, Cordless Hand Mixer 3 Speeds for Home Baking (Black)</p><p> -11% 0FF </p><p>$15.97</p><a href="https://www.amazon.com/dp/B0BS75GLH2?tag=eloabder-20&linkCode=osi&th=1&psc=1">View Product</a></div><div class="product"><a href="https://www.amazon.com/dp/B075X1KPLZ?tag=eloabder-20&linkCode=osi&th=1&psc=1"><img src="https://m.media-amazon.com/images/I/515aqZsYz-L._SL500_.jpg" alt="Product Image"></a><p>Mueller Immersion Blender Handheld - 8 Speed Stainless Steel Electric Hand Blender, 3 in 1 Emulsion Blender Handheld with Turbo Mode, Stick Blender Emulsifier for Kitchen for Soup, Smoothie, Puree</p><p> -13% 0FF </p><p>$34.99</p><a href="https://www.amazon.com/dp/B075X1KPLZ?tag=eloabder-20&linkCode=osi&th=1&psc=1">View Product</a></div>
<div class="product"><a href="https://www.amazon.com/dp/B07GJXFCGR?tag=eloabder-20&linkCode=osi&th=1&psc=1"><img src="https://m.media-amazon.com/images/I/41bfOIwQ93L._SL500_.jpg" alt="Product Image"></a><p>Whisk Wiper® PRO compatible with KitchenAid Bowl-Lift Stand Mixers - Mix Without The Mess - The Ultimate Stand Mixer Accessory - Only Compatible With 6-Wire Whisks (Glass Blue)</p><p> -5% 0FF </p><p>$18.95</p><a href="https://www.amazon.com/dp/B07GJXFCGR?tag=eloabder-20&linkCode=osi&th=1&psc=1">View Product</a></div><div class="product"><a href="https://www.amazon.com/dp/B07796MWGN?tag=eloabder-20&linkCode=osi&th=1&psc=1"><img src="https://m.media-amazon.com/images/I/41GMDDQ6GWL._SL500_.jpg" alt="Product Image"></a><p>Whisk Wiper® PRO for Stand Mixers - Mix Without The Mess - The Ultimate Stand Mixer Accessory - Compatible With KitchenAid Tilt-Head Stand Mixers - 4.5qt, 5qt (Color: Clear)</p><p> -5% 0FF </p><p>$18.95</p><a href="https://www.amazon.com/dp/B07796MWGN?tag=eloabder-20&linkCode=osi&th=1&psc=1">View Product</a></div><div class="product"><a href="https://www.amazon.com/dp/B091F4PDNH?tag=eloabder-20&linkCode=osi&th=1&psc=1"><img src="https://m.media-amazon.com/images/I/31sUVweurbL._SL500_.jpg" alt="Product Image"></a><p>3- in-1 Immersion Hand blender, Powerful MOTOR & Stainless Steel Stick Blender, 4 Sharpe Blades with Whisk, Milk Frother Attachments</p><p> -16% 0FF </p><p>$22.80</p><a href="https://www.amazon.com/dp/B091F4PDNH?tag=eloabder-20&linkCode=osi&th=1&psc=1">View Product</a></div><div class="product"><a href="https://www.amazon.com/dp/B0CH4YZMTN?tag=eloabder-20&linkCode=osi&th=1&psc=1"><img src="https://m.media-amazon.com/images/I/41Q0AfduopL._SL500_.jpg" alt="Product Image"></a><p>Double Whisk Milk Frother, Handheld Electric Blender stick, Drink Mixer with Food Grade Stainless Steel Stirrer, Battery Operated Foam Maker for Coffee, Cappuccino, Matcha,Hot Chocolate Latte, in Pink</p><p> -20% 0FF </p><p>$7.99</p><a href="https://www.amazon.com/dp/B0CH4YZMTN?tag=eloabder-20&linkCode=osi&th=1&psc=1">View Product</a></div>
<div class="product"><a href="https://www.amazon.com/dp/B072TNMLNF?tag=eloabder-20&linkCode=osi&th=1&psc=1"><img src="https://m.media-amazon.com/images/I/41OnUdyH+sL._SL500_.jpg" alt="Product Image"></a><p>KitchenAid Vegetable Sheet Cutter, 1, Metallic</p><p> -38% 0FF </p><p>$79.99</p><a href="https://www.amazon.com/dp/B072TNMLNF?tag=eloabder-20&linkCode=osi&th=1&psc=1">View Product</a></div><div class="product"><a href="https://www.amazon.com/dp/B08GS17PFW?tag=eloabder-20&linkCode=osi&th=1&psc=1"><img src="https://m.media-amazon.com/images/I/41wT8q2I1aL._SL500_.jpg" alt="Product Image"></a><p>Spiralizer Attachment (5 Blades) Compatible with KitchenAid Stand Mixer, Comes with Peel, Core and Slice (Not KitchenAid Brand Spiralizer)</p><p> -22% 0FF </p><p>$69.98</p><a href="https://www.amazon.com/dp/B08GS17PFW?tag=eloabder-20&linkCode=osi&th=1&psc=1">View Product</a></div><div class="product"><a href="https://www.amazon.com/dp/B07H4K499J?tag=eloabder-20&linkCode=osi&th=1&psc=1"><img src="https://m.media-amazon.com/images/I/41y9+qxAXXL._SL500_.jpg" alt="Product Image"></a><p>Electric Food Processor,Food Chopper with Garlic Peeler and Titanium Coating Blades, 5 Cup Glass Bowl for Vegetables Fruit Salad Onion Garlic Meat Ice Chopper, Silver</p><p> -7% 0FF </p><p>$41.99</p><a href="https://www.amazon.com/dp/B07H4K499J?tag=eloabder-20&linkCode=osi&th=1&psc=1">View Product</a></div><div class="product"><a href="https://www.amazon.com/dp/B0D54CYJWN?tag=eloabder-20&linkCode=osi&th=1&psc=1"><img src="https://m.media-amazon.com/images/I/41JhLwIwMEL._SL500_.jpg" alt="Product Image"></a><p>Sunvivi Electric Food Chopper, 4 in 1 Small Food Processor for Grinding Meat, Peeling Garlic & Juicing, 2 Speed Blender and Food Grinder Combo with 1.5L Glass Bowl & 2 Cups (0.4L+0.2L), Black</p><p> -17% 0FF </p><p>$49.99</p><a href="https://www.amazon.com/dp/B0D54CYJWN?tag=eloabder-20&linkCode=osi&th=1&psc=1">View Product</a></div>
<div class="product"><a href="https://www.amazon.com/dp/B0CJLKS9CR?tag=eloabder-20&linkCode=osi&th=1&psc=1"><img src="https://m.media-amazon.com/images/I/41l9Ty14tRL._SL500_.jpg" alt="Product Image"></a><p>Mason Jar Vacuum Sealer - Electric Mason Jar Sealer Vacuum Sealing Kit, Vacuum Sealer for Mason Canning Jars with Can Opener, Regular and Wide Mouth Mason Jar Lids</p><p> -63% 0FF </p><p>$21.99</p><a href="https://www.amazon.com/dp/B0CJLKS9CR?tag=eloabder-20&linkCode=osi&th=1&psc=1">View Product</a></div>
<div class="product"><a href="https://www.amazon.com/dp/B01261VEOG?tag=eloabder-20&linkCode=osi&th=1&psc=1"><img src="https://m.media-amazon.com/images/I/418kVwEu+dL._SL500_.jpg" alt="Product Image"></a><p>Secura Electric Wine Opener, Automatic Electric Wine Bottle Corkscrew Opener with Foil Cutter, Rechargeable (Stainless Steel)</p><p> -35% 0FF </p><p>$21.77</p><a href="https://www.amazon.com/dp/B01261VEOG?tag=eloabder-20&linkCode=osi&th=1&psc=1">View Product</a></div><div class="product"><a href="https://www.amazon.com/dp/B07MH2W7QS?tag=eloabder-20&linkCode=osi&th=1&psc=1"><img src="https://m.media-amazon.com/images/I/41SB3Mq+ZtL._SL500_.jpg" alt="Product Image"></a><p>Air Pressure Pump Bottle Opener With Foil Cutter,Aerator Pourer,Vacuum Stopper(4PCS),Simple Cork Remover,Efficient Corkscrew Bottle Opener,Great For Wine Lovers,Perfect Wine Gift.</p><p> -33% 0FF </p><p>$9.99</p><a href="https://www.amazon.com/dp/B07MH2W7QS?tag=eloabder-20&linkCode=osi&th=1&psc=1">View Product</a></div><div class="product"><a href="https://www.amazon.com/dp/B08D8XHNXQ?tag=eloabder-20&linkCode=osi&th=1&psc=1"><img src="https://m.media-amazon.com/images/I/412uOa7TXAL._SL500_.jpg" alt="Product Image"></a><p>COKUNST Electric Wine Opener, Battery Operated Wine Bottle Openers with Foil Cutter, One-click Button Corkscrew Remover for Home Kitchen Party Wedding</p><p> -32% 0FF </p><p>$12.99</p><a href="https://www.amazon.com/dp/B08D8XHNXQ?tag=eloabder-20&linkCode=osi&th=1&psc=1">View Product</a></div><div class="product"><a href="https://www.amazon.com/dp/B00NOPV4JO?tag=eloabder-20&linkCode=osi&th=1&psc=1"><img src="https://m.media-amazon.com/images/I/31Z5OAL71SL._SL500_.jpg" alt="Product Image"></a><p>Rabbit Automatic Electric Corkscrew Wine Bottle Opener, One Size, Shiny Black</p><p> -24% 0FF </p><p>$34.99</p><a href="https://www.amazon.com/dp/B00NOPV4JO?tag=eloabder-20&linkCode=osi&th=1&psc=1">View Product</a></div>
<div class="product"><a href="https://www.amazon.com/dp/B0C84YQTNB?tag=eloabder-20&linkCode=osi&th=1&psc=1"><img src="https://m.media-amazon.com/images/I/51eZxT5kAZL._SL500_.jpg" alt="Product Image"></a><p>OurWarm Christmas Refrigerator Handle Covers Set of 4, Christmas Kitchen Decor Nutcracker Fridge Door Handle Cover Appliance Handle Covers for Christmas Decorations</p><p> -23% 0FF </p><p>$9.99 ($2.50 / Count)</p><a href="https://www.amazon.com/dp/B0C84YQTNB?tag=eloabder-20&linkCode=osi&th=1&psc=1">View Product</a></div><div class="product"><a href="https://www.amazon.com/dp/B0DJPYJTLW?tag=eloabder-20&linkCode=osi&th=1&psc=1"><img src="https://m.media-amazon.com/images/I/41nftVACcIL._SL500_.jpg" alt="Product Image"></a><p>Yankee Candle Scentplug Diffuser, Nutcracker with Light Sensor</p><p> -13% 0FF </p><p>$19.89</p><a href="https://www.amazon.com/dp/B0DJPYJTLW?tag=eloabder-20&linkCode=osi&th=1&psc=1">View Product</a></div>
<div class="product"><a href="https://www.amazon.com/dp/B0BNQXXT2F?tag=eloabder-20&linkCode=osi&th=1&psc=1"><img src="https://m.media-amazon.com/images/I/31X0LkDwyKL._SL500_.jpg" alt="Product Image"></a><p>Hamilton Beach Electric Knife Set with Reciprocating Serrated Blades, Storage Case, Fork - For Carving Meats, Bread, Foam, More</p><p> -14% 0FF </p><p>$21.49</p><a href="https://www.amazon.com/dp/B0BNQXXT2F?tag=eloabder-20&linkCode=osi&th=1&psc=1">View Product</a></div><div class="product"><a href="https://www.amazon.com/dp/B00006IUX1?tag=eloabder-20&linkCode=osi&th=1&psc=1"><img src="https://m.media-amazon.com/images/I/21YsbXZzuqL._SL500_.jpg" alt="Product Image"></a><p>Proctor Silex Easy Slice Electric Knife for Carving Meats, Poultry, Bread, Crafting Foam and More, Lightweight with Contoured Grip, White</p><p> -5% 0FF </p><p>$18.99</p><a href="https://www.amazon.com/dp/B00006IUX1?tag=eloabder-20&linkCode=osi&th=1&psc=1">View Product</a></div>

<div class="product"><a href="https://www.amazon.com/dp/B079MJ68Y9?tag=eloabder-20&linkCode=osi&th=1&psc=1"><img src="https://m.media-amazon.com/images/I/211nSaqDuuL._SL500_.jpg" alt="Product Image"></a><p>OVENTE Electric Immersion Hand Blender 300 Watt 2 Mixing Speed with Stainless Steel Blades, Powerful Portable Easy Control Grip Stick Mixer Perfect for Smoothies, Puree Baby Food & Soup, Red HS560R</p><p> -23% 0FF </p><p>$16.96</p><a href="https://www.amazon.com/dp/B079MJ68Y9?tag=eloabder-20&linkCode=osi&th=1&psc=1">View Product</a></div><div class="product"><a href="https://www.amazon.com/dp/B08HSNGR8P?tag=eloabder-20&linkCode=osi&th=1&psc=1"><img src="https://m.media-amazon.com/images/I/510nvQxxbfL._SL500_.jpg" alt="Product Image"></a><p>Mueller Multistick 800W 4-in-1 Immersion Blender Handheld, 12 Speed Hand Mixer - Turbo Boost, Heaviest Duty Copper Motor, Titanium Blades Hand Blender, Milk Frother Wand, Whisk, Beaker, Chopper</p><p> -20% 0FF </p><p>$39.96</p><a href="https://www.amazon.com/dp/B08HSNGR8P?tag=eloabder-20&linkCode=osi&th=1&psc=1">View Product</a></div><div class="product"><a href="https://www.amazon.com/dp/B08F2SS6T2?tag=eloabder-20&linkCode=osi&th=1&psc=1"><img src="https://m.media-amazon.com/images/I/21TyV9p71CL._SL500_.jpg" alt="Product Image"></a><p>KitchenAid Variable Speed Corded Hand Blender KHBV53, Empire Red</p><p> -25% 0FF </p><p>$44.99</p><a href="https://www.amazon.com/dp/B08F2SS6T2?tag=eloabder-20&linkCode=osi&th=1&psc=1">View Product</a></div>
<div class="product"><a href="https://www.amazon.com/dp/B0DB29NMGK?tag=eloabder-20&linkCode=osi&th=1&psc=1"><img src="https://m.media-amazon.com/images/I/41zIfRgW1QL._SL500_.jpg" alt="Product Image"></a><p>Garlic Press, UHIYEE Multipurpose Garlic Grinder BPA-Free, Garlic Crusher Tool Dishwasher Safe, Easy-Clean Garlic Press Mincer, Ideal Kitchen Gifts</p><p> -14% 0FF </p><p>$18.95</p><a href="https://www.amazon.com/dp/B0DB29NMGK?tag=eloabder-20&linkCode=osi&th=1&psc=1">View Product</a></div><div class="product"><a href="https://www.amazon.com/dp/B0D969K4X6?tag=eloabder-20&linkCode=osi&th=1&psc=1"><img src="https://m.media-amazon.com/images/I/41oe5uMPzbL._SL500_.jpg" alt="Product Image"></a><p>KOIOS Food Processor, 500W Electric Food Chopper with 2 Bowls (8 Cup+8 Cup) & 2 Bi-Level Blades&, Small Electric Grinder Meat Processor for Nuts, Meat, Onion, Garlic, Baby Food, Blue</p><p> -25% 0FF </p><p>$29.99</p><a href="https://www.amazon.com/dp/B0D969K4X6?tag=eloabder-20&linkCode=osi&th=1&psc=1">View Product</a></div>
<div class="product"><a href="https://www.amazon.com/dp/B01MUTSU13?tag=eloabder-20&linkCode=osi&th=1&psc=1"><img src="https://m.media-amazon.com/images/I/41LObBw8jvL._SL500_.jpg" alt="Product Image"></a><p>KitchenAid Fresh Prep Slicer/Shredder, 1, White</p><p> -25% 0FF </p><p>$44.99</p><a href="https://www.amazon.com/dp/B01MUTSU13?tag=eloabder-20&linkCode=osi&th=1&psc=1">View Product</a></div><div class="product"><a href="https://www.amazon.com/dp/B0CRDX11GS?tag=eloabder-20&linkCode=osi&th=1&psc=1"><img src="https://m.media-amazon.com/images/I/41FzBxdrTHL._SL500_.jpg" alt="Product Image"></a><p>Heiolkako Stainless Steel Slicer Shredder Attachment for KitchenAid Stand Mixer,Cheese Grater,Salad Maker,Grinding Powder,Kitchenaid Cheese Grater Attachment with 4 Blades</p><p> -54% 0FF </p><p>$32.19</p><a href="https://www.amazon.com/dp/B0CRDX11GS?tag=eloabder-20&linkCode=osi&th=1&psc=1">View Product</a></div><div class="product"><a href="https://www.amazon.com/dp/B07H96RQDK?tag=eloabder-20&linkCode=osi&th=1&psc=1"><img src="https://m.media-amazon.com/images/I/41TaPboi9IL._SL500_.jpg" alt="Product Image"></a><p>Slicer Shredder Attachment for KitchenAid Stand Mixers, Vegetable for Kitchenaid, Cheese Grater by Gvode</p><p> -23% 0FF </p><p>$35.99</p><a href="https://www.amazon.com/dp/B07H96RQDK?tag=eloabder-20&linkCode=osi&th=1&psc=1">View Product</a></div><div class="product"><a href="https://www.amazon.com/dp/B09ZTVCN76?tag=eloabder-20&linkCode=osi&th=1&psc=1"><img src="https://m.media-amazon.com/images/I/51295QO3owL._SL500_.jpg" alt="Product Image"></a><p>FOHERE Electric Cheese Grater Salad Maker, Electric Slicer Shredder for Home Kitchen Use, One-Touch Easy Control, Electric Grater for Vegetables, Cheeses and Nuts, BPA-Free, Red</p><p> -8% 0FF </p><p>$54.99</p><a href="https://www.amazon.com/dp/B09ZTVCN76?tag=eloabder-20&linkCode=osi&th=1&psc=1">View Product</a></div><div class="product"><a href="https://www.amazon.com/dp/B00006IV0R?tag=eloabder-20&linkCode=osi&th=1&psc=1"><img src="https://m.media-amazon.com/images/I/41hdPUCSeiL._SL500_.jpg" alt="Product Image"></a><p>Presto Salad Shooter Electric Slicer/Shredder,White</p><p> -12% 0FF </p><p>$43.99</p><a href="https://www.amazon.com/dp/B00006IV0R?tag=eloabder-20&linkCode=osi&th=1&psc=1">View Product</a></div><div class="product"><a href="https://www.amazon.com/dp/B0000Z6JJG?tag=eloabder-20&linkCode=osi&th=1&psc=1"><img src="https://m.media-amazon.com/images/I/41qu0qCEbpL._SL500_.jpg" alt="Product Image"></a><p>Presto 02970 Professional SaladShooter Electric Slicer/Shredder, Black,1 count</p><p> -7% 0FF </p><p>$69.94</p><a href="https://www.amazon.com/dp/B0000Z6JJG?tag=eloabder-20&linkCode=osi&th=1&psc=1">View Product</a></div>
<div class="product"><a href="https://www.amazon.com/dp/B0CRH69TNQ?tag=eloabder-20&linkCode=osi&th=1&psc=1"><img src="https://m.media-amazon.com/images/I/41TdTRUZE+L._SL500_.jpg" alt="Product Image"></a><p>KSIFJRTO Electric Salad Spinner Large 4.75L.Vegetable Washer Dryer Dishwasher Safe.Lettuce Cleaner and Dryer.BPA Free and Easy to Use</p><p> -5% 0FF </p><p>$37.99</p><a href="https://www.amazon.com/dp/B0CRH69TNQ?tag=eloabder-20&linkCode=osi&th=1&psc=1">View Product</a></div><div class="product"><a href="https://www.amazon.com/dp/B0C8166T64?tag=eloabder-20&linkCode=osi&th=1&psc=1"><img src="https://m.media-amazon.com/images/I/51vSDD8O4XL._SL500_.jpg" alt="Product Image"></a><p>Electric Salad Spinner 6.3-Quart– Large Capacity Lettuce Spinner with Squeeze Bottle,Built-In Draining System,and Bowl & Colander – Serves 6-12 Persons Perfect for Family Meals, Parties and Gatherings</p><p> -20% 0FF </p><p>$39.99</p><a href="https://www.amazon.com/dp/B0C8166T64?tag=eloabder-20&linkCode=osi&th=1&psc=1">View Product</a></div><div class="product"><a href="https://www.amazon.com/dp/B0CBRXK8TV?tag=eloabder-20&linkCode=osi&th=1&psc=1"><img src="https://m.media-amazon.com/images/I/51F8UrWeiVL._SL500_.jpg" alt="Product Image"></a><p>Electric Salad Spinner,Automatic Salad Rotator,USB Chargeble Lettuce Spinner- Easy Water Drain System,Lettuce Cleaner and Dryer for Home Kitchen Washing & Drying Leafy Vegetables (White)</p><p> -11% 0FF </p><p>$32.99</p><a href="https://www.amazon.com/dp/B0CBRXK8TV?tag=eloabder-20&linkCode=osi&th=1&psc=1">View Product</a></div>
<div class="product"><a href="https://www.amazon.com/dp/B06XQMK2GJ?tag=eloabder-20&linkCode=osi&th=1&psc=1"><img src="https://m.media-amazon.com/images/I/31e1L9CJeZL._SL500_.jpg" alt="Product Image"></a><p>Hobart 00-270348 Tenderizer Cover, 13" Height, 13" Width, 9" Length</p><p> -43% 0FF </p><p>$153.87</p><a href="https://www.amazon.com/dp/B06XQMK2GJ?tag=eloabder-20&linkCode=osi&th=1&psc=1">View Product</a></div>
<div class="product"><a href="https://www.amazon.com/dp/B001DZ6TH4?tag=eloabder-20&linkCode=osi&th=1&psc=1"><img src="https://m.media-amazon.com/images/I/31WNioaDy-L._SL500_.jpg" alt="Product Image"></a><p>Tribest CitriStar Citrus Stainless Steel Strainer and Spout, Electric Juicer, White</p><p> -22% 0FF </p><p>$46.96</p><a href="https://www.amazon.com/dp/B001DZ6TH4?tag=eloabder-20&linkCode=osi&th=1&psc=1">View Product</a></div>
<div class="product"><a href="https://www.amazon.com/dp/B07SJQZVZS?tag=eloabder-20&linkCode=osi&th=1&psc=1"><img src="https://m.media-amazon.com/images/I/41F036om3pL._SL500_.jpg" alt="Product Image"></a><p>WEPSEN Hand Mixer Electric Mixing Bowls Set, 5 Speeds Handheld Mixer with 4 Nesting Stainless Steel Mixing Bowl, Measuring Cups Spoons 200W Kitchen Blender Whisk Beater Baking Supplies For Beginner</p><p> -5% 0FF </p><p>$40.99</p><a href="https://www.amazon.com/dp/B07SJQZVZS?tag=eloabder-20&linkCode=osi&th=1&psc=1">View Product</a></div><div class="product"><a href="https://www.amazon.com/dp/B08PYNC8T8?tag=eloabder-20&linkCode=osi&th=1&psc=1"><img src="https://m.media-amazon.com/images/I/31vrHycpiJL._SL500_.jpg" alt="Product Image"></a><p>Milk Frothing Pitcher, 12 Oz Milk Frother Steamer Cup Stainless Steel Espresso Cup</p><p> -28% 0FF </p><p>$8.69</p><a href="https://www.amazon.com/dp/B08PYNC8T8?tag=eloabder-20&linkCode=osi&th=1&psc=1">View Product</a></div><div class="product"><a href="https://www.amazon.com/dp/B08J3XXP67?tag=eloabder-20&linkCode=osi&th=1&psc=1"><img src="https://m.media-amazon.com/images/I/41OnPGc9k9L._SL500_.jpg" alt="Product Image"></a><p>EIKS 2 Pack 3oz(100ml) Glass Measuring Cups Milk Frothing Pitcher for Coffee Espresso Cappuccino Latte Juice Maker in Kitchen Restaurant</p><p> -16% 0FF </p><p>$9.99 ($5.00 / Count)</p><a href="https://www.amazon.com/dp/B08J3XXP67?tag=eloabder-20&linkCode=osi&th=1&psc=1">View Product</a></div>
<div class="product"><a href="https://www.amazon.com/dp/B0D41QZ9T2?tag=eloabder-20&linkCode=osi&th=1&psc=1"><img src="https://m.media-amazon.com/images/I/41V+hiXhcgL._SL500_.jpg" alt="Product Image"></a><p>3 in 1 Cup Lid Cleaning Brush, 2024 Multifunctional Crevice Portable Cup Lid Cleaning Brush for Bottle Gap Tight Spaces Cup (B-Green)</p><p> -60% 0FF </p><p>$3.99</p><a href="https://www.amazon.com/dp/B0D41QZ9T2?tag=eloabder-20&linkCode=osi&th=1&psc=1">View Product</a></div><div class="product"><a href="https://www.amazon.com/dp/B08ZJXMHR5?tag=eloabder-20&linkCode=osi&th=1&psc=1"><img src="https://m.media-amazon.com/images/I/31k9l0vz6VL._SL500_.jpg" alt="Product Image"></a><p>Brew Addicts Coffee Scoop Funnel for Reusable K Cups, Coffee Spoon Keurig Accessories for Keurig Brewers & Other Refillable Capsules, Dark Black</p><p> -9% 0FF </p><p>$8.99</p><a href="https://www.amazon.com/dp/B08ZJXMHR5?tag=eloabder-20&linkCode=osi&th=1&psc=1">View Product</a></div><div class="product"><a href="https://www.amazon.com/dp/B07C4TXDSL?tag=eloabder-20&linkCode=osi&th=1&psc=1"><img src="https://m.media-amazon.com/images/I/41BNPoEQz+L._SL500_.jpg" alt="Product Image"></a><p>Milk Frothing Pitcher Cup, 12oz/350ML Milk Frother Cup Stainless Steel Steaming Pitcher Milk Jug Coffee Latte Art Cappuccino Espresso Machine Accessories Barista Steam Pitchers Attached Dessert Spoons</p><p> -23% 0FF </p><p>$9.99</p><a href="https://www.amazon.com/dp/B07C4TXDSL?tag=eloabder-20&linkCode=osi&th=1&psc=1">View Product</a></div><div class="product"><a href="https://www.amazon.com/dp/B0CNVMZ2LM?tag=eloabder-20&linkCode=osi&th=1&psc=1"><img src="https://m.media-amazon.com/images/I/41j0UEM6XPL._SL500_.jpg" alt="Product Image"></a><p>Reusable Coffee Capsule Filters 3Pcs, Colorful Coffee Filters for Nescafe Dolce Gusto Brewers Machine, Reusable Refillable Coffee Pods Capsule Filter Cups Kit with Cleaning Brush and Measuring Spoon</p><p> -13% 0FF </p><p>$6.98 ($6.60 / Ounce)</p><a href="https://www.amazon.com/dp/B0CNVMZ2LM?tag=eloabder-20&linkCode=osi&th=1&psc=1">View Product</a></div>
<div class="product"><a href="https://www.amazon.com/dp/B08FB31NH5?tag=eloabder-20&linkCode=osi&th=1&psc=1"><img src="https://m.media-amazon.com/images/I/41eJZ9MTfFL._SL500_.jpg" alt="Product Image"></a><p>WEPSEN 5-Speed Electric Hand Mixer, 4 Large Mixing Bowls Set, Handheld Mixers with Whisks Beater, Stainless Steel Metal Nesting Bowl Measuring Cups Spoons Kitchen Cake Blender for Baking Supplies</p><p> -30% 0FF </p><p>$41.98</p><a href="https://www.amazon.com/dp/B08FB31NH5?tag=eloabder-20&linkCode=osi&th=1&psc=1">View Product</a></div><div class="product"><a href="https://www.amazon.com/dp/B0DF2T1HMZ?tag=eloabder-20&linkCode=osi&th=1&psc=1"><img src="https://m.media-amazon.com/images/I/41xSelvq-CL._SL500_.jpg" alt="Product Image"></a><p>5 QT Food-Grade Stainless Steel Mixer Bowl Compatible With KITCHENAID TILT-HEAD STAND MIXERS 4.5-5 Quart, with Anti-slip handle & Prominent Clasp, Stainless Steel Polished</p><p> -25% 0FF </p><p>$29.99</p><a href="https://www.amazon.com/dp/B0DF2T1HMZ?tag=eloabder-20&linkCode=osi&th=1&psc=1">View Product</a></div><div class="product"><a href="https://www.amazon.com/dp/B0C5XYPXCS?tag=eloabder-20&linkCode=osi&th=1&psc=1"><img src="https://m.media-amazon.com/images/I/31apfzgKDUL._SL500_.jpg" alt="Product Image"></a><p>KitchenAid 5 Quart Ceramic Bowl for all 4.5-5 Quart Tilt-Head Stand Mixers KSM2CB5MR, Meringue</p><p> -25% 0FF </p><p>$74.99</p><a href="https://www.amazon.com/dp/B0C5XYPXCS?tag=eloabder-20&linkCode=osi&th=1&psc=1">View Product</a></div>
<div class="product"><a href="https://www.amazon.com/dp/B097QVPFVQ?tag=eloabder-20&linkCode=osi&th=1&psc=1"><img src="https://m.media-amazon.com/images/I/31ROOH+yjAL._SL500_.jpg" alt="Product Image"></a><p>Thermoplastic Rubber Microwave Splatter Cover,Microwave Cover for Food Fruit Drainer,BPA-Free Dishwasher Safe 10.5 inch (GREY)</p><p> -20% 0FF </p><p>$7.99 ($226.35 / Ounce)</p><a href="https://www.amazon.com/dp/B097QVPFVQ?tag=eloabder-20&linkCode=osi&th=1&psc=1">View Product</a></div><div class="product"><a href="https://www.amazon.com/dp/B08N4Q6SM1?tag=eloabder-20&linkCode=osi&th=1&psc=1"><img src="https://m.media-amazon.com/images/I/41lhA8-GScL._SL500_.jpg" alt="Product Image"></a><p>4Pcs Coffee Filter,Flannel Cloth Coffee Filter Strainers with Steel Handle,Reusable Flannel Coffee Dripper,Coffee Sock Filter Bag Coffee Cloth Strainers for Home Office Kitchen Use</p><p> -11% 0FF </p><p>$10.69 ($2.67 / Count)</p><a href="https://www.amazon.com/dp/B08N4Q6SM1?tag=eloabder-20&linkCode=osi&th=1&psc=1">View Product</a></div>
<div class="product"><a href="https://www.amazon.com/dp/B00EC8PQ82?tag=eloabder-20&linkCode=osi&th=1&psc=1"><img src="https://m.media-amazon.com/images/I/21NR7t3CeGL._SL500_.jpg" alt="Product Image"></a><p>Randell RP CPH1648 Poly Cutting Board, 1/2" x 16" x 48"</p><p> -20% 0FF </p><p>$325.43</p><a href="https://www.amazon.com/dp/B00EC8PQ82?tag=eloabder-20&linkCode=osi&th=1&psc=1">View Product</a></div><div class="product"><a href="https://www.amazon.com/dp/B0BPSN8F21?tag=eloabder-20&linkCode=osi&th=1&psc=1"><img src="https://m.media-amazon.com/images/I/41YoOZe2UDL._SL500_.jpg" alt="Product Image"></a><p>GASHELL Noodle Board Stove Cover with Handles for Electric, Gas Stove Top (Acacia Wood)</p><p> -13% 0FF </p><p>$69.99</p><a href="https://www.amazon.com/dp/B0BPSN8F21?tag=eloabder-20&linkCode=osi&th=1&psc=1">View Product</a></div><div class="product"><a href="https://www.amazon.com/dp/B0D78SNV83?tag=eloabder-20&linkCode=osi&th=1&psc=1"><img src="https://m.media-amazon.com/images/I/41lHBEbfZOL._SL500_.jpg" alt="Product Image"></a><p>30 x 22 IN Large Cutting Board and Wooden Stove Top Cover, Chopping Board Noodle Boards for Electric Stove Top,Protector Board Cutting Board for Kitchen Counter & Sink cover-Black</p><p> -20% 0FF </p><p>$55.99</p><a href="https://www.amazon.com/dp/B0D78SNV83?tag=eloabder-20&linkCode=osi&th=1&psc=1">View Product</a></div><div class="product"><a href="https://www.amazon.com/dp/B0D4DJ8H4Q?tag=eloabder-20&linkCode=osi&th=1&psc=1"><img src="https://m.media-amazon.com/images/I/41h7GdA0xxL._SL500_.jpg" alt="Product Image"></a><p>Beef Jerky Slicer Kit,Stainless Steel,Adjustable Thickness,Uniform Slices,Include Cutting Board & 14-Inch Slicing Knife,Beef Jerky Making Kit for Chefs & Home Kitchens</p><p> -32% 0FF </p><p>$29.95</p><a href="https://www.amazon.com/dp/B0D4DJ8H4Q?tag=eloabder-20&linkCode=osi&th=1&psc=1">View Product</a></div><div class="product"><a href="https://www.amazon.com/dp/B0DL36NMXX?tag=eloabder-20&linkCode=osi&th=1&psc=1"><img src="https://m.media-amazon.com/images/I/51weGpaSjHL._SL500_.jpg" alt="Product Image"></a><p>Bamboo Bread Slicer for Homemade Bread, Adjustable Width Bread Slicing Guides with Sturdy Wooden Cutting Board, Compact and Foldable - Makes Cutting Bagels or Even Bread Slices Easy</p><p> -29% 0FF </p><p>$16.99</p><a href="https://www.amazon.com/dp/B0DL36NMXX?tag=eloabder-20&linkCode=osi&th=1&psc=1">View Product</a></div>
<div class="product"><a href="https://www.amazon.com/dp/B0CY27GX31?tag=eloabder-20&linkCode=osi&th=1&psc=1"><img src="https://m.media-amazon.com/images/I/51WKkplJ9BL._SL500_.jpg" alt="Product Image"></a><p>Willinglong Tortilla Press Set 8 Inch Tortilla Press Dough Scraper Rolling Pin Tortilla Warmer Pouch 300 Pcs Parchment Paper Quesadilla Flour Tortilla Maker Press for Homemade Roti Taco Press</p><p> -29% 0FF </p><p>$16.99</p><a href="https://www.amazon.com/dp/B0CY27GX31?tag=eloabder-20&linkCode=osi&th=1&psc=1">View Product</a></div><div class="product"><a href="https://www.amazon.com/dp/B0CD875X8N?tag=eloabder-20&linkCode=osi&th=1&psc=1"><img src="https://m.media-amazon.com/images/I/31WugZVklGL._SL500_.jpg" alt="Product Image"></a><p>Wooden Tortilla Press 10 Inches Wood Tortilla Press Maker, with Rolling Pin & 50 Pcs Parchment Paper, for Homemade Mexican Tortillera, Roti, Chapati, Taco, Pataconera, Burritos and Dough Press</p><p> -11% 0FF </p><p>$25.99</p><a href="https://www.amazon.com/dp/B0CD875X8N?tag=eloabder-20&linkCode=osi&th=1&psc=1">View Product</a></div><div class="product"><a href="https://www.amazon.com/dp/B0CYLFCP7W?tag=eloabder-20&linkCode=osi&th=1&psc=1"><img src="https://m.media-amazon.com/images/I/515gTtiF0CL._SL500_.jpg" alt="Product Image"></a><p>Willinglong 6 Pcs Tortilla Press Set 8inch Aluminum Alloy Tortilla Press Comal Pan Dough Scraper Rolling Pin Warmer Pouch 300 Pcs Parchment Paper Bundle of Tortilla Skillet for Making Roti Taco</p><p> -6% 0FF </p><p>$32.99</p><a href="https://www.amazon.com/dp/B0CYLFCP7W?tag=eloabder-20&linkCode=osi&th=1&psc=1">View Product</a></div><div class="product"><a href="https://www.amazon.com/dp/B0D8Q28QP2?tag=eloabder-20&linkCode=osi&th=1&psc=1"><img src="https://m.media-amazon.com/images/I/31hkwaRqBxL._SL500_.jpg" alt="Product Image"></a><p>Wooden Tortilla Press 10 Inches with Rolling Pin & 50 Pcs Parchment Paper Mexican Tortillera Presser Homemade Tortillas Roti Pataconera Dough Press</p><p> -7% 0FF </p><p>$27.99</p><a href="https://www.amazon.com/dp/B0D8Q28QP2?tag=eloabder-20&linkCode=osi&th=1&psc=1">View Product</a></div>
<div class="product"><a href="https://www.amazon.com/dp/B00K05AZ3W?tag=eloabder-20&linkCode=osi&th=1&psc=1"><img src="https://m.media-amazon.com/images/I/41PyWMwn9ZL._SL500_.jpg" alt="Product Image"></a><p>Betty Crocker Countertop Pizza Maker, 1440-Watt Pizza Maker Machine for Home, BC-2958CR</p><p> -20% 0FF </p><p>$42.99</p><a href="https://www.amazon.com/dp/B00K05AZ3W?tag=eloabder-20&linkCode=osi&th=1&psc=1">View Product</a></div><div class="product"><a href="https://www.amazon.com/dp/B0DB5HJDS8?tag=eloabder-20&linkCode=osi&th=1&psc=1"><img src="https://m.media-amazon.com/images/I/41e4O73x4IL._SL500_.jpg" alt="Product Image"></a><p>Mesliese Vacuum Sealer Machine 90Kpa 6-in-1 Compact Food Vacuum Sealing Preservation System with Cutter | 2 Bag Rolls | 5 Pre-cut Bags | Dry&Moist Modes | ETL Listed (Dark Gray)</p><p> -44% 0FF </p><p>$89.99</p><a href="https://www.amazon.com/dp/B0DB5HJDS8?tag=eloabder-20&linkCode=osi&th=1&psc=1">View Product</a></div>
<div class="product"><a href="https://www.amazon.com/dp/B001HT67AA?tag=eloabder-20&linkCode=osi&th=1&psc=1"><img src="https://m.media-amazon.com/images/I/21sfYCxrXVL._SL500_.jpg" alt="Product Image"></a><p>Samsung Tray Ice Part # Da63-02284B</p><p> -30% 0FF </p><p>$17.89</p><a href="https://www.amazon.com/dp/B001HT67AA?tag=eloabder-20&linkCode=osi&th=1&psc=1">View Product</a></div>
<div class="product"><a href="https://www.amazon.com/dp/B001U0274Q?tag=eloabder-20&linkCode=osi&th=1&psc=1"><img src="https://m.media-amazon.com/images/I/41LkyrO5JuL._SL500_.jpg" alt="Product Image"></a><p>FoodSaver Custom Fit Airtight Food Storage and Sous Vide Vacuum Sealer Bags, 8 x 20' (Pack of 3), Perfect for Meal Prep and Sous Vide Cooking</p><p> -21% 0FF </p><p>$29.99 ($10.00 / Count)</p><a href="https://www.amazon.com/dp/B001U0274Q?tag=eloabder-20&linkCode=osi&th=1&psc=1">View Product</a></div><div class="product"><a href="https://www.amazon.com/dp/B0D56W5ML2?tag=eloabder-20&linkCode=osi&th=1&psc=1"><img src="https://m.media-amazon.com/images/I/51XP-5KMw4L._SL500_.jpg" alt="Product Image"></a><p>Dreamealthy Auto Vacuum Seal Containers for Food Storage - 1L+1.5L Vacuum Coffee Canister Sets with Pump. Shatterproof & SmellProof Tritan Airtight Storage Container Kit, Reduce Plactic Vacuum Bag Use</p><p> -5% 0FF </p><p>$56.99</p><a href="https://www.amazon.com/dp/B0D56W5ML2?tag=eloabder-20&linkCode=osi&th=1&psc=1">View Product</a></div><div class="product"><a href="https://www.amazon.com/dp/B099H7J8PN?tag=eloabder-20&linkCode=osi&th=1&psc=1"><img src="https://m.media-amazon.com/images/I/31-0GJisbvL._SL500_.jpg" alt="Product Image"></a><p>ZWILLING Fresh & Save Medium Vacuum Sealer Container, Airtight Food Storage Container, Meal Prep Container, BPA-Free, Grey</p><p> -37% 0FF </p><p>$18.99</p><a href="https://www.amazon.com/dp/B099H7J8PN?tag=eloabder-20&linkCode=osi&th=1&psc=1">View Product</a></div>
<div class="product"><a href="https://www.amazon.com/dp/B07RKRK7FD?tag=eloabder-20&linkCode=osi&th=1&psc=1"><img src="https://m.media-amazon.com/images/I/31g2QgxtCuL._SL500_.jpg" alt="Product Image"></a><p>Wevac Vacuum Sealer Bags 8x50 Rolls 2 pack for Food Saver, Seal a Meal, Weston. Commercial Grade, BPA Free, Heavy Duty, Great for vac storage, Meal Prep or Sous Vide</p><p> -40% 0FF </p><p>$17.99 ($9.00 / Count)</p><a href="https://www.amazon.com/dp/B07RKRK7FD?tag=eloabder-20&linkCode=osi&th=1&psc=1">View Product</a></div><div class="product"><a href="https://www.amazon.com/dp/B00UTFZB82?tag=eloabder-20&linkCode=osi&th=1&psc=1"><img src="https://m.media-amazon.com/images/I/41WdlL5T0dL._SL500_.jpg" alt="Product Image"></a><p>Miele AirClean 3D Efficiency Dust Bag, Type FJM, 4 Bags & 2 Filters, White</p><p> -35% 0FF </p><p>$14.99</p><a href="https://www.amazon.com/dp/B00UTFZB82?tag=eloabder-20&linkCode=osi&th=1&psc=1">View Product</a></div><div class="product"><a href="https://www.amazon.com/dp/B07TV5RNQL?tag=eloabder-20&linkCode=osi&th=1&psc=1"><img src="https://m.media-amazon.com/images/I/31HJO9GuJZL._SL500_.jpg" alt="Product Image"></a><p>Wevac Vacuum Sealer Bags 100 Quart 8x12 Inch for Food Saver, Seal a Meal, Weston. Commercial Grade, BPA Free, Heavy Duty, Great for vac storage, Meal Prep or Sous Vide</p><p> -6% 0FF </p><p>$16.99</p><a href="https://www.amazon.com/dp/B07TV5RNQL?tag=eloabder-20&linkCode=osi&th=1&psc=1">View Product</a></div><div class="product"><a href="https://www.amazon.com/dp/B01D5TM5QE?tag=eloabder-20&linkCode=osi&th=1&psc=1"><img src="https://m.media-amazon.com/images/I/51qQLZaPFuL._SL500_.jpg" alt="Product Image"></a><p>FoodSaver Custom Fit Vacuum Sealer Bags, Airtight Food Storage and Sous Vide Rolls, BPA-Free, 11 x 16' , 3 Count ( Pack of 1)</p><p> -16% 0FF </p><p>$27.66 ($9.22 / Count)</p><a href="https://www.amazon.com/dp/B01D5TM5QE?tag=eloabder-20&linkCode=osi&th=1&psc=1">View Product</a></div>
<div class="product"><a href="https://www.amazon.com/dp/B0CWLC9YK6?tag=eloabder-20&linkCode=osi&th=1&psc=1"><img src="https://m.media-amazon.com/images/I/415B7NyYufL._SL500_.jpg" alt="Product Image"></a><p>Honinst Stand Mixer, 6.5QT 10-Speed Tilt-Head Electric Stand Mixer, 3-In-1 Kitchen Mixer with Bowl, Dough Hook, Whisk and Beater, Food Mixer for Baking, Cake and Most Home Cooks, Black</p><p> -37% 0FF </p><p>$169.99</p><a href="https://www.amazon.com/dp/B0CWLC9YK6?tag=eloabder-20&linkCode=osi&th=1&psc=1">View Product</a></div><div class="product"><a href="https://www.amazon.com/dp/B097SDFSKM?tag=eloabder-20&linkCode=osi&th=1&psc=1"><img src="https://m.media-amazon.com/images/I/51thZZlxEfL._SL500_.jpg" alt="Product Image"></a><p>Stand Mixer, POWWA 7.5 QT Electric Mixer, 6+P Speed 660W Household Tilt-Head Kitchen Food Mixers with Whisk, Dough Hook, Mixing Beater & Splash Guard for Baking, Cake, Cookie, Kneading (Red)</p><p> -25% 0FF </p><p>$99.98</p><a href="https://www.amazon.com/dp/B097SDFSKM?tag=eloabder-20&linkCode=osi&th=1&psc=1">View Product</a></div><div class="product"><a href="https://www.amazon.com/dp/B081SWK6HV?tag=eloabder-20&linkCode=osi&th=1&psc=1"><img src="https://m.media-amazon.com/images/I/51MRbt3XFxL._SL500_.jpg" alt="Product Image"></a><p>VIVOHOME 7.5 Quart Stand Mixer, 660W 6-Speed Tilt-Head Kitchen Electric Food Mixer with Beater, Dough Hook, Wire Whip, and Egg Separator, Red</p><p> -20% 0FF </p><p>$127.99</p><a href="https://www.amazon.com/dp/B081SWK6HV?tag=eloabder-20&linkCode=osi&th=1&psc=1">View Product</a></div>
<div class="product"><a href="https://www.amazon.com/dp/B0CJJN7N7P?tag=eloabder-20&linkCode=osi&th=1&psc=1"><img src="https://m.media-amazon.com/images/I/41YZbs5GBdL._SL500_.jpg" alt="Product Image"></a><p>MUMSUNG Sandwich Cutter and Sealer for Kids, Bread Decruster Sandwich Cutter Pancake Maker, Round Square DIY Cookie Cutters, Great for Lunchbox and Bento Box</p><p> -69% 0FF </p><p>$4.99</p><a href="https://www.amazon.com/dp/B0CJJN7N7P?tag=eloabder-20&linkCode=osi&th=1&psc=1">View Product</a></div><div class="product"><a href="https://www.amazon.com/dp/B0C8C5N1NG?tag=eloabder-20&linkCode=osi&th=1&psc=1"><img src="https://m.media-amazon.com/images/I/41IJqaPrUbL._SL500_.jpg" alt="Product Image"></a><p>Gradient Mode Sandwich Cutter and Sealer, Sandwich Cutter for Kids, Bread Sandwich Decruster, Uncrustables Sandwich Maker, DIY Cookie Cutters, Great for Lunchbox and Bento Box - Boys Girls Kids, Green</p><p> -20% 0FF </p><p>$7.99</p><a href="https://www.amazon.com/dp/B0C8C5N1NG?tag=eloabder-20&linkCode=osi&th=1&psc=1">View Product</a></div>
<div class="product"><a href="https://www.amazon.com/dp/B07JGRYG31?tag=eloabder-20&linkCode=osi&th=1&psc=1"><img src="https://m.media-amazon.com/images/I/31nd-jhgzdL._SL500_.jpg" alt="Product Image"></a><p>Coffee Grinder Cleaning Brush + Coffee Brush Wood Handle & Natural Bristles Pastry Brush</p><p> -13% 0FF </p><p>$6.99</p><a href="https://www.amazon.com/dp/B07JGRYG31?tag=eloabder-20&linkCode=osi&th=1&psc=1">View Product</a></div><div class="product"><a href="https://www.amazon.com/dp/B0D57S8PJP?tag=eloabder-20&linkCode=osi&th=1&psc=1"><img src="https://m.media-amazon.com/images/I/41yqc2Azx6L._SL500_.jpg" alt="Product Image"></a><p>EM Silicone Air Fryer Liners - Pack of 5 Reusable Air Fryer Silicone Liners Including Non- Stick Silicone Mitts, Silicone Basting Pastry Brush, Silicone Kitchen Tongs & 2 Pot Liner–3 to 5 qt</p><p> -8% 0FF </p><p>$12.00</p><a href="https://www.amazon.com/dp/B0D57S8PJP?tag=eloabder-20&linkCode=osi&th=1&psc=1">View Product</a></div><div class="product"><a href="https://www.amazon.com/dp/B0CLGXRV4V?tag=eloabder-20&linkCode=osi&th=1&psc=1"><img src="https://m.media-amazon.com/images/I/31kOdHpkIPL._SL500_.jpg" alt="Product Image"></a><p>Mixer Sliding Mat Compatible with Kitchenaid 4.5 & 5 Quart Stand Mixer, Slider Mat Compatible with 4.5 & 5Qt Kitchenaid Mixer Accessories</p><p> -21% 0FF </p><p>$9.89</p><a href="https://www.amazon.com/dp/B0CLGXRV4V?tag=eloabder-20&linkCode=osi&th=1&psc=1">View Product</a></div><div class="product"><a href="https://www.amazon.com/dp/B0CSYVZ23R?tag=eloabder-20&linkCode=osi&th=1&psc=1"><img src="https://m.media-amazon.com/images/I/41x8RjEPDyL._SL500_.jpg" alt="Product Image"></a><p>LEPCY Uncrustables Sandwich Maker Sealer Cutter, Crustless Sandwich Cutter, PB&J Uncrustable Maker - Color Grey, Square Shape</p><p> -20% 0FF </p><p>$7.99</p><a href="https://www.amazon.com/dp/B0CSYVZ23R?tag=eloabder-20&linkCode=osi&th=1&psc=1">View Product</a></div><div class="product"><a href="https://www.amazon.com/dp/B000I1UTDY?tag=eloabder-20&linkCode=osi&th=1&psc=1"><img src="https://m.media-amazon.com/images/I/213IEK132QL._SL500_.jpg" alt="Product Image"></a><p>Fino Coffee Grinder Brush, Single</p><p> -6% 0FF </p><p>$8.42</p><a href="https://www.amazon.com/dp/B000I1UTDY?tag=eloabder-20&linkCode=osi&th=1&psc=1">View Product</a></div>
<div class="product"><a href="https://www.amazon.com/dp/B089T9CH3Q?tag=eloabder-20&linkCode=osi&th=1&psc=1"><img src="https://m.media-amazon.com/images/I/21HK29dxKaL._SL500_.jpg" alt="Product Image"></a><p>Instant Pot Official Silicone Oven Mitt with Extra Grip, Heat Resistant up to 500°F, Extra Protection, Ribbed Texture for Maximum Dexterity, Compatible with 3 Qt., 6 Qt., 8 Qt. Cookers, Red</p><p> -50% 0FF </p><p>$8.99</p><a href="https://www.amazon.com/dp/B089T9CH3Q?tag=eloabder-20&linkCode=osi&th=1&psc=1">View Product</a></div><div class="product"><a href="https://www.amazon.com/dp/B0C5N35639?tag=eloabder-20&linkCode=osi&th=1&psc=1"><img src="https://m.media-amazon.com/images/I/41wEzgGF0xL._SL500_.jpg" alt="Product Image"></a><p>EM Silicone Air Fryer Liners Set of 5 – Air Fryer Liners Reusable Include Waffle Mold, Egg Bite Mold, Oven Mitts – Food-Grade Temperature Resistant Air Fryer Accessories for 3-5 Quart Air Fryers</p><p> -12% 0FF </p><p>$21.99</p><a href="https://www.amazon.com/dp/B0C5N35639?tag=eloabder-20&linkCode=osi&th=1&psc=1">View Product</a></div>
<div class="product"><a href="https://www.amazon.com/dp/B0B395B11P?tag=eloabder-20&linkCode=osi&th=1&psc=1"><img src="https://m.media-amazon.com/images/I/31tkUVs-mbL._SL500_.jpg" alt="Product Image"></a><p>SIUDANGKA Heat Resistant Mat for Air Fryer with Sliding Function, 2 Pcs 15 * 18 in Heat Resistant Pad Sliding Caddy Countertop Protector Mat Air Fryer Mat for Most XL Air Fryer Oven Microwave Oven</p><p> -7% 0FF </p><p>$17.75</p><a href="https://www.amazon.com/dp/B0B395B11P?tag=eloabder-20&linkCode=osi&th=1&psc=1">View Product</a></div>
<div class="product"><a href="https://www.amazon.com/dp/B09QCRNNK7?tag=eloabder-20&linkCode=osi&th=1&psc=1"><img src="https://m.media-amazon.com/images/I/31I-XJQCuUL._SL500_.jpg" alt="Product Image"></a><p>COKUNST Electric Wine Openers, Reusable Wine Bottle Corkscrew Opener with Foil Cutter, Battery Operated Stainless Steel Wine Remover for Home Kitchen Party Bar Restaurant</p><p> -25% 0FF </p><p>$14.99</p><a href="https://www.amazon.com/dp/B09QCRNNK7?tag=eloabder-20&linkCode=osi&th=1&psc=1">View Product</a></div><div class="product"><a href="https://www.amazon.com/dp/B00NOPV4JY?tag=eloabder-20&linkCode=osi&th=1&psc=1"><img src="https://m.media-amazon.com/images/I/31sTM1MRFWL._SL500_.jpg" alt="Product Image"></a><p>Rabbit Automatic Electric Corkscrew Wine Bottle Opener, One Size, Silver</p><p> -23% 0FF </p><p>$39.99</p><a href="https://www.amazon.com/dp/B00NOPV4JY?tag=eloabder-20&linkCode=osi&th=1&psc=1">View Product</a></div>


<div class="product"><a href="https://www.amazon.com/dp/B01FXMW4AS?tag=eloabder-20&linkCode=osi&th=1&psc=1"><img src="https://m.media-amazon.com/images/I/41Wq-KNZFDL._SL500_.jpg" alt="Product Image"></a><p>Whynter Ice Cream Maker Machine Automatic 2.1 Qt. upright with Built-in Compressor, LCD Digital Display & Timer, No Pre-Freezing, ICM-201SB, Stainless Steel</p><p> -29% 0FF </p><p>$299.00</p><a href="https://www.amazon.com/dp/B01FXMW4AS?tag=eloabder-20&linkCode=osi&th=1&psc=1">View Product</a></div><div class="product"><a href="https://www.amazon.com/dp/B002NQN0MY?tag=eloabder-20&linkCode=osi&th=1&psc=1"><img src="https://m.media-amazon.com/images/I/41K223aT3zL._SL500_.jpg" alt="Product Image"></a><p>Nemco Ice Cream Dipper Station Spadewell (Excluding Divider) - 10"</p><p> -26% 0FF </p><p>$183.70</p><a href="https://www.amazon.com/dp/B002NQN0MY?tag=eloabder-20&linkCode=osi&th=1&psc=1">View Product</a></div><div class="product"><a href="https://www.amazon.com/dp/B0CZP59DNQ?tag=eloabder-20&linkCode=osi&th=1&psc=1"><img src="https://m.media-amazon.com/images/I/41T9b8zapyL._SL500_.jpg" alt="Product Image"></a><p>1.2-Quart Touch Screen Automatic Ice Cream Maker with Compressor, No Pre-freezing, 4 Modes Frozen Yogurt Machine with LCD Display & Timer, Electric Sorbet Maker Gelato Maker, Keep Cool Function</p><p> -17% 0FF </p><p>$115.99</p><a href="https://www.amazon.com/dp/B0CZP59DNQ?tag=eloabder-20&linkCode=osi&th=1&psc=1">View Product</a></div><div class="product"><a href="https://www.amazon.com/dp/B00N63J432?tag=eloabder-20&linkCode=osi&th=1&psc=1"><img src="https://m.media-amazon.com/images/I/41wEAeSx4UL._SL500_.jpg" alt="Product Image"></a><p>Whynter Ice Cream Maker Machine Automatic 2.1 Qt with Built-in Compressor, LCD Digital Display & Timer, No Pre-Freezing, ICM-200LS, Stainless Steel</p><p> -14% 0FF </p><p>$256.79</p><a href="https://www.amazon.com/dp/B00N63J432?tag=eloabder-20&linkCode=osi&th=1&psc=1">View Product</a></div>

<div class="product"><a href="https://www.amazon.com/dp/B0DC68RRGT?tag=eloabder-20&linkCode=osi&th=1&psc=1"><img src="https://m.media-amazon.com/images/I/51VZAdAIKxL._SL500_.jpg" alt="Product Image"></a><p>Upgrade Pizza Oven,12 Inch Electric Pizza Oven Indoor Portable,Stone Pizza Oven,1200W Portable Countertop Pizza Ovens with Viewing Window</p><p> -10% 0FF </p><p>$179.99</p><a href="https://www.amazon.com/dp/B0DC68RRGT?tag=eloabder-20&linkCode=osi&th=1&psc=1">View Product</a></div><div class="product"><a href="https://www.amazon.com/dp/B0CZ4GLJ5Z?tag=eloabder-20&linkCode=osi&th=1&psc=1"><img src="https://m.media-amazon.com/images/I/51t+B-N3asL._SL500_.jpg" alt="Product Image"></a><p>PIEZANO Crispy Crust Pizza Oven by Granitestone – Electric Pizza Oven Indoor Portable, 12 Inch Indoor Pizza Oven Countertop, Pizza Maker Heats up to 800˚F for Stone Baked Pizza at Home - Red</p><p> -35% 0FF </p><p>$129.99</p><a href="https://www.amazon.com/dp/B0CZ4GLJ5Z?tag=eloabder-20&linkCode=osi&th=1&psc=1">View Product</a></div><div class="product"><a href="https://www.amazon.com/dp/B0CQ5M9FFT?tag=eloabder-20&linkCode=osi&th=1&psc=1"><img src="https://m.media-amazon.com/images/I/311GBQPr5lL._SL500_.jpg" alt="Product Image"></a><p>Cuisinart Indoor Pizza Oven – Bake 12” Pizzas in Minutes – Portable Countertop Pizza Oven – Matte Black Stainless Steel - CPZ-120MB</p><p> -50% 0FF </p><p>$199.95</p><a href="https://www.amazon.com/dp/B0CQ5M9FFT?tag=eloabder-20&linkCode=osi&th=1&psc=1">View Product</a></div><div class="product"><a href="https://www.amazon.com/dp/B0CGMGK7GK?tag=eloabder-20&linkCode=osi&th=1&psc=1"><img src="https://m.media-amazon.com/images/I/41-rJaq3d2L._SL500_.jpg" alt="Product Image"></a><p>CHEFMAN Indoor Pizza Oven - Makes 12 Inch Pizzas in Minutes, Heats up to 800°F - Countertop Electric Pizza Maker with 5 Touchscreen Presets, Pizza Stone and Peel Included - Stainless Black</p><p> -45% 0FF </p><p>$219.98</p><a href="https://www.amazon.com/dp/B0CGMGK7GK?tag=eloabder-20&linkCode=osi&th=1&psc=1">View Product</a></div><div class="product"><a href="https://www.amazon.com/dp/B0CS79GLB4?tag=eloabder-20&linkCode=osi&th=1&psc=1"><img src="https://m.media-amazon.com/images/I/41VR6CcjGiL._SL500_.jpg" alt="Product Image"></a><p>KitchenAid Digital Countertop Oven with Air Fry & Pizza Stone, KCO128CU, Contour Silver</p><p> -21% 0FF </p><p>$219.99</p><a href="https://www.amazon.com/dp/B0CS79GLB4?tag=eloabder-20&linkCode=osi&th=1&psc=1">View Product</a></div><div class="product"><a href="https://www.amazon.com/dp/B0DJW43ZLQ?tag=eloabder-20&linkCode=osi&th=1&psc=1"><img src="https://m.media-amazon.com/images/I/41Sh2kNi-oL._SL500_.jpg" alt="Product Image"></a><p>Pizza Oven, 12-Inch Pizza Oven Indoor, 1200W Portable Pizza Maker, Electric Pizza Oven with Timer, Temperature Controller, Suitable for Home, Outdoor, Pizza Shop</p><p> -37% 0FF </p><p>$119.99</p><a href="https://www.amazon.com/dp/B0DJW43ZLQ?tag=eloabder-20&linkCode=osi&th=1&psc=1">View Product</a></div><div class="product"><a href="https://www.amazon.com/dp/B0D3RX91T1?tag=eloabder-20&linkCode=osi&th=1&psc=1"><img src="https://m.media-amazon.com/images/I/41e96oobueL._SL500_.jpg" alt="Product Image"></a><p>Chefman Everything Maker & Pizza Oven – 1440W Countertop Electric Pizza Maker with 12” Nonstick Cooking Plates, Make Pizza, Quesadillas, Omelettes and More, with Indicator Lights and Vertical Storage</p><p> -30% 0FF </p><p>$41.99</p><a href="https://www.amazon.com/dp/B0D3RX91T1?tag=eloabder-20&linkCode=osi&th=1&psc=1">View Product</a></div>
<div class="product"><a href="https://www.amazon.com/dp/B0BCFHN228?tag=eloabder-20&linkCode=osi&th=1&psc=1"><img src="https://m.media-amazon.com/images/I/51EI-QKzMqL._SL500_.jpg" alt="Product Image"></a><p>Pressing Cloth for Ironing Scorch Mesh, Heat Resistant Ironing Cloth Protective Insulation Pad, Saving Ironing Protector Mesh Cloth (White - 2 Pack)</p><p> -16% 0FF </p><p>$7.59</p><a href="https://www.amazon.com/dp/B0BCFHN228?tag=eloabder-20&linkCode=osi&th=1&psc=1">View Product</a></div>
<div class="product"><a href="https://www.amazon.com/dp/B099J26M9V?tag=eloabder-20&linkCode=osi&th=1&psc=1"><img src="https://m.media-amazon.com/images/I/51VUj081IkL._SL500_.jpg" alt="Product Image"></a><p>The Original Korcci 3 Quart Microwave Glass Popcorn Popper, Borosilicate Glass, Dishwasher Safe, 3-in-1 Silicone Lid, BPA Free, Family Size (Blue)</p><p> -15% 0FF </p><p>$16.09</p><a href="https://www.amazon.com/dp/B099J26M9V?tag=eloabder-20&linkCode=osi&th=1&psc=1">View Product</a></div><div class="product"><a href="https://www.amazon.com/dp/B01LZZGH3R?tag=eloabder-20&linkCode=osi&th=1&psc=1"><img src="https://m.media-amazon.com/images/I/51zn6nlVyZL._SL500_.jpg" alt="Product Image"></a><p>BELLA Electric Skillet and Frying Pan with Glass Lid, Nonstick Coating, Cool Touch Handles, Removable Heating Probe, Dishwasher Safe, 12 x 12 inch, Copper</p><p> -23% 0FF </p><p>$26.99</p><a href="https://www.amazon.com/dp/B01LZZGH3R?tag=eloabder-20&linkCode=osi&th=1&psc=1">View Product</a></div>
<div class="product"><a href="https://www.amazon.com/dp/B0DCRZ8NKH?tag=eloabder-20&linkCode=osi&th=1&psc=1"><img src="https://m.media-amazon.com/images/I/41AZ4+X3MsL._SL500_.jpg" alt="Product Image"></a><p>Coffee Filter Holder, Coffee Filter Storage, Filter Paper Holder for Counter Table Napkin Holder Coffee Filter Paper Rack Coffee Bar Gifts Coffee Paper Container for Office Home Kitchen Restaurant</p><p> -13% 0FF </p><p>$6.99</p><a href="https://www.amazon.com/dp/B0DCRZ8NKH?tag=eloabder-20&linkCode=osi&th=1&psc=1">View Product</a></div>
<div class="product"><a href="https://www.amazon.com/dp/B0D3WPZSRF?tag=eloabder-20&linkCode=osi&th=1&psc=1"><img src="https://m.media-amazon.com/images/I/41QGqRpS8hL._SL500_.jpg" alt="Product Image"></a><p>Gypie Coffee Bar Organizer Countertop, 2 Tier Coffee Syrup Organizer Stand Nespresso Coffee Bar Syrup Rack for Coffee Station, Spice Rack for Kitchen, Black</p><p> -57% 0FF </p><p>$9.99</p><a href="https://www.amazon.com/dp/B0D3WPZSRF?tag=eloabder-20&linkCode=osi&th=1&psc=1">View Product</a></div><div class="product"><a href="https://www.amazon.com/dp/B0BKH17CG9?tag=eloabder-20&linkCode=osi&th=1&psc=1"><img src="https://m.media-amazon.com/images/I/41a4dM5cDTL._SL500_.jpg" alt="Product Image"></a><p>Electric Salt and Pepper Grinder Set - Automatic Salt and Pepper Grinder Set Rechargeable - Light Up Electronic Salt and Pepper Shakers with LED Light, Electric Pepper Grinder & Salt Grinder, Set of 2</p><p> -14% 0FF </p><p>$29.99</p><a href="https://www.amazon.com/dp/B0BKH17CG9?tag=eloabder-20&linkCode=osi&th=1&psc=1">View Product</a></div><div class="product"><a href="https://www.amazon.com/dp/B0DD9KVMFN?tag=eloabder-20&linkCode=osi&th=1&psc=1"><img src="https://m.media-amazon.com/images/I/51C8Rw1wopL._SL500_.jpg" alt="Product Image"></a><p>Urban Aura Spice & Herb Grinder, (Black) -Suitable Kitchen (2.5In)</p><p> -5% 0FF </p><p>$9.49</p><a href="https://www.amazon.com/dp/B0DD9KVMFN?tag=eloabder-20&linkCode=osi&th=1&psc=1">View Product</a></div><div class="product"><a href="https://www.amazon.com/dp/B08M4FD4WR?tag=eloabder-20&linkCode=osi&th=1&psc=1"><img src="https://m.media-amazon.com/images/I/51Jzqb5OvzL._SL500_.jpg" alt="Product Image"></a><p>Magic Mill Food Dehydrator Machine | 5 Stackable Stainless Steel Trays Jerky Dryer with Digital Adjustable Timer & Temperature Control - Electric Food Preserver for Fruits, Veggies, Meats & Dog Treats</p><p> -12% 0FF </p><p>$52.99</p><a href="https://www.amazon.com/dp/B08M4FD4WR?tag=eloabder-20&linkCode=osi&th=1&psc=1">View Product</a></div>
<div class="product"><a href="https://www.amazon.com/dp/B001AAHW6E?tag=eloabder-20&linkCode=osi&th=1&psc=1"><img src="https://m.media-amazon.com/images/I/31q3kq-dcJL._SL500_.jpg" alt="Product Image"></a><p>Whirlpool 2179404KRA Beverage Rack for Refrigerators, White – Replaces 2179404KR</p><p> -23% 0FF </p><p>$19.00</p><a href="https://www.amazon.com/dp/B001AAHW6E?tag=eloabder-20&linkCode=osi&th=1&psc=1">View Product</a></div><div class="product"><a href="https://www.amazon.com/dp/B08BJ9RPSS?tag=eloabder-20&linkCode=osi&th=1&psc=1"><img src="https://m.media-amazon.com/images/I/41mLJ0zepPL._SL500_.jpg" alt="Product Image"></a><p>BLACK+DECKER 24 Bottle Wine Fridge with LED Display, Compressor Cooling Wine Cooler Refrigerator with Interior Light, Temperature Controlled Wine Bottle Chiller with Fridge Wine Rack</p><p> -8% 0FF </p><p>$227.82</p><a href="https://www.amazon.com/dp/B08BJ9RPSS?tag=eloabder-20&linkCode=osi&th=1&psc=1">View Product</a></div>
<div class="product"><a href="https://www.amazon.com/dp/B09S5YHJZV?tag=eloabder-20&linkCode=osi&th=1&psc=1"><img src="https://m.media-amazon.com/images/I/41qbqyQ7jDL._SL500_.jpg" alt="Product Image"></a><p>Philips Sparkling Water Maker Soda Maker Machine for Home Carbonating with BPA free PET 1L Carbonating Bottle, Compatible with Any Screw-in 60L CO2 Exchange Carbonator(NOT Included), Grey Plastic</p><p> -17% 0FF </p><p>$49.99</p><a href="https://www.amazon.com/dp/B09S5YHJZV?tag=eloabder-20&linkCode=osi&th=1&psc=1">View Product</a></div>
<div class="product"><a href="https://www.amazon.com/dp/B000U8L1KU?tag=eloabder-20&linkCode=osi&th=1&psc=1"><img src="https://m.media-amazon.com/images/I/31Tcg4WHrrL._SL500_.jpg" alt="Product Image"></a><p>Thermos 34-Ounce Vacuum Insulated Stainless Steel Carafe</p><p> -13% 0FF </p><p>$42.99</p><a href="https://www.amazon.com/dp/B000U8L1KU?tag=eloabder-20&linkCode=osi&th=1&psc=1">View Product</a></div><div class="product"><a href="https://www.amazon.com/dp/B01MRGIZE9?tag=eloabder-20&linkCode=osi&th=1&psc=1"><img src="https://m.media-amazon.com/images/I/41-8Fhz+uGL._SL500_.jpg" alt="Product Image"></a><p>Airpot Coffee Dispenser with Pump - 102 oz Insulated Stainless Steel Coffee Carafe - Thermal Beverage Dispenser - Thermos Urn for Hot/Cold Water, Party Chocolate Drinks</p><p> -32% 0FF </p><p>$40.99</p><a href="https://www.amazon.com/dp/B01MRGIZE9?tag=eloabder-20&linkCode=osi&th=1&psc=1">View Product</a></div><div class="product"><a href="https://www.amazon.com/dp/B01F8P78IS?tag=eloabder-20&linkCode=osi&th=1&psc=1"><img src="https://m.media-amazon.com/images/I/51mk2cW-ajL._SL500_.jpg" alt="Product Image"></a><p>Thermal Coffee Carafe 68oz / 2L - 12 Hours Hot Beverage Dispenser, Insulated Stainless Steel Carafe for Hot Liquids, Coffee Carafes For Keeping Hot Coffee Dispenser for Parties -Large Tea Carafe Flask</p><p> -23% 0FF </p><p>$29.95</p><a href="https://www.amazon.com/dp/B01F8P78IS?tag=eloabder-20&linkCode=osi&th=1&psc=1">View Product</a></div>
<div class="product"><a href="https://www.amazon.com/dp/B0CJJQ7QQR?tag=eloabder-20&linkCode=osi&th=1&psc=1"><img src="https://m.media-amazon.com/images/I/41T7fb2zFLL._SL500_.jpg" alt="Product Image"></a><p>MUMSUNG Sandwich Cutter and Sealer for Kids, DIY Decruster Square Round Heart Pocket Sandwiches, Great for Breakfast Sandwich Maker, Lunchbox and Bento Box</p><p> -67% 0FF </p><p>$7.99</p><a href="https://www.amazon.com/dp/B0CJJQ7QQR?tag=eloabder-20&linkCode=osi&th=1&psc=1">View Product</a></div><div class="product"><a href="https://www.amazon.com/dp/B07KNKS1GC?tag=eloabder-20&linkCode=osi&th=1&psc=1"><img src="https://m.media-amazon.com/images/I/41A7lL8x93L._SL500_.jpg" alt="Product Image"></a><p>DCIGNA 1.2L Mini Rice Cooker, Electric Lunch Box, Travel, Small, Removable Non-stick Pot, Keep Warm Function, Suitable For 1-2 People - For Cooking Soup, Rice, Stews, Grains & Oatmeal</p><p> -35% 0FF </p><p>$25.99</p><a href="https://www.amazon.com/dp/B07KNKS1GC?tag=eloabder-20&linkCode=osi&th=1&psc=1">View Product</a></div><div class="product"><a href="https://www.amazon.com/dp/B083W2RWNL?tag=eloabder-20&linkCode=osi&th=1&psc=1"><img src="https://m.media-amazon.com/images/I/41+rZ7Ja9xL._SL500_.jpg" alt="Product Image"></a><p>HotLogic Max XP Large Portable Electric Lunch Box Food Heater - Expandable Food Warmer Tote and Heated Lunchbox for Adults Work/Car/Home - Cook, Reheat, and Keep Your Food Warm - BLACK - 120V</p><p> -13% 0FF </p><p>$78.27</p><a href="https://www.amazon.com/dp/B083W2RWNL?tag=eloabder-20&linkCode=osi&th=1&psc=1">View Product</a></div><div class="product"><a href="https://www.amazon.com/dp/B0CSW9FXB4?tag=eloabder-20&linkCode=osi&th=1&psc=1"><img src="https://m.media-amazon.com/images/I/41OrYzmJBML._SL500_.jpg" alt="Product Image"></a><p>ZPU Egg Holder Camping, 1Pcs 4 Grid Egg Container for Camping, Plastic Egg Carrier for Camping Picnic Travel Outdoor Refrigerator Kitchen, Shockproof Egg Storage Case, Clear White</p><p> -20% 0FF </p><p>$7.99</p><a href="https://www.amazon.com/dp/B0CSW9FXB4?tag=eloabder-20&linkCode=osi&th=1&psc=1">View Product</a></div>

<div class="product"><a href="https://www.amazon.com/dp/B0BVMYRKRL?tag=eloabder-20&linkCode=osi&th=1&psc=1"><img src="https://m.media-amazon.com/images/I/318s-4hULIL._SL500_.jpg" alt="Product Image"></a><p>Nextmug - Temperature-Controlled, Self-Heating Coffee Mug (Burgundy - 14 oz.)</p><p> -23% 0FF </p><p>$99.95</p><a href="https://www.amazon.com/dp/B0BVMYRKRL?tag=eloabder-20&linkCode=osi&th=1&psc=1">View Product</a></div><div class="product"><a href="https://www.amazon.com/dp/B0DB1DP2KL?tag=eloabder-20&linkCode=osi&th=1&psc=1"><img src="https://m.media-amazon.com/images/I/410VzytA0BL._SL500_.jpg" alt="Product Image"></a><p>Civexa Rechargeable Self Heating Coffee Mug, Fastest Heating & Highest Temperature, 14 Oz App-Controlled Heated Coffee Mug, 1°F Precise Temperature Control Smart Mug Warmer with 150 Min Battery Life</p><p> -33% 0FF </p><p>$79.99</p><a href="https://www.amazon.com/dp/B0DB1DP2KL?tag=eloabder-20&linkCode=osi&th=1&psc=1">View Product</a></div><div class="product"><a href="https://www.amazon.com/dp/B0BYTZ9Q6D?tag=eloabder-20&linkCode=osi&th=1&psc=1"><img src="https://m.media-amazon.com/images/I/41Qw-6ekfQL._SL500_.jpg" alt="Product Image"></a><p>ikago Smart Heated Coffee Mug Warmer & Mug Set - Heated Mug Warmer with Auto Shut Off, 1°F Precise Temperature Control Mug Warmer, Electric Coffee Mug Warmer for Desk, Birthday Gifts for Women and Men</p><p> -14% 0FF </p><p>$59.99</p><a href="https://www.amazon.com/dp/B0BYTZ9Q6D?tag=eloabder-20&linkCode=osi&th=1&psc=1">View Product</a></div><div class="product"><a href="https://www.amazon.com/dp/B0DHTR1H32?tag=eloabder-20&linkCode=osi&th=1&psc=1"><img src="https://m.media-amazon.com/images/I/31sESCtRb7L._SL500_.jpg" alt="Product Image"></a><p>Mug Warmer,Coffee Mug Warmer with 3-Temp Settings,304 Stainless Steel Coffee Warmer with Digital Display, 2-12H Timer Setting Mug Warmer for Desk, Coffee Cup Warmer As Ideal Gift for Coffee Lovers</p><p> -43% 0FF </p><p>$12.59</p><a href="https://www.amazon.com/dp/B0DHTR1H32?tag=eloabder-20&linkCode=osi&th=1&psc=1">View Product</a></div><div class="product"><a href="https://www.amazon.com/dp/B0DHTVV633?tag=eloabder-20&linkCode=osi&th=1&psc=1"><img src="https://m.media-amazon.com/images/I/31WBjhkZIKL._SL500_.jpg" alt="Product Image"></a><p>Mug Warmer,Coffee Mug Warmer with 3 Adjustable Temperature Settings,Coffee Warmer with 2-12H Auto Shutoff Functions,Easy to Clean Mug Warmer for Desk,Coffee Cup Warmer for Ideal Coffee Gifts</p><p> -19% 0FF </p><p>$12.99</p><a href="https://www.amazon.com/dp/B0DHTVV633?tag=eloabder-20&linkCode=osi&th=1&psc=1">View Product</a></div>
<div class="product"><a href="https://www.amazon.com/dp/B0CT5V2ZHR?tag=eloabder-20&linkCode=osi&th=1&psc=1"><img src="https://m.media-amazon.com/images/I/41QSTztkWYL._SL500_.jpg" alt="Product Image"></a><p>Car Electric Kettle: 12V/24V Portable Water Boiler Heated Travel Mug,Multiple Temperature Adjustable Coffee Tea Truck Cup with 304 Stainless Steel Dry Burn Protection & Handy Cup Bag</p><p> -22% 0FF </p><p>$35.99</p><a href="https://www.amazon.com/dp/B0CT5V2ZHR?tag=eloabder-20&linkCode=osi&th=1&psc=1">View Product</a></div><div class="product"><a href="https://www.amazon.com/dp/B09DFM7L6P?tag=eloabder-20&linkCode=osi&th=1&psc=1"><img src="https://m.media-amazon.com/images/I/41EHKsNXzxL._SL500_.jpg" alt="Product Image"></a><p>Muggo 12 oz Self-Heating Coffee Mug with 3 Hour Battery Life, Tea, Coffee, & Hot Beverage Warmer, Heated Travel Mug(L)</p><p> -20% 0FF </p><p>$79.99</p><a href="https://www.amazon.com/dp/B09DFM7L6P?tag=eloabder-20&linkCode=osi&th=1&psc=1">View Product</a></div><div class="product"><a href="https://www.amazon.com/dp/B0DJFBF3SH?tag=eloabder-20&linkCode=osi&th=1&psc=1"><img src="https://m.media-amazon.com/images/I/41IHoQ5MTsL._SL500_.jpg" alt="Product Image"></a><p>Ninja Pod & Grounds Specialty Single-Serve Coffee Maker, K-Cup Pod Compatible, Brews Grounds, Compact Design, Built-In Milk Frother, 56-oz. Reservoir, 6-oz. Cup to 24-oz. Mug Sizes, Stone, PB051ST</p><p> -20% 0FF </p><p>$79.99</p><a href="https://www.amazon.com/dp/B0DJFBF3SH?tag=eloabder-20&linkCode=osi&th=1&psc=1">View Product</a></div><div class="product"><a href="https://www.amazon.com/dp/B0CSDRZSGG?tag=eloabder-20&linkCode=osi&th=1&psc=1"><img src="https://m.media-amazon.com/images/I/31DLZl5VZVL._SL500_.jpg" alt="Product Image"></a><p>Ninja Hot & Iced XL Coffee Maker with Rapid Cold Brew, 4 Brew Styles, 8 Sizes Small Cup to Travel Mug, Single-Serve Coffee Brewer, 12-Cup Carafe, Permanent Filter, Removable Reservoir, Black, CM371</p><p> -33% 0FF </p><p>$99.95</p><a href="https://www.amazon.com/dp/B0CSDRZSGG?tag=eloabder-20&linkCode=osi&th=1&psc=1">View Product</a></div>
<div class="product"><a href="https://www.amazon.com/dp/B0855FZHRW?tag=eloabder-20&linkCode=osi&th=1&psc=1"><img src="https://m.media-amazon.com/images/I/41fTL2yJ5sL._SL500_.jpg" alt="Product Image"></a><p>Ovente 1.7 Liter, BPA-Free Electric Glass Hot Water Kettle with Stainless-Steel Infuser and ProntoFill Technology, Teapot Infuser Perfect for Tea (KG733S+FGK27B)</p><p> -15% 0FF </p><p>$49.57</p><a href="https://www.amazon.com/dp/B0855FZHRW?tag=eloabder-20&linkCode=osi&th=1&psc=1">View Product</a></div>

<div class="product"><a href="https://www.amazon.com/dp/B0C32T9JP5?tag=eloabder-20&linkCode=osi&th=1&psc=1"><img src="https://m.media-amazon.com/images/I/51i64SI1wsL._SL500_.jpg" alt="Product Image"></a><p>HONGBAKE Air Fryer Basket for Oven, 15.6"x11.6" Nonstick Air Fry Crisper Tray with Baking Pan, 2 Pieces Air Frying Accessories, Wide Edge, Gray</p><p> -25% 0FF </p><p>$15.99</p><a href="https://www.amazon.com/dp/B0C32T9JP5?tag=eloabder-20&linkCode=osi&th=1&psc=1">View Product</a></div><div class="product"><a href="https://www.amazon.com/dp/B089YSGMMG?tag=eloabder-20&linkCode=osi&th=1&psc=1"><img src="https://m.media-amazon.com/images/I/51aUBaF3HdL._SL500_.jpg" alt="Product Image"></a><p>Chef Pomodoro Air Fryer Tray for Oven, Copper Crisper Tray, Air Fryer Pans for Toaster Oven, Air Fryer Basket and Tray 2-Piece Set, Air Fryer Baking Pan, Air Fryer basket for Oven (Rectangle)</p><p> -33% 0FF </p><p>$19.99</p><a href="https://www.amazon.com/dp/B089YSGMMG?tag=eloabder-20&linkCode=osi&th=1&psc=1">View Product</a></div><div class="product"><a href="https://www.amazon.com/dp/B0BQ9VBZBH?tag=eloabder-20&linkCode=osi&th=1&psc=1"><img src="https://m.media-amazon.com/images/I/516B1UlyAqL._SL500_.jpg" alt="Product Image"></a><p>Oven Liners for Bottom of Oven with Baking Sheet Liner | Heat Resistant Oven Liners for Bottom of Electric Oven and Teflon Sheets for Baking | Reusable Oven Matt Liner for Bottom of Electric Oven.</p><p> -23% 0FF </p><p>$9.99</p><a href="https://www.amazon.com/dp/B0BQ9VBZBH?tag=eloabder-20&linkCode=osi&th=1&psc=1">View Product</a></div>

<div class="product"><a href="https://www.amazon.com/dp/B08BSP4GL1?tag=eloabder-20&linkCode=osi&th=1&psc=1"><img src="https://m.media-amazon.com/images/I/41gWrVLe75L._SL500_.jpg" alt="Product Image"></a><p>Elite Gourmet EBM8103B Programmable Bread Maker Machine 3 Loaf Sizes, 19 Menu Functions Gluten Free White Wheat Rye French and more, 2 Lbs, Black</p><p> -13% 0FF </p><p>$64.97</p><a href="https://www.amazon.com/dp/B08BSP4GL1?tag=eloabder-20&linkCode=osi&th=1&psc=1">View Product</a></div><div class="product"><a href="https://www.amazon.com/dp/B0CJKNWCG1?tag=eloabder-20&linkCode=osi&th=1&psc=1"><img src="https://m.media-amazon.com/images/I/31wlh9Y94-L._SL500_.jpg" alt="Product Image"></a><p>Silicone Bread Maker, Foldable Nonstick Silicone Bread Pan Easy Release Microwave Dishwasher for Kitchen</p><p> -7% 0FF </p><p>$11.59</p><a href="https://www.amazon.com/dp/B0CJKNWCG1?tag=eloabder-20&linkCode=osi&th=1&psc=1">View Product</a></div>
<div class="product"><a href="https://www.amazon.com/dp/B0BY833XLS?tag=eloabder-20&linkCode=osi&th=1&psc=1"><img src="https://m.media-amazon.com/images/I/41aFMPym+YL._SL500_.jpg" alt="Product Image"></a><p>AWEELON 2 Pcs Silicone Air Fryer Egg Pan Reusable Air Fryer Egg Mold,Non-Stick Air Fryer Baking Pan 3 Cavity Silicone Muffin Pans for Baking Hamburger Bun Pan Air Fryer Accessories</p><p> -10% 0FF </p><p>$8.98</p><a href="https://www.amazon.com/dp/B0BY833XLS?tag=eloabder-20&linkCode=osi&th=1&psc=1">View Product</a></div><div class="product"><a href="https://www.amazon.com/dp/B088TPLBQB?tag=eloabder-20&linkCode=osi&th=1&psc=1"><img src="https://m.media-amazon.com/images/I/31tsE8At5ZL._SL500_.jpg" alt="Product Image"></a><p>SELPONT Pastry Tamper- Wooden Pastry- Double Ended- Dough Tart Tamper- Baking Tool- Shaping Kitchen Tool</p><p> -25% 0FF </p><p>$8.99</p><a href="https://www.amazon.com/dp/B088TPLBQB?tag=eloabder-20&linkCode=osi&th=1&psc=1">View Product</a></div>
<div class="product"><a href="https://www.amazon.com/dp/B01M5JDU2A?tag=eloabder-20&linkCode=osi&th=1&psc=1"><img src="https://m.media-amazon.com/images/I/314-+mGNoUL._SL500_.jpg" alt="Product Image"></a><p>Gotham Steel Round Baking Pan Nonstick Bakeware, Round Cake Pan, – Large 9.5” x 9.5” x 2” Size, Even Heat & Non-Warp Technology, Ultra Nonstick Ceramic Coating, Dishwasher Safe, Brownish</p><p> -18% 0FF </p><p>$16.32</p><a href="https://www.amazon.com/dp/B01M5JDU2A?tag=eloabder-20&linkCode=osi&th=1&psc=1">View Product</a></div><div class="product"><a href="https://www.amazon.com/dp/B0CM67SP45?tag=eloabder-20&linkCode=osi&th=1&psc=1"><img src="https://m.media-amazon.com/images/I/31gSvPX0j5L._SL500_.jpg" alt="Product Image"></a><p>Air Fryer Cake Pan,Pizza Pan and Baking Cake Barrel,Nonstick Coating Backing Fit for HD9925 HD9860 HD9905 01,Dishwasher Safe, Black(22cm)</p><p> -43% 0FF </p><p>$11.88</p><a href="https://www.amazon.com/dp/B0CM67SP45?tag=eloabder-20&linkCode=osi&th=1&psc=1">View Product</a></div>
<div class="product"><a href="https://www.amazon.com/dp/B005XOYUSQ?tag=eloabder-20&linkCode=osi&th=1&psc=1"><img src="https://m.media-amazon.com/images/I/51l6VUhtL1L._SL500_.jpg" alt="Product Image"></a><p>Toas-Tite Sandwich Grill - Handheld Pie Iron, Sandwich Maker, Hand Toaster, Panini and Sandwich Press for Hand Made Hot Sandwiches and Pies - Perfect for Stovetop, Grill and Campfire</p><p> -6% 0FF </p><p>$29.95</p><a href="https://www.amazon.com/dp/B005XOYUSQ?tag=eloabder-20&linkCode=osi&th=1&psc=1">View Product</a></div><div class="product"><a href="https://www.amazon.com/dp/B0C9HX4TLP?tag=eloabder-20&linkCode=osi&th=1&psc=1"><img src="https://m.media-amazon.com/images/I/41j6he2SJ8L._SL500_.jpg" alt="Product Image"></a><p>AILITOR Double Pie Iron Sandwich Maker for Camping, Cast Iron Campfire Pie Cooker, Campfire Cooking Equipment Mountain Pie Maker</p><p> -25% 0FF </p><p>$29.99</p><a href="https://www.amazon.com/dp/B0C9HX4TLP?tag=eloabder-20&linkCode=osi&th=1&psc=1">View Product</a></div><div class="product"><a href="https://www.amazon.com/dp/B0BQ6RF42G?tag=eloabder-20&linkCode=osi&th=1&psc=1"><img src="https://m.media-amazon.com/images/I/415JIGFbKAL._SL500_.jpg" alt="Product Image"></a><p>AILITOR Campfire Sandwich Maker Cast Iron Pack of 4 - Pudgy Pie Maker for Camping, Mountain Pie Cooker</p><p> -5% 0FF </p><p>$94.99</p><a href="https://www.amazon.com/dp/B0BQ6RF42G?tag=eloabder-20&linkCode=osi&th=1&psc=1">View Product</a></div>
<div class="product"><a href="https://www.amazon.com/dp/B00KBUGQNY?tag=eloabder-20&linkCode=osi&th=1&psc=1"><img src="https://m.media-amazon.com/images/I/41XqQqVDzML._SL500_.jpg" alt="Product Image"></a><p>Wilton Candy Melts Candy And Chocolate Melting Pot, 2.5 Cups Capacity, Assorted Colors, Plastic</p><p> -24% 0FF </p><p>$32.99</p><a href="https://www.amazon.com/dp/B00KBUGQNY?tag=eloabder-20&linkCode=osi&th=1&psc=1">View Product</a></div>

<div class="product"><a href="https://www.amazon.com/dp/B07XXMSZ9T?tag=eloabder-20&linkCode=osi&th=1&psc=1"><img src="https://m.media-amazon.com/images/I/31QYFgrmuuL._SL500_.jpg" alt="Product Image"></a><p>MACONEE 12inch Universal Microwave Crisper Pan/Microwave Cookware Crispy Plate Fry Pan, Microwave Cooker for Reheat Frozen Pizza, Chicken Nuggets French Toast with Crisp Effect!</p><p> -5% 0FF </p><p>$34.99</p><a href="https://www.amazon.com/dp/B07XXMSZ9T?tag=eloabder-20&linkCode=osi&th=1&psc=1">View Product</a></div><div class="product"><a href="https://www.amazon.com/dp/B0C95D475H?tag=eloabder-20&linkCode=osi&th=1&psc=1"><img src="https://m.media-amazon.com/images/I/41KfKdcdDbL._SL500_.jpg" alt="Product Image"></a><p>Cuisinart Indoor Pizza Oven – Bake 12” Pizzas in Minutes – Portable Countertop Pizza Oven – Stainless Steel - CPZ-120</p><p> -53% 0FF </p><p>$187.49</p><a href="https://www.amazon.com/dp/B0C95D475H?tag=eloabder-20&linkCode=osi&th=1&psc=1">View Product</a></div><div class="product"><a href="https://www.amazon.com/dp/B0D9HYLN56?tag=eloabder-20&linkCode=osi&th=1&psc=1"><img src="https://m.media-amazon.com/images/I/51KRbs4TdkL._SL500_.jpg" alt="Product Image"></a><p>Presto 03434 Pizzaz Plus Rotating Oven - 12-Inch, Countertop Pizza Oven, Nonstick Tray, Top and Bottom Heating Elements, Easy to Clean, Green/Gold</p><p> -7% 0FF </p><p>$79.00</p><a href="https://www.amazon.com/dp/B0D9HYLN56?tag=eloabder-20&linkCode=osi&th=1&psc=1">View Product</a></div>
<div class="product"><a href="https://www.amazon.com/dp/B077YR9FFG?tag=eloabder-20&linkCode=osi&th=1&psc=1"><img src="https://m.media-amazon.com/images/I/51O2k+YPICL._SL500_.jpg" alt="Product Image"></a><p>Chefman Panini Press Grill and Gourmet Sandwich Maker Non-Stick Coated Plates, Opens 180 Degrees to Fit Any Type or Size of Food, Stainless Steel Surface and Removable Drip Tray, 4 Slice, Black</p><p> -20% 0FF </p><p>$39.96</p><a href="https://www.amazon.com/dp/B077YR9FFG?tag=eloabder-20&linkCode=osi&th=1&psc=1">View Product</a></div><div class="product"><a href="https://www.amazon.com/dp/B0039UU9TU?tag=eloabder-20&linkCode=osi&th=1&psc=1"><img src="https://m.media-amazon.com/images/I/41zMBCGEaoL._SL500_.jpg" alt="Product Image"></a><p>Lodge LPP3 Cast Iron Square Ribbed Panini Press, 8.25-inch</p><p> -7% 0FF </p><p>$29.61</p><a href="https://www.amazon.com/dp/B0039UU9TU?tag=eloabder-20&linkCode=osi&th=1&psc=1">View Product</a></div>
<div class="product"><a href="https://www.amazon.com/dp/B0BMV2R7NH?tag=eloabder-20&linkCode=osi&th=1&psc=1"><img src="https://m.media-amazon.com/images/I/41AU0s48sEL._SL500_.jpg" alt="Product Image"></a><p>Audecook Hot Pot Electric 2L, Cermic Glaze Non-Stick Frying Pan 8 Inch, Portable Travel Cooker for Ramen/Steak/Fried Rice/Oatmeal/Soup, with Dual Power Control (Silicone Spatula Included)</p><p> -24% 0FF </p><p>$37.99</p><a href="https://www.amazon.com/dp/B0BMV2R7NH?tag=eloabder-20&linkCode=osi&th=1&psc=1">View Product</a></div><div class="product"><a href="https://www.amazon.com/dp/B0B7FHK2H7?tag=eloabder-20&linkCode=osi&th=1&psc=1"><img src="https://m.media-amazon.com/images/I/31dqzuWr2sL._SL500_.jpg" alt="Product Image"></a><p>Audecook Hot Pot Electric with Steamer, 1.8L Portable Mini Travel Cooker, Multifunctional Non-Stick Electric Skillet for Stir Fry/Stew/Steam, Perfect for Ramen Noodles/Pasta/Egg/Soup/Oatmeal (White)</p><p> -28% 0FF </p><p>$32.98</p><a href="https://www.amazon.com/dp/B0B7FHK2H7?tag=eloabder-20&linkCode=osi&th=1&psc=1">View Product</a></div>
<div class="product"><a href="https://www.amazon.com/dp/B0002HAEKW?tag=eloabder-20&linkCode=osi&th=1&psc=1"><img src="https://m.media-amazon.com/images/I/31pTwD5u8wL._SL500_.jpg" alt="Product Image"></a><p>Farberware Classic Series Stainless Steel 8-Quart Covered Straining Stockpot with Lid, Stainless Steel Pot with Lid, Silver</p><p> -39% 0FF </p><p>$36.49</p><a href="https://www.amazon.com/dp/B0002HAEKW?tag=eloabder-20&linkCode=osi&th=1&psc=1">View Product</a></div><div class="product"><a href="https://www.amazon.com/dp/B08HR7H63D?tag=eloabder-20&linkCode=osi&th=1&psc=1"><img src="https://m.media-amazon.com/images/I/41kHWurprEL._SL500_.jpg" alt="Product Image"></a><p>Bayou Classic 200-490 30-qt Aluminum Turkey Fryer Kit Features 30-qt Aluminum Stockpot w/ Lid Lift Hook and Rack 1-oz Seasoning Injector 12-in Fry Thermometer 19-in Tall Steel Cooker w/ 4-in Burner</p><p> -6% 0FF </p><p>$157.63 ($157.63 / Count)</p><a href="https://www.amazon.com/dp/B08HR7H63D?tag=eloabder-20&linkCode=osi&th=1&psc=1">View Product</a></div>
<div class="product"><a href="https://www.amazon.com/dp/B0CV4NYDQL?tag=eloabder-20&linkCode=osi&th=1&psc=1"><img src="https://m.media-amazon.com/images/I/41ySRkI3DsL._SL500_.jpg" alt="Product Image"></a><p>Enameled Cast Iron Bread Pan With Lid 9 Piece Complete Bread Baking Set | Dutch Oven for Bread Baking | 10 Inch Bread Oven with Lid | Thick Enamel | Silicone Baking Mat | Banneton | 6 Quart (Red)</p><p> -10% 0FF </p><p>$89.99</p><a href="https://www.amazon.com/dp/B0CV4NYDQL?tag=eloabder-20&linkCode=osi&th=1&psc=1">View Product</a></div><div class="product"><a href="https://www.amazon.com/dp/B0C8WN349L?tag=eloabder-20&linkCode=osi&th=1&psc=1"><img src="https://m.media-amazon.com/images/I/41Fv7R5VoHL._SL500_.jpg" alt="Product Image"></a><p>Ninja Combi All-in-One Multicooker, Oven, & Air Fryer, Complete Meals in 15 Mins, 14-in-1 Functions, Combi Cooker + Air Fry, Bake, Roast, Slow Cook and More, 3 Accessories, Stainless Steel, SFP701</p><p> -22% 0FF </p><p>$179.99</p><a href="https://www.amazon.com/dp/B0C8WN349L?tag=eloabder-20&linkCode=osi&th=1&psc=1">View Product</a></div>





<div class="product"><a href="https://www.amazon.com/dp/B07GV78ZKK?tag=eloabder-20&linkCode=osi&th=1&psc=1"><img src="https://m.media-amazon.com/images/I/31zntCfjdLL._SL500_.jpg" alt="Product Image"></a><p>COMFEE' EM720CPL-PM Countertop Microwave Oven with Sound On/Off, ECO Mode and Easy One-Touch Buttons, 0.7 Cu Ft/700W, Pearl White</p><p> -17% 0FF </p><p>$68.39</p><a href="https://www.amazon.com/dp/B07GV78ZKK?tag=eloabder-20&linkCode=osi&th=1&psc=1">View Product</a></div>
<div class="product"><a href="https://www.amazon.com/dp/B07XMJMCS3?tag=eloabder-20&linkCode=osi&th=1&psc=1"><img src="https://m.media-amazon.com/images/I/419J3Xx48mL._SL500_.jpg" alt="Product Image"></a><p>Elite Gourmet ETO-4510M French Door 47.5Qt, 18-Slice Convection Oven 4-Control Knobs, Bake Broil Toast Rotisserie Keep Warm, Includes 2 x 14" Pizza Racks, Stainless Steel</p><p> -31% 0FF </p><p>$124.99</p><a href="https://www.amazon.com/dp/B07XMJMCS3?tag=eloabder-20&linkCode=osi&th=1&psc=1">View Product</a></div><div class="product"><a href="https://www.amazon.com/dp/B08BXX69K4?tag=eloabder-20&linkCode=osi&th=1&psc=1"><img src="https://m.media-amazon.com/images/I/41D3YEcmwdL._SL500_.jpg" alt="Product Image"></a><p>Ninja DT201 Foodi 10-in-1 XL Pro Air Fry Digital Countertop Convection Toaster Oven with Dehydrate and Reheat, 1800 Watts, Stainless Steel Finish, Silver</p><p> -23% 0FF </p><p>$229.99</p><a href="https://www.amazon.com/dp/B08BXX69K4?tag=eloabder-20&linkCode=osi&th=1&psc=1">View Product</a></div>
<div class="product"><a href="https://www.amazon.com/dp/B0CS3V8M9H?tag=eloabder-20&linkCode=osi&th=1&psc=1"><img src="https://m.media-amazon.com/images/I/412jHCGGR+L._SL500_.jpg" alt="Product Image"></a><p>Ninja Air Fryer Pro XL 6-in-1 with 6.5 QT Capacity, Max Crisp, Air Fry, Air Roast, Bake, Reheat, Dehydrate, Max Crisp Technology with 450F, Nonstick Basket & Crisper Plate, Grey, AF181</p><p> -47% 0FF </p><p>$89.99</p><a href="https://www.amazon.com/dp/B0CS3V8M9H?tag=eloabder-20&linkCode=osi&th=1&psc=1">View Product</a></div>
<div class="product"><a href="https://www.amazon.com/dp/B0B1QSBB8G?tag=eloabder-20&linkCode=osi&th=1&psc=1"><img src="https://m.media-amazon.com/images/I/51cRMyJi-bL._SL500_.jpg" alt="Product Image"></a><p>Ronco ST5000PLAT Digital Showtime Rotisserie, Platinum Edition, Cooks Food Perfectly Every Time, 3 Cooking Modes: Roast, Sear, and No Heat Rotation, Stainless Steel</p><p> -15% 0FF </p><p>$144.99</p><a href="https://www.amazon.com/dp/B0B1QSBB8G?tag=eloabder-20&linkCode=osi&th=1&psc=1">View Product</a></div><div class="product"><a href="https://www.amazon.com/dp/B08JQNN9SY?tag=eloabder-20&linkCode=osi&th=1&psc=1"><img src="https://m.media-amazon.com/images/I/51rWVbBIf+L._SL500_.jpg" alt="Product Image"></a><p>Ronco Showtime EZ-Store Large Capacity Rotisserie & BBQ Oven, Digital Controls, Compact Storage, Perfect Preset Rotation Speed, Self-Basting, Auto Shutoff, Includes Multipurpose Basket, red</p><p> -10% 0FF </p><p>$139.99</p><a href="https://www.amazon.com/dp/B08JQNN9SY?tag=eloabder-20&linkCode=osi&th=1&psc=1">View Product</a></div><div class="product"><a href="https://www.amazon.com/dp/B00IGGJKRY?tag=eloabder-20&linkCode=osi&th=1&psc=1"><img src="https://m.media-amazon.com/images/I/41ZyPJxqGNL._SL500_.jpg" alt="Product Image"></a><p>Ronco 5500 Series Rotisserie Oven, Black</p><p> -7% 0FF </p><p>$139.99</p><a href="https://www.amazon.com/dp/B00IGGJKRY?tag=eloabder-20&linkCode=osi&th=1&psc=1">View Product</a></div><div class="product"><a href="https://www.amazon.com/dp/B016VZYWNS?tag=eloabder-20&linkCode=osi&th=1&psc=1"><img src="https://m.media-amazon.com/images/I/41GY0IMde0L._SL500_.jpg" alt="Product Image"></a><p>NutriChef Vertical Countertop Rotisserie Oven Roaster, Rotating Shawarma And Kebab Machine with Skewer and Rack, Basket Tower, Roasting Rack, Poultry Tower, Drip Tray, For Meat Chicken Turkey Lamb</p><p> -8% 0FF </p><p>$110.28</p><a href="https://www.amazon.com/dp/B016VZYWNS?tag=eloabder-20&linkCode=osi&th=1&psc=1">View Product</a></div><div class="product"><a href="https://www.amazon.com/dp/B01MAWQSW5?tag=eloabder-20&linkCode=osi&th=1&psc=1"><img src="https://m.media-amazon.com/images/I/51hurfu3V2L._SL500_.jpg" alt="Product Image"></a><p>Nutrichef Vertical Countertop Oven with Rotisserie, Bake, Broil, & Kebab Rack Functions - Adjustable Settings - 2 Shelves - 1500W - Thanksgiving Turkey - Includes Grill, Kebab skewer racks & bake pan</p><p> -15% 0FF </p><p>$88.80</p><a href="https://www.amazon.com/dp/B01MAWQSW5?tag=eloabder-20&linkCode=osi&th=1&psc=1">View Product</a></div>
<div class="product"><a href="https://www.amazon.com/dp/B0BJ7VBZ2N?tag=eloabder-20&linkCode=osi&th=1&psc=1"><img src="https://m.media-amazon.com/images/I/31YfjzhQJiL._SL500_.jpg" alt="Product Image"></a><p>LG LRFLC2706S 27 Cu. Ft. French Door Smart Refrigerator in Stainless Steel</p><p> -22% 0FF </p><p>$1,645.31</p><a href="https://www.amazon.com/dp/B0BJ7VBZ2N?tag=eloabder-20&linkCode=osi&th=1&psc=1">View Product</a></div><div class="product"><a href="https://www.amazon.com/dp/B0CL9K8VTH?tag=eloabder-20&linkCode=osi&th=1&psc=1"><img src="https://m.media-amazon.com/images/I/219HZ+NJ2UL._SL500_.jpg" alt="Product Image"></a><p>THFRIONE 18.1 Cu. Ft 36" Inch W. Refrigerator with Ice & Water Dispenser, Inverter Compressor, Auto Defrost, Gray Stainless Steel Finish – Perfect for Kitchens, Homes, or Offices</p><p> -25% 0FF </p><p>$1,499.99</p><a href="https://www.amazon.com/dp/B0CL9K8VTH?tag=eloabder-20&linkCode=osi&th=1&psc=1">View Product</a></div><div class="product"><a href="https://www.amazon.com/dp/B0C2X116TR?tag=eloabder-20&linkCode=osi&th=1&psc=1"><img src="https://m.media-amazon.com/images/I/21W4R5jV3GL._SL500_.jpg" alt="Product Image"></a><p>LG LRFXC2606S 25.5 Cu. Ft. Stainless Steel French Door Smart Refrigerator</p><p> -29% 0FF </p><p>$1,843.47</p><a href="https://www.amazon.com/dp/B0C2X116TR?tag=eloabder-20&linkCode=osi&th=1&psc=1">View Product</a></div><div class="product"><a href="https://www.amazon.com/dp/B07ZL2VL1Q?tag=eloabder-20&linkCode=osi&th=1&psc=1"><img src="https://m.media-amazon.com/images/I/316q4gNbayL._SL500_.jpg" alt="Product Image"></a><p>GE Profile PVD28BYNFS 27.6 Cu.Ft. Stainless French Door Smart Refrigerator</p><p> -44% 0FF </p><p>$2,345.73</p><a href="https://www.amazon.com/dp/B07ZL2VL1Q?tag=eloabder-20&linkCode=osi&th=1&psc=1">View Product</a></div>
<div class="product"><a href="https://www.amazon.com/dp/B0CFG3VR82?tag=eloabder-20&linkCode=osi&th=1&psc=1"><img src="https://m.media-amazon.com/images/I/41mL7IdNaaL._SL500_.jpg" alt="Product Image"></a><p>4986ER0004F Washer Door Boot Gasket - Boot Seal with Drain Port Compatible with LG and Kenmore Replaces: PS3524977, 1377588, 4986ER0004J, 4986ER0004K, AH3524977, 4986ER0004M, 4986ER0004N, EA3524977</p><p> -19% 0FF </p><p>$29.98</p><a href="https://www.amazon.com/dp/B0CFG3VR82?tag=eloabder-20&linkCode=osi&th=1&psc=1">View Product</a></div><div class="product"><a href="https://www.amazon.com/dp/B0CSNKFMHZ?tag=eloabder-20&linkCode=osi&th=1&psc=1"><img src="https://m.media-amazon.com/images/I/41FWvdtKijL._SL500_.jpg" alt="Product Image"></a><p>Upgraded DC97-16140P DC97-19755A Washer Door Gasket Boot Seal Bellow Diaphragm Compatible with Samsung Front Load Washer Door Seal WF45N5300AW/US WF45M5500AZ/A5 WF45K6200AW/A2 WF45K6300AW/A2 Parts</p><p> -13% 0FF </p><p>$45.77</p><a href="https://www.amazon.com/dp/B0CSNKFMHZ?tag=eloabder-20&linkCode=osi&th=1&psc=1">View Product</a></div>
<div class="product"><a href="https://www.amazon.com/dp/B0C4PRS41W?tag=eloabder-20&linkCode=osi&th=1&psc=1"><img src="https://m.media-amazon.com/images/I/41Xc8Et+m2L._SL500_.jpg" alt="Product Image"></a><p>ROVSUN 13.2LB Portable Clothes Dryer, 3.5 Cu.Ft High End Front Load Tumble Laundry Dryer with LCD Touch Screen, Stainless Steel Tub for Apartment, Home, Dorm-110V, Luxury Grey</p><p> -6% 0FF </p><p>$289.99</p><a href="https://www.amazon.com/dp/B0C4PRS41W?tag=eloabder-20&linkCode=osi&th=1&psc=1">View Product</a></div><div class="product"><a href="https://www.amazon.com/dp/B0BV6M9MB8?tag=eloabder-20&linkCode=osi&th=1&psc=1"><img src="https://m.media-amazon.com/images/I/31UNxYC9C6L._SL500_.jpg" alt="Product Image"></a><p>BLACK+DECKER Compact Clothes Dryer, 1.5 Cu. Ft. 850W Electric Dryer, 120V Vented Portable Dryer with Stainless Steel Drum, Mini Dryer for 3.3 lbs. of Laundry for Standard Wall Outlet</p><p> -6% 0FF </p><p>$244.07</p><a href="https://www.amazon.com/dp/B0BV6M9MB8?tag=eloabder-20&linkCode=osi&th=1&psc=1">View Product</a></div>
<div class="product"><a href="https://www.amazon.com/dp/B09QGHYFY3?tag=eloabder-20&linkCode=osi&th=1&psc=1"><img src="https://m.media-amazon.com/images/I/51WzNNtcNxL._SL500_.jpg" alt="Product Image"></a><p>VEVOR Commercial Convection Oven, 66L/60Qt, Half-Size Conventional Oven Countertop, 1800W 4-Tier Toaster w/Front Glass Door, w/Trays Wire Racks Clip Gloves, 120V</p><p> -8% 0FF </p><p>$459.99</p><a href="https://www.amazon.com/dp/B09QGHYFY3?tag=eloabder-20&linkCode=osi&th=1&psc=1">View Product</a></div><div class="product"><a href="https://www.amazon.com/dp/B0BZ52FLKC?tag=eloabder-20&linkCode=osi&th=1&psc=1"><img src="https://m.media-amazon.com/images/I/51xS1rDuyiL._SL500_.jpg" alt="Product Image"></a><p>Emeril Lagasse Dual Zone 360 Air Fryer Oven Combo with French Door, 25 QT Extra Large Cook Two Foods in Different Ways, Up to 60% Faster from Frozen to Finish</p><p> -12% 0FF </p><p>$264.50</p><a href="https://www.amazon.com/dp/B0BZ52FLKC?tag=eloabder-20&linkCode=osi&th=1&psc=1">View Product</a></div><div class="product"><a href="https://www.amazon.com/dp/B0BRL9F8HV?tag=eloabder-20&linkCode=osi&th=1&psc=1"><img src="https://m.media-amazon.com/images/I/41OVh-RKLgL._SL500_.jpg" alt="Product Image"></a><p>Ninja DCT451 12-in-1 Smart Double Oven with FlexDoor, Thermometer, FlavorSeal, Smart Finish, Rapid Top Convection and Air Fry Bottom , Stainless Steel (pack of 1)</p><p> -20% 0FF </p><p>$279.99</p><a href="https://www.amazon.com/dp/B0BRL9F8HV?tag=eloabder-20&linkCode=osi&th=1&psc=1">View Product</a></div>

<div class="product"><a href="https://www.amazon.com/dp/B0773QXFH3?tag=eloabder-20&linkCode=osi&th=1&psc=1"><img src="https://m.media-amazon.com/images/I/41OitXu8hQL._SL500_.jpg" alt="Product Image"></a><p>BLACK+DECKER BCD6W 6 Place Setting ENERGY STAR Portable Compact Countertop Dishwasher</p><p> -20% 0FF </p><p>$319.99</p><a href="https://www.amazon.com/dp/B0773QXFH3?tag=eloabder-20&linkCode=osi&th=1&psc=1">View Product</a></div><div class="product"><a href="https://www.amazon.com/dp/B09QSV4FCC?tag=eloabder-20&linkCode=osi&th=1&psc=1"><img src="https://m.media-amazon.com/images/I/51vfWTq8xAL._SL500_.jpg" alt="Product Image"></a><p>IAGREEA Portable Countertop Dishwasher, 7 Washing Programs Compact Mini Dishwasher, No Hook Needed, Anti-Leakage, Fruit & Vegetable Soaking, For 4 Sets of Tableware</p><p> -9% 0FF </p><p>$209.99</p><a href="https://www.amazon.com/dp/B09QSV4FCC?tag=eloabder-20&linkCode=osi&th=1&psc=1">View Product</a></div>




<div class="product"><a href="https://www.amazon.com/dp/B07D4821JB?tag=eloabder-20&linkCode=osi&th=1&psc=1"><img src="https://m.media-amazon.com/images/I/31KcsQlzOiL._SL500_.jpg" alt="Product Image"></a><p>GE Smart Countertop Microwave Oven | Complete with Scan-to-Cook Technology and Wifi-Connectivity | 0.9 Cubic Feet Capacity, 900 Watts | Home & Kitchen Essentials | Stainless Steel</p><p> -9% 0FF </p><p>$145.00</p><a href="https://www.amazon.com/dp/B07D4821JB?tag=eloabder-20&linkCode=osi&th=1&psc=1">View Product</a></div><div class="product"><a href="https://www.amazon.com/dp/B08PK7WZC1?tag=eloabder-20&linkCode=osi&th=1&psc=1"><img src="https://m.media-amazon.com/images/I/31FW1VCDrSL._SL500_.jpg" alt="Product Image"></a><p>Toshiba ML-EM62P(SS) Large Countertop Microwave with Smart Sensor, 6 Menus, Auto Defrost, ECO Mode, Mute Option & 16.5" Position Memory Turntable, 2.2 Cu Ft, 1200W, Stainless Steel</p><p> -5% 0FF </p><p>$199.99</p><a href="https://www.amazon.com/dp/B08PK7WZC1?tag=eloabder-20&linkCode=osi&th=1&psc=1">View Product</a></div><div class="product"><a href="https://www.amazon.com/dp/B081ZS7VSM?tag=eloabder-20&linkCode=osi&th=1&psc=1"><img src="https://m.media-amazon.com/images/I/41q6iIrj2lL._SL500_.jpg" alt="Product Image"></a><p>Breville BMO870BSS1BUC1 the Combi Wave 3 in 1 Microwave, Brushed Stainless Steel</p><p> -20% 0FF </p><p>$399.95</p><a href="https://www.amazon.com/dp/B081ZS7VSM?tag=eloabder-20&linkCode=osi&th=1&psc=1">View Product</a></div><div class="product"><a href="https://www.amazon.com/dp/B089WC2P2K?tag=eloabder-20&linkCode=osi&th=1&psc=1"><img src="https://m.media-amazon.com/images/I/418Op+Eo8TL._SL500_.jpg" alt="Product Image"></a><p>TOSHIBA 4-in-1 ML-EC42P(SS) Countertop Microwave Oven, Smart Sensor, Convection, Air Fryer Combo, Mute Function, Position Memory 13.6" Turntable, 1.5 Cu Ft, 1000W, Silver</p><p> -16% 0FF </p><p>$214.99</p><a href="https://www.amazon.com/dp/B089WC2P2K?tag=eloabder-20&linkCode=osi&th=1&psc=1">View Product</a></div>
<div class="product"><a href="https://www.amazon.com/dp/B0CZNV2YJK?tag=eloabder-20&linkCode=osi&th=1&psc=1"><img src="https://m.media-amazon.com/images/I/41cLBczHUgL._SL500_.jpg" alt="Product Image"></a><p>Aeitto Blender, Blenders for Kitchen with 1500-Watt Motor, 68 Oz Large Capacity, Countertop Professional Blenders for Ice Crush, Frozen Drinks, Black</p><p> -73% 0FF </p><p>$89.99</p><a href="https://www.amazon.com/dp/B0CZNV2YJK?tag=eloabder-20&linkCode=osi&th=1&psc=1">View Product</a></div><div class="product"><a href="https://www.amazon.com/dp/B00939FV8K?tag=eloabder-20&linkCode=osi&th=1&psc=1"><img src="https://m.media-amazon.com/images/I/418t4FONikL._SL500_.jpg" alt="Product Image"></a><p>Ninja BL660 Professional Compact Smoothie & Food Processing Blender, 1100-Watts, 3 Functions -for Frozen Drinks, Smoothies, Sauces, & More, 72-oz.* Pitcher, (2) 16-oz. To-Go Cups & Spout Lids, Gray</p><p> -17% 0FF </p><p>$99.00</p><a href="https://www.amazon.com/dp/B00939FV8K?tag=eloabder-20&linkCode=osi&th=1&psc=1">View Product</a></div><div class="product"><a href="https://www.amazon.com/dp/B0CDCTBMKX?tag=eloabder-20&linkCode=osi&th=1&psc=1"><img src="https://m.media-amazon.com/images/I/41AxPEPZViL._SL500_.jpg" alt="Product Image"></a><p>Ninja TB201 Detect Power Blender Pro, BlendSense Technology, For Smoothies, Shakes & More, 1800 Peak Watts, 72 oz. Pitcher, Blender, Black</p><p> -7% 0FF </p><p>$129.99</p><a href="https://www.amazon.com/dp/B0CDCTBMKX?tag=eloabder-20&linkCode=osi&th=1&psc=1">View Product</a></div><div class="product"><a href="https://www.amazon.com/dp/B08F2PWT72?tag=eloabder-20&linkCode=osi&th=1&psc=1"><img src="https://m.media-amazon.com/images/I/21Abxpp-dvL._SL500_.jpg" alt="Product Image"></a><p>KitchenAid Variable Speed Corded Hand Blender KHBV53, Charcoal Grey</p><p> -25% 0FF </p><p>$44.95</p><a href="https://www.amazon.com/dp/B08F2PWT72?tag=eloabder-20&linkCode=osi&th=1&psc=1">View Product</a></div>


<div class="product"><a href="https://www.amazon.com/dp/B010TSWBEA?tag=eloabder-20&linkCode=osi&th=1&psc=1"><img src="https://m.media-amazon.com/images/I/21S-tgi3mHL._SL500_.jpg" alt="Product Image"></a><p>SMEG 2 Slice Toaster with 6 Presets and Defrost Function and Removable Crumb Tray TSF01SSMUS, Stainless Steel</p><p> -21% 0FF </p><p>$196.97</p><a href="https://www.amazon.com/dp/B010TSWBEA?tag=eloabder-20&linkCode=osi&th=1&psc=1">View Product</a></div><div class="product"><a href="https://www.amazon.com/dp/B00COMHC12?tag=eloabder-20&linkCode=osi&th=1&psc=1"><img src="https://m.media-amazon.com/images/I/31x2kZuLOcL._SL500_.jpg" alt="Product Image"></a><p>Breville the 'A Bit More' Toaster 2-Slice, BTA720XL, Brushed Stainless Steel</p><p> -25% 0FF </p><p>$89.95</p><a href="https://www.amazon.com/dp/B00COMHC12?tag=eloabder-20&linkCode=osi&th=1&psc=1">View Product</a></div><div class="product"><a href="https://www.amazon.com/dp/B00140SC64?tag=eloabder-20&linkCode=osi&th=1&psc=1"><img src="https://m.media-amazon.com/images/I/31AsHl4-4ZL._SL500_.jpg" alt="Product Image"></a><p>Breville Smart Toaster, 2-Slice, Brushed Aluminum</p><p> -6% 0FF </p><p>$149.95</p><a href="https://www.amazon.com/dp/B00140SC64?tag=eloabder-20&linkCode=osi&th=1&psc=1">View Product</a></div><div class="product"><a href="https://www.amazon.com/dp/B0964BFH62?tag=eloabder-20&linkCode=osi&th=1&psc=1"><img src="https://m.media-amazon.com/images/I/41Nw+vaMaiL._SL500_.jpg" alt="Product Image"></a><p>Café Express Finish 2-Slice Toaster | Extra-Wide Slots, Extra Lift for Waffles, Pastries, Texas Toast & More | 4 Pre-Set Functions, 8 Shade Options | Countertop Kitchen Essentials | Matte Black</p><p> -23% 0FF </p><p>$99.00</p><a href="https://www.amazon.com/dp/B0964BFH62?tag=eloabder-20&linkCode=osi&th=1&psc=1">View Product</a></div><div class="product"><a href="https://www.amazon.com/dp/B0876235F1?tag=eloabder-20&linkCode=osi&th=1&psc=1"><img src="https://m.media-amazon.com/images/I/41y-KW18W1L._SL500_.jpg" alt="Product Image"></a><p>Haden Heritage 4 Slice Wide Slot Stainless Steel Toaster with Adjustable Browning Control & Non-Slip Feet, Ivory & Chrome</p><p> -29% 0FF </p><p>$89.95</p><a href="https://www.amazon.com/dp/B0876235F1?tag=eloabder-20&linkCode=osi&th=1&psc=1">View Product</a></div>
<div class="product"><a href="https://www.amazon.com/dp/B0C7VMZ9FG?tag=eloabder-20&linkCode=osi&th=1&psc=1"><img src="https://m.media-amazon.com/images/I/31JHVY8m1-L._SL500_.jpg" alt="Product Image"></a><p>Breez Max | Smart AC Controller | WiFi Thermostat for Mini-Split, Window, Portable ACS/Heat Pumps | AI-Based Tech | Free App, No Subscriptions | Alexa, Google, Siri Shortcuts, IFTTT (White)</p><p> -22% 0FF </p><p>$124.99</p><a href="https://www.amazon.com/dp/B0C7VMZ9FG?tag=eloabder-20&linkCode=osi&th=1&psc=1">View Product</a></div>



<div class="product"><a href="https://www.amazon.com/dp/B09H1CGRTV?tag=eloabder-20&linkCode=osi&th=1&psc=1"><img src="https://m.media-amazon.com/images/I/31uEPVcJ8RL._SL500_.jpg" alt="Product Image"></a><p>FOTILE ChefCubii 4-in-1 Countertop Convection Steam Oven, Air Fryer, Dehydrator with True Convection Bake, Steam-Bake, Broil, 40 Preset Menu and Steam Self-Clean, 1 CFT</p><p> -20% 0FF </p><p>$399.00</p><a href="https://www.amazon.com/dp/B09H1CGRTV?tag=eloabder-20&linkCode=osi&th=1&psc=1">View Product</a></div><div class="product"><a href="https://www.amazon.com/dp/B0CZ3HSTP8?tag=eloabder-20&linkCode=osi&th=1&psc=1"><img src="https://m.media-amazon.com/images/I/41rIMFdCNsL._SL500_.jpg" alt="Product Image"></a><p>Secura Multifunction Air Fryer Steam Oven, 13 Quart Compact Oven with Convection Bake, Airfryer, Rapid Steam, Ferment, Dehydrator Combo, Nutritious & Delicious Food Steamer for Cooking (Mint Green)</p><p> -18% 0FF </p><p>$120.00</p><a href="https://www.amazon.com/dp/B0CZ3HSTP8?tag=eloabder-20&linkCode=osi&th=1&psc=1">View Product</a></div><div class="product"><a href="https://www.amazon.com/dp/B08YDJJ48N?tag=eloabder-20&linkCode=osi&th=1&psc=1"><img src="https://m.media-amazon.com/images/I/31eWtCxG5PL._SL500_.jpg" alt="Product Image"></a><p>Whynter TSO-488GB Grande 40 Quart Capacity Counter-Top Multi-Function Convection Steam Oven, Black Stainless Steel</p><p> -26% 0FF </p><p>$320.08</p><a href="https://www.amazon.com/dp/B08YDJJ48N?tag=eloabder-20&linkCode=osi&th=1&psc=1">View Product</a></div>
<div class="product"><a href="https://www.amazon.com/dp/B0B12ZBHLZ?tag=eloabder-20&linkCode=osi&th=1&psc=1"><img src="https://m.media-amazon.com/images/I/41aMbPd8AmL._SL500_.jpg" alt="Product Image"></a><p>Sensibo Air PRO - Air Conditioner Smart Controller & Air Quality Sensor. Smart Thermostat for Mini Split, Window, Portable AC. Temp & Humidity Sensors. Google, Alexa, Siri & Apple HomeKit Compatible</p><p> -31% 0FF </p><p>$149.00</p><a href="https://www.amazon.com/dp/B0B12ZBHLZ?tag=eloabder-20&linkCode=osi&th=1&psc=1">View Product</a></div><div class="product"><a href="https://www.amazon.com/dp/B0BQH2SL9Q?tag=eloabder-20&linkCode=osi&th=1&psc=1"><img src="https://m.media-amazon.com/images/I/31CwRCRuFWL._SL500_.jpg" alt="Product Image"></a><p>Feit Electric Smart Indoor WiFi Temperature and Humidity Sensor for Precision Environment Control, Wireless, Digital Remote App Control, Get Notification Alerts and No Hub Required - Temp/WiFi</p><p> -16% 0FF </p><p>$39.30</p><a href="https://www.amazon.com/dp/B0BQH2SL9Q?tag=eloabder-20&linkCode=osi&th=1&psc=1">View Product</a></div><div class="product"><a href="https://www.amazon.com/dp/B0B5GPM54S?tag=eloabder-20&linkCode=osi&th=1&psc=1"><img src="https://m.media-amazon.com/images/I/31sAt4ZNQRL._SL500_.jpg" alt="Product Image"></a><p>YoLink X3 Version Temperature & Humidity Sensor, Supports App Real-Time Data Refresh, Alexa, IFTTT, Home Assistant Integration - YoLink Hub Required</p><p> -20% 0FF </p><p>$39.99</p><a href="https://www.amazon.com/dp/B0B5GPM54S?tag=eloabder-20&linkCode=osi&th=1&psc=1">View Product</a></div><div class="product"><a href="https://www.amazon.com/dp/B09Y873L1Z?tag=eloabder-20&linkCode=osi&th=1&psc=1"><img src="https://m.media-amazon.com/images/I/41iuXKDZtVL._SL500_.jpg" alt="Product Image"></a><p>WiFi Temperature Humidity Monitor: Upgraded Smart Temperature and Humidity Sensor with Large Backlit LCD Screen & App Alerts, Indoor Thermometer Hygrometer Compatible with Alexa Google Assistant</p><p> -23% 0FF </p><p>$20.68</p><a href="https://www.amazon.com/dp/B09Y873L1Z?tag=eloabder-20&linkCode=osi&th=1&psc=1">View Product</a></div>
<div class="product"><a href="https://www.amazon.com/dp/B002HDLBTC?tag=eloabder-20&linkCode=osi&th=1&psc=1"><img src="https://m.media-amazon.com/images/I/514U5jbXZXL._SL500_.jpg" alt="Product Image"></a><p>BREW EXPRESS - 10 CUP BUILT-IN-THE-WALL - SELF FILLING COFFEE SYSTEM</p><p> -16% 0FF </p><p>$753.00 ($75.30 / Count)</p><a href="https://www.amazon.com/dp/B002HDLBTC?tag=eloabder-20&linkCode=osi&th=1&psc=1">View Product</a></div><div class="product"><a href="https://www.amazon.com/dp/B07HCMRJZD?tag=eloabder-20&linkCode=osi&th=1&psc=1"><img src="https://m.media-amazon.com/images/I/41GaMhDDegL._SL500_.jpg" alt="Product Image"></a><p>WOLF GOURMET Programmable Coffee Maker System with 10 Cup Thermal Carafe, Built-In Grounds Scale, Removable Reservoir, Red Knob, Stainless Steel (WGCM100S)</p><p> -18% 0FF </p><p>$449.95</p><a href="https://www.amazon.com/dp/B07HCMRJZD?tag=eloabder-20&linkCode=osi&th=1&psc=1">View Product</a></div>



<div class="product"><a href="https://www.amazon.com/dp/B00P387SGS?tag=eloabder-20&linkCode=osi&th=1&psc=1"><img src="https://m.media-amazon.com/images/I/31PaPGs7ucL._SL500_.jpg" alt="Product Image"></a><p>Avanti ERU200P3S ERU200 20" Electric Range Oven with Framed Glass Door, in Stainless Steel</p><p> -25% 0FF </p><p>$584.10</p><a href="https://www.amazon.com/dp/B00P387SGS?tag=eloabder-20&linkCode=osi&th=1&psc=1">View Product</a></div><div class="product"><a href="https://www.amazon.com/dp/B0CGMC72GG?tag=eloabder-20&linkCode=osi&th=1&psc=1"><img src="https://m.media-amazon.com/images/I/41VO4jA5L0L._SL500_.jpg" alt="Product Image"></a><p>Kenmore Front Control Electric Range Oven with 5 Cooktop Elements with 7 Cooking Power Options, True Convection, Steam and Self Clean, Freestanding Oven, 4.8 cu. ft. Capacity Stainless Steel</p><p> -15% 0FF </p><p>$1,099.99</p><a href="https://www.amazon.com/dp/B0CGMC72GG?tag=eloabder-20&linkCode=osi&th=1&psc=1">View Product</a></div><div class="product"><a href="https://www.amazon.com/dp/B00P3821II?tag=eloabder-20&linkCode=osi&th=1&psc=1"><img src="https://m.media-amazon.com/images/I/31VtoYu+-YL._SL500_.jpg" alt="Product Image"></a><p>Avanti ERU240P1B ERU240 24" Electric Range Oven with Framed Glass Door, in Black</p><p> -12% 0FF </p><p>$612.07</p><a href="https://www.amazon.com/dp/B00P3821II?tag=eloabder-20&linkCode=osi&th=1&psc=1">View Product</a></div><div class="product"><a href="https://www.amazon.com/dp/B098H6P9YG?tag=eloabder-20&linkCode=osi&th=1&psc=1"><img src="https://m.media-amazon.com/images/I/3173fk+5oHL._SL500_.jpg" alt="Product Image"></a><p>Premium Levella 20" Electric Range with 4 Coil Burners and 2.2 Cu. Ft. Oven Capacity in White</p><p> -7% 0FF </p><p>$699.00</p><a href="https://www.amazon.com/dp/B098H6P9YG?tag=eloabder-20&linkCode=osi&th=1&psc=1">View Product</a></div><div class="product"><a href="https://www.amazon.com/dp/B07HY4RYPD?tag=eloabder-20&linkCode=osi&th=1&psc=1"><img src="https://m.media-amazon.com/images/I/41+Y7YbWcuL._SL500_.jpg" alt="Product Image"></a><p>OVENTE Electric Countertop Double Burner, 1700W Cooktop with 7.25" and 6.10" Cast Iron Hot Plates, Temperature Control, Portable Cooking Stove and Easy to Clean Stainless Steel Base, Black BGS102B</p><p> -34% 0FF </p><p>$26.99</p><a href="https://www.amazon.com/dp/B07HY4RYPD?tag=eloabder-20&linkCode=osi&th=1&psc=1">View Product</a></div><div class="product"><a href="https://www.amazon.com/dp/B01EBC40BW?tag=eloabder-20&linkCode=osi&th=1&psc=1"><img src="https://m.media-amazon.com/images/I/31EF03Y41gL._SL500_.jpg" alt="Product Image"></a><p>GE Appliances JB645DKWW, White</p><p> -9% 0FF </p><p>$759.72</p><a href="https://www.amazon.com/dp/B01EBC40BW?tag=eloabder-20&linkCode=osi&th=1&psc=1">View Product</a></div>
<div class="product"><a href="https://www.amazon.com/dp/B0B8F38J2B?tag=eloabder-20&linkCode=osi&th=1&psc=1"><img src="https://m.media-amazon.com/images/I/31hyxdIlB5L._SL500_.jpg" alt="Product Image"></a><p>GreenPan Elite 8 - in -1 Programmable 6QT Electric Slow Cooker, Dishwasher Safe Lid & Removable Crock, PFAS-Free Healthy Ceramic Nonstick Multi-Cooker, Sear, Sauté/Brown, Steam Basket, Roast, White</p><p> -24% 0FF </p><p>$190.22</p><a href="https://www.amazon.com/dp/B0B8F38J2B?tag=eloabder-20&linkCode=osi&th=1&psc=1">View Product</a></div>

<div class="product"><a href="https://www.amazon.com/dp/B0BG677TXS?tag=eloabder-20&linkCode=osi&th=1&psc=1"><img src="https://m.media-amazon.com/images/I/31xwg0S1m1L._SL500_.jpg" alt="Product Image"></a><p>Samsung WW25B6900AW/A2 2.5 cu. ft. Smart Dial Front Load Washer</p><p> -27% 0FF </p><p>$798.00</p><a href="https://www.amazon.com/dp/B0BG677TXS?tag=eloabder-20&linkCode=osi&th=1&psc=1">View Product</a></div><div class="product"><a href="https://www.amazon.com/dp/B098FBB9KF?tag=eloabder-20&linkCode=osi&th=1&psc=1"><img src="https://m.media-amazon.com/images/I/31BJNXlaIoL._SL500_.jpg" alt="Product Image"></a><p>SAMSUNG 6.0 Cu Ft. Smart Dial Front Load Washer, Wash 2 Loads in 1 Large Capacity Machine, FlexWash, 28 Minute Super Speed Clothes Washing, Steam Stain Removal, WV60A9900AV/A5, Brushed Black</p><p> -6% 0FF </p><p>$1,794.00</p><a href="https://www.amazon.com/dp/B098FBB9KF?tag=eloabder-20&linkCode=osi&th=1&psc=1">View Product</a></div><div class="product"><a href="https://www.amazon.com/dp/B0CG21R3R3?tag=eloabder-20&linkCode=osi&th=1&psc=1"><img src="https://m.media-amazon.com/images/I/41wWRqV3hNL._SL500_.jpg" alt="Product Image"></a><p>Samsung 5.4 Cu. Ft. Smart Top Load Washer with Active Wave Agitator in White</p><p> -30% 0FF </p><p>$698.11</p><a href="https://www.amazon.com/dp/B0CG21R3R3?tag=eloabder-20&linkCode=osi&th=1&psc=1">View Product</a></div><div class="product"><a href="https://www.amazon.com/dp/B0B9GCYNTQ?tag=eloabder-20&linkCode=osi&th=1&psc=1"><img src="https://m.media-amazon.com/images/I/31-hInDefjL._SL500_.jpg" alt="Product Image"></a><p>SAMSUNG 4.6 Cu Ft AI Smart Dial Front Load Washer, Large Capacity Machine, Stackable for Small Spaces, 28 Min Super Speed Clothes Washing, Energy Star Certified, WF46BG6500AVUS, Brushed Black</p><p> -46% 0FF </p><p>$699.97</p><a href="https://www.amazon.com/dp/B0B9GCYNTQ?tag=eloabder-20&linkCode=osi&th=1&psc=1">View Product</a></div><div class="product"><a href="https://www.amazon.com/dp/B09RHLVMN3?tag=eloabder-20&linkCode=osi&th=1&psc=1"><img src="https://m.media-amazon.com/images/I/41f7mMz70DL._SL500_.jpg" alt="Product Image"></a><p>Samsung WF45T6000WPR White Front Load Laundry Package</p><p> -26% 0FF </p><p>$1,258.99</p><a href="https://www.amazon.com/dp/B09RHLVMN3?tag=eloabder-20&linkCode=osi&th=1&psc=1">View Product</a></div><div class="product"><a href="https://www.amazon.com/dp/B0DHYRW1S1?tag=eloabder-20&linkCode=osi&th=1&psc=1"><img src="https://m.media-amazon.com/images/I/31XhNU9yg2L._SL500_.jpg" alt="Product Image"></a><p>Samsung WH46DBH100EWA3 Bespoke AI Laundry Hub Large Capacity 4.6 Single Unit Steam Wash and 7.6 cu. ft. Electric White Washer and Dryer</p><p> -11% 0FF </p><p>$1,598.11</p><a href="https://www.amazon.com/dp/B0DHYRW1S1?tag=eloabder-20&linkCode=osi&th=1&psc=1">View Product</a></div><div class="product"><a href="https://www.amazon.com/dp/B0C5BGBSTS?tag=eloabder-20&linkCode=osi&th=1&psc=1"><img src="https://m.media-amazon.com/images/I/31osGMkChUL._SL500_.jpg" alt="Product Image"></a><p>LG WM6700HBA 5.0 Cu. Ft. Black Steel Front Load HE Stackable Smart Washer</p><p> -32% 0FF </p><p>$948.11</p><a href="https://www.amazon.com/dp/B0C5BGBSTS?tag=eloabder-20&linkCode=osi&th=1&psc=1">View Product</a></div>
<div class="product"><a href="https://www.amazon.com/dp/B099FM9Q3F?tag=eloabder-20&linkCode=osi&th=1&psc=1"><img src="https://m.media-amazon.com/images/I/31BJ8l-fdHL._SL500_.jpg" alt="Product Image"></a><p>SAMSUNG 7.5 Cu. Ft. Smart Dial Electric Dryer with FlexDry, Dry 2 Loads in 1 Large Capacity Machine, Super Speed 30 Minute Clothes Drying Cycle, WiFi Connected Control, DVE60A9900V/A3, Brushed Black</p><p> -10% 0FF </p><p>$899.99</p><a href="https://www.amazon.com/dp/B099FM9Q3F?tag=eloabder-20&linkCode=osi&th=1&psc=1">View Product</a></div><div class="product"><a href="https://www.amazon.com/dp/B0C72WLSJ1?tag=eloabder-20&linkCode=osi&th=1&psc=1"><img src="https://m.media-amazon.com/images/I/41Xh3Pcm43L._SL500_.jpg" alt="Product Image"></a><p>GE Profile PFQ97HSPVDS 28 Inch Smart Front Load Washer/Dryer Combo with 4.8 cu.ft. Capacity, 12 Wash Cycles, 14 Dryer Cycles</p><p> -17% 0FF </p><p>$1,915.00</p><a href="https://www.amazon.com/dp/B0C72WLSJ1?tag=eloabder-20&linkCode=osi&th=1&psc=1">View Product</a></div>
<div class="product"><a href="https://www.amazon.com/dp/B08BXXQ37X?tag=eloabder-20&linkCode=osi&th=1&psc=1"><img src="https://m.media-amazon.com/images/I/41rYTYUWK2L._SL500_.jpg" alt="Product Image"></a><p>Ninja DT251 Foodi 10-in-1 Smart XL Air Fry Oven, Bake, Broil, Toast, Roast, Digital Toaster, Thermometer, True Surround Convection up to 450°F, includes 6 trays & Recipe Guide, Silver</p><p> -24% 0FF </p><p>$249.95</p><a href="https://www.amazon.com/dp/B08BXXQ37X?tag=eloabder-20&linkCode=osi&th=1&psc=1">View Product</a></div><div class="product"><a href="https://www.amazon.com/dp/B0CLP1YV8V?tag=eloabder-20&linkCode=osi&th=1&psc=1"><img src="https://m.media-amazon.com/images/I/41SB1d44IAL._SL500_.jpg" alt="Product Image"></a><p>COSORI Smart 13-in-1 Air Fryer Toaster Oven Combo, Airfryer Rotisserie Sous Vide Convection Oven Countertop, Bake, Broil, Roast, Dehydrate, 134 Recipes & 4 Accessories, 32QT, Silver, Stainless Steel</p><p> -12% 0FF </p><p>$149.99</p><a href="https://www.amazon.com/dp/B0CLP1YV8V?tag=eloabder-20&linkCode=osi&th=1&psc=1">View Product</a></div>
<div class="product"><a href="https://www.amazon.com/dp/B09WPS1JQT?tag=eloabder-20&linkCode=osi&th=1&psc=1"><img src="https://m.media-amazon.com/images/I/213pWPsDBsL._SL500_.jpg" alt="Product Image"></a><p>SHARP Smart Dishwasher Works with Alexa. Includes LED Interior lights, Stainless Steel interior, Heated Dry with Fan Assist, Wash Zone cleans half load on either rack, Adjustable Third Rack</p><p> -28% 0FF </p><p>$649.99</p><a href="https://www.amazon.com/dp/B09WPS1JQT?tag=eloabder-20&linkCode=osi&th=1&psc=1">View Product</a></div><div class="product"><a href="https://www.amazon.com/dp/B0B9GJFNLX?tag=eloabder-20&linkCode=osi&th=1&psc=1"><img src="https://m.media-amazon.com/images/I/41rhOWVP2YL._SL500_.jpg" alt="Product Image"></a><p>BLITZHOME Portable Dishwasher Countertop, WIFI Smart Dishwasher, Compact Dishwashers with 5L Built-in Water Tank, 6 Programs, 360° Dual Spray, High-Temp& Air-Dry Function, Fruit Cleaning</p><p> -5% 0FF </p><p>$265.94</p><a href="https://www.amazon.com/dp/B0B9GJFNLX?tag=eloabder-20&linkCode=osi&th=1&psc=1">View Product</a></div><div class="product"><a href="https://www.amazon.com/dp/B0B9GDD4VS?tag=eloabder-20&linkCode=osi&th=1&psc=1"><img src="https://m.media-amazon.com/images/I/31vXK+e-zxL._SL500_.jpg" alt="Product Image"></a><p>SAMSUNG Smart 44dBA Dishwasher w/ StormWash+, AutoRelease Door, Quiet Operation, 3 Dish Racks, Pre Blast Cycle, Energy Star Certified, DW80B6060US/AA, Fingerprint Resistant Stainless Steel</p><p> -5% 0FF </p><p>$949.00</p><a href="https://www.amazon.com/dp/B0B9GDD4VS?tag=eloabder-20&linkCode=osi&th=1&psc=1">View Product</a></div><div class="product"><a href="https://www.amazon.com/dp/B0BDNRN39R?tag=eloabder-20&linkCode=osi&th=1&psc=1"><img src="https://m.media-amazon.com/images/I/21YrlEfylNL._SL500_.jpg" alt="Product Image"></a><p>Samsung DW80B7070AP 42 dBA Bespoke Smart Dishwasher - Bespoke Panel Ready</p><p> -10% 0FF </p><p>$1,029.72</p><a href="https://www.amazon.com/dp/B0BDNRN39R?tag=eloabder-20&linkCode=osi&th=1&psc=1">View Product</a></div><div class="product"><a href="https://www.amazon.com/dp/B0CFPTPD7N?tag=eloabder-20&linkCode=osi&th=1&psc=1"><img src="https://m.media-amazon.com/images/I/31JMPn7cM2L._SL500_.jpg" alt="Product Image"></a><p>Kenmore 24" Built-In Stainless Steel Tub Dishwasher with EasyFlex 3rd Rack, SmartWash, UltraWash Plus, TurboDry, and Adjustable Rack, Energy Star Certified, Fingerprint Resistant Stainless Steel</p><p> -38% 0FF </p><p>$499.99</p><a href="https://www.amazon.com/dp/B0CFPTPD7N?tag=eloabder-20&linkCode=osi&th=1&psc=1">View Product</a></div>
<div class="product"><a href="https://www.amazon.com/dp/B07X2732ZN?tag=eloabder-20&linkCode=osi&th=1&psc=1"><img src="https://m.media-amazon.com/images/I/414+VuqxfCL._SL500_.jpg" alt="Product Image"></a><p>Winco EMW-1000ST Commercial-Grade Microwave Oven, .9 Cubic Feet, Silver</p><p> -7% 0FF </p><p>$278.22</p><a href="https://www.amazon.com/dp/B07X2732ZN?tag=eloabder-20&linkCode=osi&th=1&psc=1">View Product</a></div><div class="product"><a href="https://www.amazon.com/dp/B0C1QP9ZH9?tag=eloabder-20&linkCode=osi&th=1&psc=1"><img src="https://m.media-amazon.com/images/I/41fZkBs64aL._SL500_.jpg" alt="Product Image"></a><p>Winco Commercial-Grade Planetary Mixer with Hub, 20 Liter</p><p> -18% 0FF </p><p>$1,112.49</p><a href="https://www.amazon.com/dp/B0C1QP9ZH9?tag=eloabder-20&linkCode=osi&th=1&psc=1">View Product</a></div><div class="product"><a href="https://www.amazon.com/dp/B0716Q44T2?tag=eloabder-20&linkCode=osi&th=1&psc=1"><img src="https://m.media-amazon.com/images/I/41jw7AxptIL._SL500_.jpg" alt="Product Image"></a><p>Weston Pro Series Electric Meat Grinder, Commercial Grade, 1120 Watts, 1.5 HP, 14lbs. Per Minute, Stainless Steel (10-2201-W)</p><p> -13% 0FF </p><p>$659.99</p><a href="https://www.amazon.com/dp/B0716Q44T2?tag=eloabder-20&linkCode=osi&th=1&psc=1">View Product</a></div>
<div class="product"><a href="https://www.amazon.com/dp/B0BG3BPRBS?tag=eloabder-20&linkCode=osi&th=1&psc=1"><img src="https://m.media-amazon.com/images/I/41EKP3Rd4FL._SL500_.jpg" alt="Product Image"></a><p>KITCHENAID Fitted Tilt-Head Solid Stand Mixer Cover with Storage Pocket, Quilted 100% Cotton, Milkshake, 14.4"x18"x10"</p><p> -57% 0FF </p><p>$19.50</p><a href="https://www.amazon.com/dp/B0BG3BPRBS?tag=eloabder-20&linkCode=osi&th=1&psc=1">View Product</a></div>
<div class="product"><a href="https://www.amazon.com/dp/B08F72TY67?tag=eloabder-20&linkCode=osi&th=1&psc=1"><img src="https://m.media-amazon.com/images/I/515c8kJ6iaL._SL500_.jpg" alt="Product Image"></a><p>MegaWise Vacuum Sealer Machine | 80kPa Suction Power| Bags and Cutter Included | Compact One-Touch Automatic Food Sealer with External Vacuum System | Dry Moist Fresh Modes for All Saving needs</p><p> -10% 0FF </p><p>$35.99</p><a href="https://www.amazon.com/dp/B08F72TY67?tag=eloabder-20&linkCode=osi&th=1&psc=1">View Product</a></div><div class="product"><a href="https://www.amazon.com/dp/B08L8YZ9LG?tag=eloabder-20&linkCode=osi&th=1&psc=1"><img src="https://m.media-amazon.com/images/I/316EFEDqU6S._SL500_.jpg" alt="Product Image"></a><p>VOBAGA Coffee Mug Warmer, Electric Coffee Warmer for Office Desk Accessories with Auto Shut Off, 3 Temperature Setting Smart Cup Warmer for Heating Coffee, Beverage, Milk and Tea (No Mug)</p><p> -38% 0FF </p><p>$24.97</p><a href="https://www.amazon.com/dp/B08L8YZ9LG?tag=eloabder-20&linkCode=osi&th=1&psc=1">View Product</a></div><div class="product"><a href="https://www.amazon.com/dp/B0CCTPNZD4?tag=eloabder-20&linkCode=osi&th=1&psc=1"><img src="https://m.media-amazon.com/images/I/41F5VlaiwOL._SL500_.jpg" alt="Product Image"></a><p>Coffee Mug Warmer, Smart Candle Warmer, Electric Cup Warmer with Aluminum Metal Panel for Office, Desk Accessories, Electric Beverage Warmer for Cocoa, Milk, for Coworkers Friends,</p><p> -50% 0FF </p><p>$9.99</p><a href="https://www.amazon.com/dp/B0CCTPNZD4?tag=eloabder-20&linkCode=osi&th=1&psc=1">View Product</a></div>
<div class="product"><a href="https://www.amazon.com/dp/B0BKLVF1DM?tag=eloabder-20&linkCode=osi&th=1&psc=1"><img src="https://m.media-amazon.com/images/I/41NUOnE9h0L._SL500_.jpg" alt="Product Image"></a><p>Café Couture Oven with 14 essential cooking modes, including Air Fry, CrispFinish, Bake, Broil, Roast, Toast, Pizza, WiFi & Smart Connected, Voice Control, Countertop Small Appliances, Matte White</p><p> -27% 0FF </p><p>$329.00</p><a href="https://www.amazon.com/dp/B0BKLVF1DM?tag=eloabder-20&linkCode=osi&th=1&psc=1">View Product</a></div><div class="product"><a href="https://www.amazon.com/dp/B09649DDTN?tag=eloabder-20&linkCode=osi&th=1&psc=1"><img src="https://m.media-amazon.com/images/I/41iMySSuDkL._SL500_.jpg" alt="Product Image"></a><p>GE Profile Opal 2.0 with 0.75 Gallon Tank, Chewable Crunchable Countertop Nugget Ice Maker, Scoop included, 38 lbs in 24 hours, Pellet Ice Machine with WiFi & Smart Connected, Black Stainless Steel</p><p> -17% 0FF </p><p>$498.98</p><a href="https://www.amazon.com/dp/B09649DDTN?tag=eloabder-20&linkCode=osi&th=1&psc=1">View Product</a></div><div class="product"><a href="https://www.amazon.com/dp/B0DGFSYHXL?tag=eloabder-20&linkCode=osi&th=1&psc=1"><img src="https://m.media-amazon.com/images/I/41JYWoYr-WL._SL500_.jpg" alt="Product Image"></a><p>2024 Upgrade Cord Organizer For Kitchen Appliances,4 Pack Cord Organizer for Appliances,Kitchen Appliance Cord Organizer Stick On,Self-Adhesive Cord Organizer</p><p> -30% 0FF </p><p>$6.99</p><a href="https://www.amazon.com/dp/B0DGFSYHXL?tag=eloabder-20&linkCode=osi&th=1&psc=1">View Product</a></div><div class="product"><a href="https://www.amazon.com/dp/B09SBW246Y?tag=eloabder-20&linkCode=osi&th=1&psc=1"><img src="https://m.media-amazon.com/images/I/41FsMr2XLML._SL500_.jpg" alt="Product Image"></a><p>GE Profile Opal 2.0, Chewable Crunchable Countertop Nugget Ice Maker, Scoop included, 38 lbs in 24 hours, Pellet Ice Machine with WiFi & Smart Connected, Stainless Steel</p><p> -18% 0FF </p><p>$449.00</p><a href="https://www.amazon.com/dp/B09SBW246Y?tag=eloabder-20&linkCode=osi&th=1&psc=1">View Product</a></div>
<div class="product"><a href="https://www.amazon.com/dp/B0C2FF4JD1?tag=eloabder-20&linkCode=osi&th=1&psc=1"><img src="https://m.media-amazon.com/images/I/41hiBJ9xLAL._SL500_.jpg" alt="Product Image"></a><p>Ninja BC151BK Blast Portable Blender, Cordless, 18oz. Vessel, Personal Blender-for Shakes & Smoothies, BPA Free, Leakproof-Lid & Sip Spout, USB-C Rechargeable, Dishwasher Safe Parts, Black</p><p> -33% 0FF </p><p>$39.99</p><a href="https://www.amazon.com/dp/B0C2FF4JD1?tag=eloabder-20&linkCode=osi&th=1&psc=1">View Product</a></div><div class="product"><a href="https://www.amazon.com/dp/B089TQWJKK?tag=eloabder-20&linkCode=osi&th=1&psc=1"><img src="https://m.media-amazon.com/images/I/319-1n4eaeL._SL500_.jpg" alt="Product Image"></a><p>Ninja DZ201 Foodi 8 Quart 6-in-1 DualZone 2-Basket Air Fryer with 2 Independent Frying Baskets, Match Cook & Smart Finish to Roast, Broil, Dehydrate & More for Quick, Easy Meals, Grey</p><p> -15% 0FF </p><p>$169.99</p><a href="https://www.amazon.com/dp/B089TQWJKK?tag=eloabder-20&linkCode=osi&th=1&psc=1">View Product</a></div>
<div class="product"><a href="https://www.amazon.com/dp/B0CMJQC2M3?tag=eloabder-20&linkCode=osi&th=1&psc=1"><img src="https://m.media-amazon.com/images/I/216CCwa5bJL._SL500_.jpg" alt="Product Image"></a><p>Summit Appliance FFBF235PL 24" Wide Bottom Freezer Refrigerator, Energy Star, LED Lighting, Stainless Steel (RHD)</p><p> -41% 0FF </p><p>$1,086.96</p><a href="https://www.amazon.com/dp/B0CMJQC2M3?tag=eloabder-20&linkCode=osi&th=1&psc=1">View Product</a></div><div class="product"><a href="https://www.amazon.com/dp/B096RYWSQM?tag=eloabder-20&linkCode=osi&th=1&psc=1"><img src="https://m.media-amazon.com/images/I/31uENxnUdBL._SL500_.jpg" alt="Product Image"></a><p>COMFEE’ Portable Mini Dishwasher, Energy Star, Countertop, 6 Place Settings, with 8 Washing Programs, Speed, Baby-Care, ECO& Glass, Dish Washer for Dorm, RV& Apartment, White</p><p> -10% 0FF </p><p>$259.99</p><a href="https://www.amazon.com/dp/B096RYWSQM?tag=eloabder-20&linkCode=osi&th=1&psc=1">View Product</a></div>
<div class="product"><a href="https://www.amazon.com/dp/B0CPLVLFK2?tag=eloabder-20&linkCode=osi&th=1&psc=1"><img src="https://m.media-amazon.com/images/I/41TevXHn-zL._SL500_.jpg" alt="Product Image"></a><p>Immersion Blender Handheld Corded Hand Blender 1100W, Trigger Variable Speed 5 in 1 Stick Blender, Emulsion Blender with Chopper, Whisk and Frother for Soup, Baby Food and Smoothies</p><p> -49% 0FF </p><p>$39.99</p><a href="https://www.amazon.com/dp/B0CPLVLFK2?tag=eloabder-20&linkCode=osi&th=1&psc=1">View Product</a></div>
<div class="product"><a href="https://www.amazon.com/dp/B00IE76Q7M?tag=eloabder-20&linkCode=osi&th=1&psc=1"><img src="https://m.media-amazon.com/images/I/41yTd6+03lS._SL500_.jpg" alt="Product Image"></a><p>Reynolds Kitchens Premium Slow Cooker Liners - 13 x 21 Inch, 6 Count</p><p> -40% 0FF </p><p>$3.48 ($0.58 / Count)</p><a href="https://www.amazon.com/dp/B00IE76Q7M?tag=eloabder-20&linkCode=osi&th=1&psc=1">View Product</a></div><div class="product"><a href="https://www.amazon.com/dp/B08QJ8SHGV?tag=eloabder-20&linkCode=osi&th=1&psc=1"><img src="https://m.media-amazon.com/images/I/51e1ld7+QuL._SL500_.jpg" alt="Product Image"></a><p>Sealegend 2 Pieces Dryer Vent Cleaner Kit Dryer Lint Vacuum Attachment, Dryer Vent Cleaning Lint Remover 2 Hoses Tools for Home Improvement</p><p> -6% 0FF </p><p>$14.99</p><a href="https://www.amazon.com/dp/B08QJ8SHGV?tag=eloabder-20&linkCode=osi&th=1&psc=1">View Product</a></div><div class="product"><a href="https://www.amazon.com/dp/B09KT67BL1?tag=eloabder-20&linkCode=osi&th=1&psc=1"><img src="https://m.media-amazon.com/images/I/41GfIj83V6L._SL500_.jpg" alt="Product Image"></a><p>HomeHacks 2-Pack Large Laundry Basket, Waterproof, Freestanding Laundry Hamper, Collapsible Tall Clothes Hamper with Extended Handles for Clothes Toys in the Dorm and Family-(Gradient Grey, 75L)</p><p> -20% 0FF </p><p>$19.99 ($10.00 / Count)</p><a href="https://www.amazon.com/dp/B09KT67BL1?tag=eloabder-20&linkCode=osi&th=1&psc=1">View Product</a></div><div class="product"><a href="https://www.amazon.com/dp/B08YQYB7VF?tag=eloabder-20&linkCode=osi&th=1&psc=1"><img src="https://m.media-amazon.com/images/I/410P1mYng8L._SL500_.jpg" alt="Product Image"></a><p>600W Electric Hand Mixer Kitchen Handheld Mixer 10 Speed Powerful with Turbo for Baking Cake Lightweight & Personal Electric Mixer with Egg Baking Beaters Dough Hooks, Whipping Mixing Cookies</p><p> -25% 0FF </p><p>$37.49</p><a href="https://www.amazon.com/dp/B08YQYB7VF?tag=eloabder-20&linkCode=osi&th=1&psc=1">View Product</a></div>



<div class="product"><a href="https://www.amazon.com/dp/B09SBRGSFH?tag=eloabder-20&linkCode=osi&th=1&psc=1"><img src="https://m.media-amazon.com/images/I/51B+TheiNvL._SL500_.jpg" alt="Product Image"></a><p>Ninja SS151 TWISTi Blender DUO, High-Speed 1600 WP Smoothie Maker & Nutrient Extractor* 5 Functions Smoothie, Spreads & More, smartTORQUE, 34-oz. Pitcher & (2) To-Go Cups, Gray</p><p> -29% 0FF </p><p>$99.99</p><a href="https://www.amazon.com/dp/B09SBRGSFH?tag=eloabder-20&linkCode=osi&th=1&psc=1">View Product</a></div>






<div class="product"><a href="https://www.amazon.com/dp/B0DFP72QBQ?tag=eloabder-20&linkCode=osi&th=1&psc=1"><img src="https://m.media-amazon.com/images/I/41WTRq99coL._SL500_.jpg" alt="Product Image"></a><p>UV Countertop Reverse Osmosis System Water Filter, 5 Stage RO Water Filtration System, NSF/ANSI 58 Certified, 5:1 Pure to Drain, Water Purifier for Home(No Installation Required)</p><p> -83% 0FF </p><p>$299.99</p><a href="https://www.amazon.com/dp/B0DFP72QBQ?tag=eloabder-20&linkCode=osi&th=1&psc=1">View Product</a></div><div class="product"><a href="https://www.amazon.com/dp/B0D2HLT8ZB?tag=eloabder-20&linkCode=osi&th=1&psc=1"><img src="https://m.media-amazon.com/images/I/51I3hzCxgfL._SL500_.jpg" alt="Product Image"></a><p>Hydrosip H6 Hydrogen Water Bottle – Hydrogen Water Bottle Generator Up to 3000ppb – Rich Hydrogen-Infused Water – SPE/PEM Technology – Portable Electric Water Ionizer Bottle – Quick Hydrogen Infusion</p><p> -20% 0FF </p><p>$79.99</p><a href="https://www.amazon.com/dp/B0D2HLT8ZB?tag=eloabder-20&linkCode=osi&th=1&psc=1">View Product</a></div>













<div class="product"><a href="https://www.amazon.com/dp/B0CB8QWHZ4?tag=eloabder-20&linkCode=osi&th=1&psc=1"><img src="https://m.media-amazon.com/images/I/31iiEl+sr-L._SL500_.jpg" alt="Product Image"></a><p>EIFHYT Ceiling Fan Pull Chain with Decorative 2 Pcs 3 mm 12 inch Frosted Light Bulb and Fan Cord extender Chains for Mounted Ceiling Fans and Light Fixtures (Nickel)</p><p> -50% 0FF </p><p>$3.49</p><a href="https://www.amazon.com/dp/B0CB8QWHZ4?tag=eloabder-20&linkCode=osi&th=1&psc=1">View Product</a></div>








<div class="product"><a href="https://www.amazon.com/dp/B07DRM9YXL?tag=eloabder-20&linkCode=osi&th=1&psc=1"><img src="https://m.media-amazon.com/images/I/51yigLl6c+L._SL500_.jpg" alt="Product Image"></a><p>NutriChef Electric Carving Turkey Slicer Kitchen Knife | For Thanksgiving | Portable Electrical Food Cutter Knife Set with Carving Blades & Wood Carving Stand | Cuts Meat, Bread, Cheese & Fruit</p><p> -19% 0FF </p><p>$28.38</p><a href="https://www.amazon.com/dp/B07DRM9YXL?tag=eloabder-20&linkCode=osi&th=1&psc=1">View Product</a></div><div class="product"><a href="https://www.amazon.com/dp/B091LZV4TF?tag=eloabder-20&linkCode=osi&th=1&psc=1"><img src="https://m.media-amazon.com/images/I/51UKNfHOeRL._SL500_.jpg" alt="Product Image"></a><p>Homaider Electric Knife for Carving Meat, Turkey, Bread & More. Serving Fork and Carving Blades Included</p><p> -14% 0FF </p><p>$59.99</p><a href="https://www.amazon.com/dp/B091LZV4TF?tag=eloabder-20&linkCode=osi&th=1&psc=1">View Product</a></div><div class="product"><a href="https://www.amazon.com/dp/B0C1TBT4D4?tag=eloabder-20&linkCode=osi&th=1&psc=1"><img src="https://m.media-amazon.com/images/I/31iw4Pxk70L._SL500_.jpg" alt="Product Image"></a><p>BLACK+DECKER Comfort Grip™ Electric Knife With Storage Case, Black</p><p> -23% 0FF </p><p>$23.19</p><a href="https://www.amazon.com/dp/B0C1TBT4D4?tag=eloabder-20&linkCode=osi&th=1&psc=1">View Product</a></div><div class="product"><a href="https://www.amazon.com/dp/B0D736YM74?tag=eloabder-20&linkCode=osi&th=1&psc=1"><img src="https://m.media-amazon.com/images/I/41-TimjHH+L._SL500_.jpg" alt="Product Image"></a><p>KEENSTAR Electric Knife for Carving Meat, Turkey, Bread, 150W Electric Knife Set with 2 Serrated Stainless Steel Blades & Serving Fork for Slicing Poultry, Ham & More, Ergonomic Handle & Safety Lock</p><p> -29% 0FF </p><p>$39.99</p><a href="https://www.amazon.com/dp/B0D736YM74?tag=eloabder-20&linkCode=osi&th=1&psc=1">View Product</a></div>


<div class="product"><a href="https://www.amazon.com/dp/B0B4PPHG8G?tag=eloabder-20&linkCode=osi&th=1&psc=1"><img src="https://m.media-amazon.com/images/I/31TiuN4BCdL._SL500_.jpg" alt="Product Image"></a><p>Ninja MC1001 Foodi PossibleCooker PRO 8.5 Quart Multi-Cooker, with 8-in-1 Slow Cooker, Dutch Oven, Steamer, Glass Lid Integrated Spoon, Nonstick, Oven Safe Pot to 500°F, Sea Salt Gray</p><p> -33% 0FF </p><p>$99.99</p><a href="https://www.amazon.com/dp/B0B4PPHG8G?tag=eloabder-20&linkCode=osi&th=1&psc=1">View Product</a></div><div class="product"><a href="https://www.amazon.com/dp/B0CSZ7WBYW?tag=eloabder-20&linkCode=osi&th=1&psc=1"><img src="https://m.media-amazon.com/images/I/41s2+VsF0YL._SL500_.jpg" alt="Product Image"></a><p>Ninja Air Fryer Pro 4-in-1 with 5 QT Capacity, Air Fry, Roast, Reheat, Dehydrate, Air Crisp Technology with 400F for hot, crispy results in just minutes, Nonstick Basket & Crisper Plate, Grey, AF141</p><p> -33% 0FF </p><p>$79.99</p><a href="https://www.amazon.com/dp/B0CSZ7WBYW?tag=eloabder-20&linkCode=osi&th=1&psc=1">View Product</a></div><div class="product"><a href="https://www.amazon.com/dp/B0C2FP4XNJ?tag=eloabder-20&linkCode=osi&th=1&psc=1"><img src="https://m.media-amazon.com/images/I/41PezlA3GrL._SL500_.jpg" alt="Product Image"></a><p>Ninja BC151EM Blast Portable Blender, Cordless, 18oz. Vessel, Personal Blender-for Shakes & Smoothies, BPA Free, Leakproof-Lid & Sip Spout, USB-C Rechargeable, Dishwasher Safe Parts, Forest Green</p><p> -33% 0FF </p><p>$39.99</p><a href="https://www.amazon.com/dp/B0C2FP4XNJ?tag=eloabder-20&linkCode=osi&th=1&psc=1">View Product</a></div><div class="product"><a href="https://www.amazon.com/dp/B097F4QKVY?tag=eloabder-20&linkCode=osi&th=1&psc=1"><img src="https://m.media-amazon.com/images/I/41P6OTX4B7L._SL500_.jpg" alt="Product Image"></a><p>Crock-Pot 7-Quart Slow Cooker, Portable Programmable with Timer, Locking Lid, Stainless Steel; an Essential Kitchen Appliance, Perfect for Families and Gatherings</p><p> -5% 0FF </p><p>$85.89</p><a href="https://www.amazon.com/dp/B097F4QKVY?tag=eloabder-20&linkCode=osi&th=1&psc=1">View Product</a></div><div class="product"><a href="https://www.amazon.com/dp/B0CHX9K2TV?tag=eloabder-20&linkCode=osi&th=1&psc=1"><img src="https://m.media-amazon.com/images/I/31dshLScRcL._SL500_.jpg" alt="Product Image"></a><p>nutribullet Personal Blender for Shakes, Smoothies, Food Prep, and Frozen Blending, 24 Ounces, 600 Watt, Gray, (NBR-0601)</p><p> -7% 0FF </p><p>$64.99</p><a href="https://www.amazon.com/dp/B0CHX9K2TV?tag=eloabder-20&linkCode=osi&th=1&psc=1">View Product</a></div><div class="product"><a href="https://www.amazon.com/dp/B0C33CHG99?tag=eloabder-20&linkCode=osi&th=1&psc=1"><img src="https://m.media-amazon.com/images/I/411O3FS3VIL._SL500_.jpg" alt="Product Image"></a><p>COSORI Air Fryer 9-in-1, Compact & Large 6-Qt, Fast Turbo Modes, 90-450°F Evenly Results with Precise Temperature Control, 95% Less Oil, Roast, Bake, Dry, Reheat, Frozen, Broil, Proof, Grey</p><p> -25% 0FF </p><p>$89.99</p><a href="https://www.amazon.com/dp/B0C33CHG99?tag=eloabder-20&linkCode=osi&th=1&psc=1">View Product</a></div><div class="product"><a href="https://www.amazon.com/dp/B0CFYX3946?tag=eloabder-20&linkCode=osi&th=1&psc=1"><img src="https://m.media-amazon.com/images/I/4155yrEZMWL._SL500_.jpg" alt="Product Image"></a><p>KitchenAid 5-Speed Ultra Power Hand Mixer - KHM512, Contour Silver</p><p> -25% 0FF </p><p>$44.99</p><a href="https://www.amazon.com/dp/B0CFYX3946?tag=eloabder-20&linkCode=osi&th=1&psc=1">View Product</a></div><div class="product"><a href="https://www.amazon.com/dp/B0C5Z8VCHX?tag=eloabder-20&linkCode=osi&th=1&psc=1"><img src="https://m.media-amazon.com/images/I/51h2oWq8I7L._SL500_.jpg" alt="Product Image"></a><p>Chefman Electric Kettle, 1.8L 1500W, Hot Water Boiler, Removable Lid for Easy Cleaning, Auto Shut Off, Boil-Dry Protection, Stainless Steel Filter, BPA Free, Borosilicate Glass Electric Tea Kettle</p><p> -18% 0FF </p><p>$22.99</p><a href="https://www.amazon.com/dp/B0C5Z8VCHX?tag=eloabder-20&linkCode=osi&th=1&psc=1">View Product</a></div><div class="product"><a href="https://www.amazon.com/dp/B098RD17LG?tag=eloabder-20&linkCode=osi&th=1&psc=1"><img src="https://m.media-amazon.com/images/I/41KlEtq4iCL._SL500_.jpg" alt="Product Image"></a><p>Ninja Blender, For-Smoothies, Salsa, Shakes, Slush, and-Frozen Drinks, Blender, Pitcher, and-Lid, Blender for-Kitchen, Crushes Ice, Fruit, and-Veggies, 1000-Watt, Dishwasher Safe, Black, NJ601AMZ​</p><p> -20% 0FF </p><p>$79.99</p><a href="https://www.amazon.com/dp/B098RD17LG?tag=eloabder-20&linkCode=osi&th=1&psc=1">View Product</a></div>
<div class="product"><a href="https://www.amazon.com/dp/B00939I7EK?tag=eloabder-20&linkCode=osi&th=1&psc=1"><img src="https://m.media-amazon.com/images/I/51U2RFBCh2L._SL500_.jpg" alt="Product Image"></a><p>Ninja BL770 Mega Kitchen System, 1500W, 4 Functions for Smoothies, Processing, Dough, Drinks & More, with 72 Blender Pitcher, 64 Processor Bowl, (2) 16-oz. to-Go, Black, with 2 Nutri Cups + Lids</p><p> -20% 0FF </p><p>$159.99</p><a href="https://www.amazon.com/dp/B00939I7EK?tag=eloabder-20&linkCode=osi&th=1&psc=1">View Product</a></div><div class="product"><a href="https://www.amazon.com/dp/B00NGV4506?tag=eloabder-20&linkCode=osi&th=1&psc=1"><img src="https://m.media-amazon.com/images/I/41zuo8-35WL._SL500_.jpg" alt="Product Image"></a><p>Ninja BL610 Professional 72 Oz Countertop 1000-Watt Base and Total Crushing Technology for Smoothies, Ice and Frozen Fruit, Black, Blender + Pitcher</p><p> -40% 0FF </p><p>$59.99</p><a href="https://www.amazon.com/dp/B00NGV4506?tag=eloabder-20&linkCode=osi&th=1&psc=1">View Product</a></div><div class="product"><a href="https://www.amazon.com/dp/B0855B5Z6F?tag=eloabder-20&linkCode=osi&th=1&psc=1"><img src="https://m.media-amazon.com/images/I/419Om7ZCluL._SL500_.jpg" alt="Product Image"></a><p>Ninja BN701 Professional Plus Blender, 1400 Peak Watts, 3 Functions for Smoothies, Frozen Drinks & Ice Cream with Auto IQ, 72-oz.* Total Crushing Pitcher & Lid, Dark Grey</p><p> -46% 0FF </p><p>$64.61 ($64.61 / Count)</p><a href="https://www.amazon.com/dp/B0855B5Z6F?tag=eloabder-20&linkCode=osi&th=1&psc=1">View Product</a></div><div class="product"><a href="https://www.amazon.com/dp/B012T634SM?tag=eloabder-20&linkCode=osi&th=1&psc=1"><img src="https://m.media-amazon.com/images/I/41BKzSi-ifL._SL500_.jpg" alt="Product Image"></a><p>Magic Bullet Blender, Small, Silver, 11 Piece Set</p><p> -20% 0FF </p><p>$39.88</p><a href="https://www.amazon.com/dp/B012T634SM?tag=eloabder-20&linkCode=osi&th=1&psc=1">View Product</a></div><div class="product"><a href="https://www.amazon.com/dp/B0D3Y7T31M?tag=eloabder-20&linkCode=osi&th=1&psc=1"><img src="https://m.media-amazon.com/images/I/41ffeHw82SL._SL500_.jpg" alt="Product Image"></a><p>magic bullet Combo Blender, 48oz Pitcher, Blending Cup, Simple Speed Dial – MBF50200</p><p> -20% 0FF </p><p>$39.99</p><a href="https://www.amazon.com/dp/B0D3Y7T31M?tag=eloabder-20&linkCode=osi&th=1&psc=1">View Product</a></div><div class="product"><a href="https://www.amazon.com/dp/B0CDW6J1W8?tag=eloabder-20&linkCode=osi&th=1&psc=1"><img src="https://m.media-amazon.com/images/I/51F2suuOG5L._SL500_.jpg" alt="Product Image"></a><p>KOIOS Smoothie Blender, 900W Personal Blender for Shakes and Smoothies Kitchen with 2 No-BPA 22oz Portable Blender Cups, Single Serve Smoothies Maker Mixer for Juices, Nutritious Recipe (Grey Blue)</p><p> -20% 0FF </p><p>$39.99</p><a href="https://www.amazon.com/dp/B0CDW6J1W8?tag=eloabder-20&linkCode=osi&th=1&psc=1">View Product</a></div>
<div class="product"><a href="https://www.amazon.com/dp/B071WCB1T6?tag=eloabder-20&linkCode=osi&th=1&psc=1"><img src="https://m.media-amazon.com/images/I/31jdX6frIBL._SL500_.jpg" alt="Product Image"></a><p>TOSHIBA EM131A5C-BS Countertop Microwave Ovens 1.2 Cu Ft, 12.4" Removable Turntable Smart Humidity Sensor 12 Auto Menus Mute Function ECO Mode Easy Clean Interior Black Color 1100W</p><p> -7% 0FF </p><p>$129.99</p><a href="https://www.amazon.com/dp/B071WCB1T6?tag=eloabder-20&linkCode=osi&th=1&psc=1">View Product</a></div><div class="product"><a href="https://www.amazon.com/dp/B0D292ZK9W?tag=eloabder-20&linkCode=osi&th=1&psc=1"><img src="https://m.media-amazon.com/images/I/31TTpRBhabL._SL500_.jpg" alt="Product Image"></a><p>GE GCST10A1WSS 3-in-1 Microwave Oven, 1,050 Watts Air Fryer, Broiler & Convection Mode, Kitchen Essentials for The Countertop or Dorm Room, Child-Lock Technology 1.0 Cu. Ft, Stainless Steel</p><p> -13% 0FF </p><p>$189.99</p><a href="https://www.amazon.com/dp/B0D292ZK9W?tag=eloabder-20&linkCode=osi&th=1&psc=1">View Product</a></div><div class="product"><a href="https://www.amazon.com/dp/B0D294MHR5?tag=eloabder-20&linkCode=osi&th=1&psc=1"><img src="https://m.media-amazon.com/images/I/31jA3nuhQWL._SL500_.jpg" alt="Product Image"></a><p>GE GCST07N1WSS Microwave Oven, 700-watt 6 Auto Cooking Settings, Kitchen Essentials for The Countertop, Dorm Room or Apartment, Child-Lock Technology 0.7 Cu. Ft, Stainless Steel</p><p> -9% 0FF </p><p>$99.00</p><a href="https://www.amazon.com/dp/B0D294MHR5?tag=eloabder-20&linkCode=osi&th=1&psc=1">View Product</a></div><div class="product"><a href="https://www.amazon.com/dp/B000M9EFNM?tag=eloabder-20&linkCode=osi&th=1&psc=1"><img src="https://m.media-amazon.com/images/I/41iWuh-A2fL._SL500_.jpg" alt="Product Image"></a><p>Emerson MW7302B Compact Countertop Microwave Oven with Touch Control, LED Display, 700W, 10 Power Levels, 6 Auto Menus, Glass Turntable and Child Safe Lock, 0.7 Cu., Ft. Black</p><p> -28% 0FF </p><p>$72.03</p><a href="https://www.amazon.com/dp/B000M9EFNM?tag=eloabder-20&linkCode=osi&th=1&psc=1">View Product</a></div>
<div class="product"><a href="https://www.amazon.com/dp/B082PMYZ2X?tag=eloabder-20&linkCode=osi&th=1&psc=1"><img src="https://m.media-amazon.com/images/I/3172vOXiAeL._SL500_.jpg" alt="Product Image"></a><p>RCA RFR725 2 Door Apartment Size Refrigerator with Freezer, Stainless,7.5 cu ft</p><p> -15% 0FF </p><p>$298.00</p><a href="https://www.amazon.com/dp/B082PMYZ2X?tag=eloabder-20&linkCode=osi&th=1&psc=1">View Product</a></div><div class="product"><a href="https://www.amazon.com/dp/B09RWFZTWW?tag=eloabder-20&linkCode=osi&th=1&psc=1"><img src="https://m.media-amazon.com/images/I/51jiYOTMybL._SL500_.jpg" alt="Product Image"></a><p>Upstreman 3.2 Cu.Ft Mini Fridge with Freezer, Single Door Mini Fridge, Dorm Fridge, Adjustable Thermostat, Mini Refrigerator for Bedroom, Office, Dorm, Black-BR321</p><p> -22% 0FF </p><p>$139.99</p><a href="https://www.amazon.com/dp/B09RWFZTWW?tag=eloabder-20&linkCode=osi&th=1&psc=1">View Product</a></div><div class="product"><a href="https://www.amazon.com/dp/B07QCQX8WR?tag=eloabder-20&linkCode=osi&th=1&psc=1"><img src="https://m.media-amazon.com/images/I/319YWFzYC1L._SL500_.jpg" alt="Product Image"></a><p>SAMSUNG RF28R7201SR 28 Cu. Ft. Stainless 4-Door French Door Refrigerator</p><p> -9% 0FF </p><p>$1,499.22</p><a href="https://www.amazon.com/dp/B07QCQX8WR?tag=eloabder-20&linkCode=osi&th=1&psc=1">View Product</a></div><div class="product"><a href="https://www.amazon.com/dp/B00QEUGW5M?tag=eloabder-20&linkCode=osi&th=1&psc=1"><img src="https://m.media-amazon.com/images/I/21RdnrqGpZL._SL500_.jpg" alt="Product Image"></a><p>Avanti FF18D3S-4 FF18D cu.ft. Apartment Size Refrigerator​, Full Fridge Free Technology Prevents Frost Build-up with Adjustable Shelves, Door Bins & Crisper Drawers, 18 cu. ft, Stainless Steel</p><p> -35% 0FF </p><p>$549.99</p><a href="https://www.amazon.com/dp/B00QEUGW5M?tag=eloabder-20&linkCode=osi&th=1&psc=1">View Product</a></div><div class="product"><a href="https://www.amazon.com/dp/B0CVS8WRPX?tag=eloabder-20&linkCode=osi&th=1&psc=1"><img src="https://m.media-amazon.com/images/I/21EtSdN39DL._SL500_.jpg" alt="Product Image"></a><p>Kenmore 46-75525 29.88 Inch Counter-Depth French Door Refrigerator/Freezer with Fingerprint-Resistant Stainless Steel, Ice Maker, Quiet and Energy Efficient Inverter Compressor, 17.5 cu. ft.</p><p> -15% 0FF </p><p>$1,099.99</p><a href="https://www.amazon.com/dp/B0CVS8WRPX?tag=eloabder-20&linkCode=osi&th=1&psc=1">View Product</a></div>
<div class="product"><a href="https://www.amazon.com/dp/B0D1CXL52G?tag=eloabder-20&linkCode=osi&th=1&psc=1"><img src="https://m.media-amazon.com/images/I/41b3JzpXjNL._SL500_.jpg" alt="Product Image"></a><p>Ninja Flip Toaster Oven&Air Fryer, 8-in-1 Functionality, Flip Up&Away Capability for Storage Space, LargeCapacity, Air Fry Basket, SheetPan, Wire Rack&Removable Crumb Tray, Stainless,1800 watts, SP151</p><p> -35% 0FF </p><p>$129.99</p><a href="https://www.amazon.com/dp/B0D1CXL52G?tag=eloabder-20&linkCode=osi&th=1&psc=1">View Product</a></div><div class="product"><a href="https://www.amazon.com/dp/B07SCGY2H6?tag=eloabder-20&linkCode=osi&th=1&psc=1"><img src="https://m.media-amazon.com/images/I/51lqoRxpKAL._SL500_.jpg" alt="Product Image"></a><p>Ninja SP101 Digital Air Fry Countertop Oven with 8-in-1 Functionality, Flip Up & Away Capability for Storage Space, with Air Fry Basket, Wire Rack & Crumb Tray, Silver</p><p> -41% 0FF </p><p>$129.99</p><a href="https://www.amazon.com/dp/B07SCGY2H6?tag=eloabder-20&linkCode=osi&th=1&psc=1">View Product</a></div><div class="product"><a href="https://www.amazon.com/dp/B0BMDFVL5D?tag=eloabder-20&linkCode=osi&th=1&psc=1"><img src="https://m.media-amazon.com/images/I/41MIOfXMwnL._SL500_.jpg" alt="Product Image"></a><p>Elite Gourmet ETO2530M Double French Door Countertop Toaster Oven, Bake, Broil, Toast, Keep Warm, Fits 12" pizza, 25L capacity, Stainless Steel & Black</p><p> -13% 0FF </p><p>$78.27</p><a href="https://www.amazon.com/dp/B0BMDFVL5D?tag=eloabder-20&linkCode=osi&th=1&psc=1">View Product</a></div><div class="product"><a href="https://www.amazon.com/dp/B08DL8WH9V?tag=eloabder-20&linkCode=osi&th=1&psc=1"><img src="https://m.media-amazon.com/images/I/51Zh5HMM-bL._SL500_.jpg" alt="Product Image"></a><p>CHEFMAN Multifunctional Digital Air Fryer+ Rotisserie, Dehydrator, Convection Oven, 17 Touch Screen Presets Fry, Roast, Dehydrate, Bake, XL 10L Family Size, Auto Shutoff, Large Easy-View Window, Black</p><p> -29% 0FF </p><p>$99.99</p><a href="https://www.amazon.com/dp/B08DL8WH9V?tag=eloabder-20&linkCode=osi&th=1&psc=1">View Product</a></div>
<div class="product"><a href="https://www.amazon.com/dp/B072P11H8L?tag=eloabder-20&linkCode=osi&th=1&psc=1"><img src="https://m.media-amazon.com/images/I/41FgU05M+eL._SL500_.jpg" alt="Product Image"></a><p>Amazon Basics 2 Slice Extra Wide Slot Toaster with Bagel Function, Removable Crumb Tray, 6 Browning Settings, Frozen Food Setting, Cancel Button, 900W, Black & Silver.</p><p> -13% 0FF </p><p>$19.99</p><a href="https://www.amazon.com/dp/B072P11H8L?tag=eloabder-20&linkCode=osi&th=1&psc=1">View Product</a></div><div class="product"><a href="https://www.amazon.com/dp/B091SQRKVG?tag=eloabder-20&linkCode=osi&th=1&psc=1"><img src="https://m.media-amazon.com/images/I/41VUCnZHzhL._SL500_.jpg" alt="Product Image"></a><p>Mueller UltraToast Full Stainless Steel Toaster 4 Slice, Long Extra-Wide Slots with Removable Tray, Cancel/Defrost/Reheat Functions, 6 Browning Levels with LED Display, Kitchen Essentials & Gadgets</p><p> -33% 0FF </p><p>$39.99</p><a href="https://www.amazon.com/dp/B091SQRKVG?tag=eloabder-20&linkCode=osi&th=1&psc=1">View Product</a></div><div class="product"><a href="https://www.amazon.com/dp/B08NWGNQPS?tag=eloabder-20&linkCode=osi&th=1&psc=1"><img src="https://m.media-amazon.com/images/I/41Rl2b7N4yL._SL500_.jpg" alt="Product Image"></a><p>GE 2 Slice Stainless Steel Toaster, Extra Wide Slots for Toasting Bagels, Breads, Waffles & More, 7 Adjustable Shade Settings, Removable Crumb Tray, Countertop Kitchen Essentials, 850 Watts</p><p> -14% 0FF </p><p>$41.99</p><a href="https://www.amazon.com/dp/B08NWGNQPS?tag=eloabder-20&linkCode=osi&th=1&psc=1">View Product</a></div>
<div class="product"><a href="https://www.amazon.com/dp/B09715G57M?tag=eloabder-20&linkCode=osi&th=1&psc=1"><img src="https://m.media-amazon.com/images/I/31bbfFmQvAL._SL500_.jpg" alt="Product Image"></a><p>Keurig K-Express Single Serve K-Cup Pod Coffee Maker, 3 Brew Sizes, Strong Button Feature, 42oz Removable Reservoir, Black</p><p> -33% 0FF </p><p>$59.99</p><a href="https://www.amazon.com/dp/B09715G57M?tag=eloabder-20&linkCode=osi&th=1&psc=1">View Product</a></div><div class="product"><a href="https://www.amazon.com/dp/B07S98411N?tag=eloabder-20&linkCode=osi&th=1&psc=1"><img src="https://m.media-amazon.com/images/I/41SOX63H-GL._SL500_.jpg" alt="Product Image"></a><p>Ninja 12-Cup Programmable Coffee Brewer, 2 Brew Styles, Adjustable Warm Plate, 60oz Water Reservoir, Delay Brew - Black/Stainless Steel</p><p> -13% 0FF </p><p>$69.99 ($69.99 / count)</p><a href="https://www.amazon.com/dp/B07S98411N?tag=eloabder-20&linkCode=osi&th=1&psc=1">View Product</a></div><div class="product"><a href="https://www.amazon.com/dp/B0D8LXRHQ8?tag=eloabder-20&linkCode=osi&th=1&psc=1"><img src="https://m.media-amazon.com/images/I/41rogzNp62L._SL500_.jpg" alt="Product Image"></a><p>Keurig K-Duo Hot & Iced Single Serve & Carafe Coffee Maker, MultiStream Technology, 72oz Reservoir (Gen 2)</p><p> -25% 0FF </p><p>$149.99</p><a href="https://www.amazon.com/dp/B0D8LXRHQ8?tag=eloabder-20&linkCode=osi&th=1&psc=1">View Product</a></div><div class="product"><a href="https://www.amazon.com/dp/B0BM3C13B6?tag=eloabder-20&linkCode=osi&th=1&psc=1"><img src="https://m.media-amazon.com/images/I/41Vyq25e3QL._SL500_.jpg" alt="Product Image"></a><p>Mueller 12-Cup Drip Coffee Maker - Borosilicate Carafe, Auto-Off, Reusable Filter, Anti-Drip, Keep-Warm Function, Clear Water Level Window Coffee Machine, Ideal for Home or Office</p><p> -48% 0FF </p><p>$25.87 ($2.16 / Count)</p><a href="https://www.amazon.com/dp/B0BM3C13B6?tag=eloabder-20&linkCode=osi&th=1&psc=1">View Product</a></div><div class="product"><a href="https://www.amazon.com/dp/B07GV2S1GS?tag=eloabder-20&linkCode=osi&th=1&psc=1"><img src="https://m.media-amazon.com/images/I/310Vh-Nnu7L._SL500_.jpg" alt="Product Image"></a><p>Keurig K-Mini Single Serve K-Cup Pod Coffee Maker, 6 to 12oz Brew size, with Cord Storage, Perfect for Small Spaces, Black</p><p> -40% 0FF </p><p>$59.99</p><a href="https://www.amazon.com/dp/B07GV2S1GS?tag=eloabder-20&linkCode=osi&th=1&psc=1">View Product</a></div><div class="product"><a href="https://www.amazon.com/dp/B018UQ5AMS?tag=eloabder-20&linkCode=osi&th=1&psc=1"><img src="https://m.media-amazon.com/images/I/41ZbZptck9L._SL500_.jpg" alt="Product Image"></a><p>Keurig K-Classic Single Serve K-Cup Pod Coffee Maker, with 3 Brew Sizes, 48oz Removable Reservoir, Black</p><p> -7% 0FF </p><p>$139.99</p><a href="https://www.amazon.com/dp/B018UQ5AMS?tag=eloabder-20&linkCode=osi&th=1&psc=1">View Product</a></div>
<div class="product"><a href="https://www.amazon.com/dp/B09ST4M8VF?tag=eloabder-20&linkCode=osi&th=1&psc=1"><img src="https://m.media-amazon.com/images/I/31QlZXvnG0L._SL500_.jpg" alt="Product Image"></a><p>COMFEE’ Countertop Dishwasher, Energy Star Portable Dishwasher, 6 Place Settings & 8 Washing Programs, Speed, Baby-Care, ECO& Glass, Dish Washer for Dorm, RV& Apartment, Black</p><p> -13% 0FF </p><p>$259.99</p><a href="https://www.amazon.com/dp/B09ST4M8VF?tag=eloabder-20&linkCode=osi&th=1&psc=1">View Product</a></div><div class="product"><a href="https://www.amazon.com/dp/B089YD3Z91?tag=eloabder-20&linkCode=osi&th=1&psc=1"><img src="https://m.media-amazon.com/images/I/4149SRZHueL._SL500_.jpg" alt="Product Image"></a><p>NOVETE Portable Countertop Dishwashers, Compact Dishwashers with 5 L Built-in Water Tank & Inlet Hose, 5 Washing Programs, Baby Care, Air-Dry Function and LED Light for Small Apartments</p><p> -31% 0FF </p><p>$291.70</p><a href="https://www.amazon.com/dp/B089YD3Z91?tag=eloabder-20&linkCode=osi&th=1&psc=1">View Product</a></div><div class="product"><a href="https://www.amazon.com/dp/B0CVX5GBY5?tag=eloabder-20&linkCode=osi&th=1&psc=1"><img src="https://m.media-amazon.com/images/I/41Dnq4IKwbL._SL500_.jpg" alt="Product Image"></a><p>EUHOMY Mini Portable Dishwasher Countertop Compact Dishwashers, Tabletop Small Dishwasher with 5L Built-in Water Tank with 6 Modes and Baby Care for Apartments& RVs, No Hookup Needed</p><p> -19% 0FF </p><p>$217.99</p><a href="https://www.amazon.com/dp/B0CVX5GBY5?tag=eloabder-20&linkCode=osi&th=1&psc=1">View Product</a></div><div class="product"><a href="https://www.amazon.com/dp/B0C84MCVWM?tag=eloabder-20&linkCode=osi&th=1&psc=1"><img src="https://m.media-amazon.com/images/I/21-RrSOli4L._SL500_.jpg" alt="Product Image"></a><p>Midea MDF18A1AST Built-in Dishwasher with 8 Place Settings, 6 Washing Programs, Stainless Steel Tub, Heated Dry, Energy Star</p><p> -10% 0FF </p><p>$449.00</p><a href="https://www.amazon.com/dp/B0C84MCVWM?tag=eloabder-20&linkCode=osi&th=1&psc=1">View Product</a></div><div class="product"><a href="https://www.amazon.com/dp/B0BSHF9LXB?tag=eloabder-20&linkCode=osi&th=1&psc=1"><img src="https://m.media-amazon.com/images/I/11eYYssjgEL._SL500_.jpg" alt="Product Image"></a><p>Honeywell 18 Inch Dishwasher with 8 Place settings, 6 Washing Programs, Stainless Steel Tub, UL/Energy Star- Stainless Steel</p><p> -11% 0FF </p><p>$399.99</p><a href="https://www.amazon.com/dp/B0BSHF9LXB?tag=eloabder-20&linkCode=osi&th=1&psc=1">View Product</a></div><div class="product"><a href="https://www.amazon.com/dp/B08SBR12S7?tag=eloabder-20&linkCode=osi&th=1&psc=1"><img src="https://m.media-amazon.com/images/I/41LD2A+P9ZL._SL500_.jpg" alt="Product Image"></a><p>Hermitlux Countertop Dishwasher, 5 Washing Programs Portable Dishwasher With 5-Liter Built-in Water Tank For Glass Door</p><p> -21% 0FF </p><p>$275.99</p><a href="https://www.amazon.com/dp/B08SBR12S7?tag=eloabder-20&linkCode=osi&th=1&psc=1">View Product</a></div><div class="product"><a href="https://www.amazon.com/dp/B09QCJ6TDZ?tag=eloabder-20&linkCode=osi&th=1&psc=1"><img src="https://m.media-amazon.com/images/I/41vntFM8FeL._SL500_.jpg" alt="Product Image"></a><p>COMFEE' Portable Mini Dishwasher Countertop with 5L Built-in Water Tank for Apartments& RVs, No Hookup Needed, 6 Programs, 360° Dual Spray, 162℉ High-Temp& Air-Dry Function</p><p> -10% 0FF </p><p>$269.99</p><a href="https://www.amazon.com/dp/B09QCJ6TDZ?tag=eloabder-20&linkCode=osi&th=1&psc=1">View Product</a></div><div class="product"><a href="https://www.amazon.com/dp/B0CFPJ57KP?tag=eloabder-20&linkCode=osi&th=1&psc=1"><img src="https://m.media-amazon.com/images/I/31Wtz+lzyfL._SL500_.jpg" alt="Product Image"></a><p>Kenmore 24" Built-In Stainless Steel Tub Dishwasher with EasyFlex 3rd Rack, SmartWash, UltraWash Plus, TurboDry, MoreSpace Adjustable Rack, Energy Star Certified, Fingerprint Resistant Stainless Steel</p><p> -38% 0FF </p><p>$499.99</p><a href="https://www.amazon.com/dp/B0CFPJ57KP?tag=eloabder-20&linkCode=osi&th=1&psc=1">View Product</a></div><div class="product"><a href="https://www.amazon.com/dp/B0BZGXYQ4S?tag=eloabder-20&linkCode=osi&th=1&psc=1"><img src="https://m.media-amazon.com/images/I/31HoqlDBJHL._SL500_.jpg" alt="Product Image"></a><p>FOTILE Stainless Steel Kitchen In-Sink Dishwasher Combination, Heavy Gauge Bowl Dish Sanitizing, Energy-saving, and Powerful Cleaning Countertop Dishwasher (SD2F-P3)</p><p> -27% 0FF </p><p>$799.00</p><a href="https://www.amazon.com/dp/B0BZGXYQ4S?tag=eloabder-20&linkCode=osi&th=1&psc=1">View Product</a></div>
<div class="product"><a href="https://www.amazon.com/dp/B075KLJXKZ?tag=eloabder-20&linkCode=osi&th=1&psc=1"><img src="https://m.media-amazon.com/images/I/31-WjP7B6vL._SL500_.jpg" alt="Product Image"></a><p>Kenmore Top-Load Washer with Dual Action Agitator, Stainless Steel Top Loader Laundry Washing Machine, 3.5 cu. ft. Capacity White</p><p> -31% 0FF </p><p>$499.99</p><a href="https://www.amazon.com/dp/B075KLJXKZ?tag=eloabder-20&linkCode=osi&th=1&psc=1">View Product</a></div><div class="product"><a href="https://www.amazon.com/dp/B07DC5YQW8?tag=eloabder-20&linkCode=osi&th=1&psc=1"><img src="https://m.media-amazon.com/images/I/31DuF7NeLHL._SL500_.jpg" alt="Product Image"></a><p>Kenmore 20362 Triple Action Agitator Top-Load Washer, 3.8 cu. ft, White</p><p> -10% 0FF </p><p>$629.98</p><a href="https://www.amazon.com/dp/B07DC5YQW8?tag=eloabder-20&linkCode=osi&th=1&psc=1">View Product</a></div><div class="product"><a href="https://www.amazon.com/dp/B0D8SZ4CTC?tag=eloabder-20&linkCode=osi&th=1&psc=1"><img src="https://m.media-amazon.com/images/I/31DIwBVEFHL._SL500_.jpg" alt="Product Image"></a><p>Euhomy 1.03cu.ft Portable Washer, 8.8LBS Capacity Small Portable Washing Machine with 10 Programs 5 Water Levels, Drain Pump and LED Display,Compact Washer for Apartments, RVs, Homes, Light Gray</p><p> -18% 0FF </p><p>$195.99</p><a href="https://www.amazon.com/dp/B0D8SZ4CTC?tag=eloabder-20&linkCode=osi&th=1&psc=1">View Product</a></div><div class="product"><a href="https://www.amazon.com/dp/B0CNXQK4TF?tag=eloabder-20&linkCode=osi&th=1&psc=1"><img src="https://m.media-amazon.com/images/I/41P5otQCAGL._SL500_.jpg" alt="Product Image"></a><p>COSTWAY Portable Washing Machine, Twin Tub 26lbs Capacity Laundry Washer, 18lbs Washer and 8lbs Spinner Combo with Timer Knobs, Built-in Drain Pump, Compact Washer for Home Dorm Apartment (Grey+White)</p><p> -16% 0FF </p><p>$159.99</p><a href="https://www.amazon.com/dp/B0CNXQK4TF?tag=eloabder-20&linkCode=osi&th=1&psc=1">View Product</a></div><div class="product"><a href="https://www.amazon.com/dp/B08B4L4CGG?tag=eloabder-20&linkCode=osi&th=1&psc=1"><img src="https://m.media-amazon.com/images/I/31X47q9sDGL._SL500_.jpg" alt="Product Image"></a><p>Comfee Portable Washing Machine, 0.9 cu.ft Compact Washer With LED Display, 5 Wash Cycles, 2 Built-in Rollers, Space Saving Full-Automatic Washer</p><p> -7% 0FF </p><p>$230.58</p><a href="https://www.amazon.com/dp/B08B4L4CGG?tag=eloabder-20&linkCode=osi&th=1&psc=1">View Product</a></div><div class="product"><a href="https://www.amazon.com/dp/B07HKXVQYC?tag=eloabder-20&linkCode=osi&th=1&psc=1"><img src="https://m.media-amazon.com/images/I/41-Ze3RD3lL._SL500_.jpg" alt="Product Image"></a><p>Giantex Portable Washing Machine, Full Automatic Washer and Dryer Combo, with Built-in Pump Drain 8 LBS Capacity Compact Laundry Washer Spin Dryer for Apartment RV Dorm</p><p> -29% 0FF </p><p>$229.99</p><a href="https://www.amazon.com/dp/B07HKXVQYC?tag=eloabder-20&linkCode=osi&th=1&psc=1">View Product</a></div><div class="product"><a href="https://www.amazon.com/dp/B0CXXPQ2NT?tag=eloabder-20&linkCode=osi&th=1&psc=1"><img src="https://m.media-amazon.com/images/I/414dhY400cL._SL500_.jpg" alt="Product Image"></a><p>28Lbs Portable Washing Machine, Twin Tub Washing Machine Laundry Compact Washer spinner Combo with Drain Pump and Spin Cycle, 18Lbs Washer and 10Lbs Spinner dryer for Apartments RVs and Dorms</p><p> -9% 0FF </p><p>$73.00</p><a href="https://www.amazon.com/dp/B0CXXPQ2NT?tag=eloabder-20&linkCode=osi&th=1&psc=1">View Product</a></div>
<div class="product"><a href="https://www.amazon.com/dp/B07D87K6BQ?tag=eloabder-20&linkCode=osi&th=1&psc=1"><img src="https://m.media-amazon.com/images/I/31KxNVdMpwL._SL500_.jpg" alt="Product Image"></a><p>Kenmore 29" Front Load Electric Dryer with Wrinkle Guard and 7.0 Cubic Ft. Total Capacity, White</p><p> -10% 0FF </p><p>$629.98</p><a href="https://www.amazon.com/dp/B07D87K6BQ?tag=eloabder-20&linkCode=osi&th=1&psc=1">View Product</a></div><div class="product"><a href="https://www.amazon.com/dp/B075KLNLJ8?tag=eloabder-20&linkCode=osi&th=1&psc=1"><img src="https://m.media-amazon.com/images/I/31jFwM6jvRL._SL500_.jpg" alt="Product Image"></a><p>Kenmore Electric Dryer with Wrinkle Guard and Auto Dry, Electric Laundry Drying Machine 6.5 cu. Ft. Capacity White</p><p> -6% 0FF </p><p>$565.42</p><a href="https://www.amazon.com/dp/B075KLNLJ8?tag=eloabder-20&linkCode=osi&th=1&psc=1">View Product</a></div><div class="product"><a href="https://www.amazon.com/dp/B00EAY540S?tag=eloabder-20&linkCode=osi&th=1&psc=1"><img src="https://m.media-amazon.com/images/I/41S7hlrXcNL._SL500_.jpg" alt="Product Image"></a><p>Panda 110V 850W Electric Compact Portable Clothes Laundry Dryer with Stainless Steel Tub Apartment Size 1.5 cu.ft</p><p> -21% 0FF </p><p>$197.35</p><a href="https://www.amazon.com/dp/B00EAY540S?tag=eloabder-20&linkCode=osi&th=1&psc=1">View Product</a></div>
<div class="product"><a href="https://www.amazon.com/dp/B08QDL1XTC?tag=eloabder-20&linkCode=osi&th=1&psc=1"><img src="https://m.media-amazon.com/images/I/51ROwLDwkYL._SL500_.jpg" alt="Product Image"></a><p>Breeze Stop Surround Insulation Side Panels White for Window AC Unit Indoor Air Conditioner Cover for Winter and Summer</p><p> -6% 0FF </p><p>$32.99</p><a href="https://www.amazon.com/dp/B08QDL1XTC?tag=eloabder-20&linkCode=osi&th=1&psc=1">View Product</a></div><div class="product"><a href="https://www.amazon.com/dp/B07QKSV72H?tag=eloabder-20&linkCode=osi&th=1&psc=1"><img src="https://m.media-amazon.com/images/I/519a0zWyYIL._SL500_.jpg" alt="Product Image"></a><p>MODERN WAVE Central Air Conditioner Cover for Outside Units 36 x 36 - Top Universal Outdoor AC Cover Defender (Mesh, 36" x 36")</p><p> -20% 0FF </p><p>$23.99</p><a href="https://www.amazon.com/dp/B07QKSV72H?tag=eloabder-20&linkCode=osi&th=1&psc=1">View Product</a></div><div class="product"><a href="https://www.amazon.com/dp/B09DNRZNGB?tag=eloabder-20&linkCode=osi&th=1&psc=1"><img src="https://m.media-amazon.com/images/I/3126w0nnulL._SL500_.jpg" alt="Product Image"></a><p>Mrrihand Central Air Conditioner Cover for Outside Units Waterproof Heavy Duty AC Unit for Outdoor Large AC Cover for Winter (32"X32"X36")-Balck</p><p> -5% 0FF </p><p>$24.69</p><a href="https://www.amazon.com/dp/B09DNRZNGB?tag=eloabder-20&linkCode=osi&th=1&psc=1">View Product</a></div><div class="product"><a href="https://www.amazon.com/dp/B07VBMHCSS?tag=eloabder-20&linkCode=osi&th=1&psc=1"><img src="https://m.media-amazon.com/images/I/419VzItl1yL._SL500_.jpg" alt="Product Image"></a><p>Window Air Conditioner Cover Outdoor, Luxiv Outside Window AC Unit Cover Black Dust-proof Waterproof AC Cover Outdoor Window AC Protection Cover (21Wx16Dx15H)</p><p> -25% 0FF </p><p>$14.99</p><a href="https://www.amazon.com/dp/B07VBMHCSS?tag=eloabder-20&linkCode=osi&th=1&psc=1">View Product</a></div><div class="product"><a href="https://www.amazon.com/dp/B078SPPXZ7?tag=eloabder-20&linkCode=osi&th=1&psc=1"><img src="https://m.media-amazon.com/images/I/41LD7qFfJbL._SL500_.jpg" alt="Product Image"></a><p>Foozet Indoor Air Conditioner Cover Double Insulation, Medium Beige</p><p> -23% 0FF </p><p>$19.98</p><a href="https://www.amazon.com/dp/B078SPPXZ7?tag=eloabder-20&linkCode=osi&th=1&psc=1">View Product</a></div><div class="product"><a href="https://www.amazon.com/dp/B097PS8MM9?tag=eloabder-20&linkCode=osi&th=1&psc=1"><img src="https://m.media-amazon.com/images/I/31YIYuB91VL._SL500_.jpg" alt="Product Image"></a><p>BROSYDA Central Large Air Conditioner Cover for Outside Units, Waterproof & Windproof Outdoor AC Units Cover Black (30"x30"x32" Inch)</p><p> -12% 0FF </p><p>$24.99</p><a href="https://www.amazon.com/dp/B097PS8MM9?tag=eloabder-20&linkCode=osi&th=1&psc=1">View Product</a></div><div class="product"><a href="https://www.amazon.com/dp/B07Z7G7739?tag=eloabder-20&linkCode=osi&th=1&psc=1"><img src="https://m.media-amazon.com/images/I/51yS0zSIqYL._SL500_.jpg" alt="Product Image"></a><p>Aozzy Central Air Conditioner Covers for Outside Units Heavy Duty Ac Cover for Outdoor Unit Square Winter Withstand The Rain and Snow, Or Nuts Fit Up to 24x24x22 inchs</p><p> -30% 0FF </p><p>$11.89</p><a href="https://www.amazon.com/dp/B07Z7G7739?tag=eloabder-20&linkCode=osi&th=1&psc=1">View Product</a></div>
<div class="product"><a href="https://www.amazon.com/dp/B075GFLQ7K?tag=eloabder-20&linkCode=osi&th=1&psc=1"><img src="https://m.media-amazon.com/images/I/31wtVOr0SvL._SL500_.jpg" alt="Product Image"></a><p>Kenmore Floorcare Upright Bagged Vacuum, Blue/Silver</p><p> -11% 0FF </p><p>$222.56</p><a href="https://www.amazon.com/dp/B075GFLQ7K?tag=eloabder-20&linkCode=osi&th=1&psc=1">View Product</a></div><div class="product"><a href="https://www.amazon.com/dp/B086DBC2NN?tag=eloabder-20&linkCode=osi&th=1&psc=1"><img src="https://m.media-amazon.com/images/I/41gSCJkmrUL._SL500_.jpg" alt="Product Image"></a><p>Yocada Carpet Sweeper Cleaner for Home Office Low Carpets Rugs Undercoat Carpets Pet Hair Dust Scraps Paper Small Rubbish Cleaning with a Brush</p><p> -13% 0FF </p><p>$25.99</p><a href="https://www.amazon.com/dp/B086DBC2NN?tag=eloabder-20&linkCode=osi&th=1&psc=1">View Product</a></div><div class="product"><a href="https://www.amazon.com/dp/B00K316IB6?tag=eloabder-20&linkCode=osi&th=1&psc=1"><img src="https://m.media-amazon.com/images/I/31Xu+nrbO1L._SL500_.jpg" alt="Product Image"></a><p>Bissell 28806 Perfect Sweep Turbo, Grey</p><p> -14% 0FF </p><p>$38.78</p><a href="https://www.amazon.com/dp/B00K316IB6?tag=eloabder-20&linkCode=osi&th=1&psc=1">View Product</a></div><div class="product"><a href="https://www.amazon.com/dp/B085C7CF4J?tag=eloabder-20&linkCode=osi&th=1&psc=1"><img src="https://m.media-amazon.com/images/I/41LmSVowGJL._SL500_.jpg" alt="Product Image"></a><p>Yocada Carpet Sweeper Cleaner for Home Office Low Carpets Rugs Undercoat Carpets Pet Hair Dust Scraps Paper Small Rubbish Cleaning with a Brush Blue</p><p> -13% 0FF </p><p>$25.99</p><a href="https://www.amazon.com/dp/B085C7CF4J?tag=eloabder-20&linkCode=osi&th=1&psc=1">View Product</a></div><div class="product"><a href="https://www.amazon.com/dp/B08SBQBF2R?tag=eloabder-20&linkCode=osi&th=1&psc=1"><img src="https://m.media-amazon.com/images/I/41-haqU+4SL._SL500_.jpg" alt="Product Image"></a><p>Holikme Dryer Vent Cleaner Kit Vacuum Hose Attachment Brush, Lint Remover, Dryer Vent Vacuum Hose, Blue</p><p> -43% 0FF </p><p>$8.49</p><a href="https://www.amazon.com/dp/B08SBQBF2R?tag=eloabder-20&linkCode=osi&th=1&psc=1">View Product</a></div><div class="product"><a href="https://www.amazon.com/dp/B0CQY6MPNG?tag=eloabder-20&linkCode=osi&th=1&psc=1"><img src="https://m.media-amazon.com/images/I/515TS53ns1L._SL500_.jpg" alt="Product Image"></a><p>PetOde 2 Pieces Dryer Vent Cleaner Kit Compatible with All Vacuum Cleaner, Dryer Lint Brush and Vacuum Hose Attachment with Stretch Universal Connector, Quickly Lint Remover</p><p> -25% 0FF </p><p>$8.95</p><a href="https://www.amazon.com/dp/B0CQY6MPNG?tag=eloabder-20&linkCode=osi&th=1&psc=1">View Product</a></div>
<div class="product"><a href="https://www.amazon.com/dp/B00061J2B6?tag=eloabder-20&linkCode=osi&th=1&psc=1"><img src="https://m.media-amazon.com/images/I/41YkPB6bX2L._SL500_.jpg" alt="Product Image"></a><p>Steamfast SF-680 Digital Steam Press with Multiple Fabric Settings and Steam Burst Function,Stainless/Black, Stand</p><p> -13% 0FF </p><p>$279.99</p><a href="https://www.amazon.com/dp/B00061J2B6?tag=eloabder-20&linkCode=osi&th=1&psc=1">View Product</a></div><div class="product"><a href="https://www.amazon.com/dp/B09V7232SK?tag=eloabder-20&linkCode=osi&th=1&psc=1"><img src="https://m.media-amazon.com/images/I/51bSRR0Y3FL._SL500_.jpg" alt="Product Image"></a><p>Mueller Heart Waffle Maker, 5 Belgian Waffle Iron, Adjustable Browning Control, Cool Touch Handle, Compact and Easy to Clean, Great Mother’s Day Gift</p><p> -25% 0FF </p><p>$29.97</p><a href="https://www.amazon.com/dp/B09V7232SK?tag=eloabder-20&linkCode=osi&th=1&psc=1">View Product</a></div><div class="product"><a href="https://www.amazon.com/dp/B072ZNQC2R?tag=eloabder-20&linkCode=osi&th=1&psc=1"><img src="https://m.media-amazon.com/images/I/41rlbw08uYL._SL500_.jpg" alt="Product Image"></a><p>Chefman Rotating Belgian Waffle Maker, 180° Flip Iron w/ Non-Stick Plates, Adjustable Timer, Locking Lid, & Drip Plate, Space Saving Storage, Mess-Free Breakfast, Stainless Steel/Black</p><p> -13% 0FF </p><p>$34.99</p><a href="https://www.amazon.com/dp/B072ZNQC2R?tag=eloabder-20&linkCode=osi&th=1&psc=1">View Product</a></div><div class="product"><a href="https://www.amazon.com/dp/B013WOEC1I?tag=eloabder-20&linkCode=osi&th=1&psc=1"><img src="https://m.media-amazon.com/images/I/41aAsJHqAAL._SL500_.jpg" alt="Product Image"></a><p>Whitmor Deluxe Ironing Board Cover and Pad (Ironing board not included) - Medallion Grey</p><p> -13% 0FF </p><p>$13.49</p><a href="https://www.amazon.com/dp/B013WOEC1I?tag=eloabder-20&linkCode=osi&th=1&psc=1">View Product</a></div><div class="product"><a href="https://www.amazon.com/dp/B07L4Z2X81?tag=eloabder-20&linkCode=osi&th=1&psc=1"><img src="https://m.media-amazon.com/images/I/41PzLyy0OtL._SL500_.jpg" alt="Product Image"></a><p>Chefman Anti-Overflow Belgian Waffle Maker w/Shade Selector, Temperature Control, Mess Free Moat, Round Iron w/Nonstick Plates & Cool Touch Handle, Measuring Cup Included, Black</p><p> -13% 0FF </p><p>$26.09</p><a href="https://www.amazon.com/dp/B07L4Z2X81?tag=eloabder-20&linkCode=osi&th=1&psc=1">View Product</a></div><div class="product"><a href="https://www.amazon.com/dp/B09RX517YJ?tag=eloabder-20&linkCode=osi&th=1&psc=1"><img src="https://m.media-amazon.com/images/I/41qTvdLB3RL._SL500_.jpg" alt="Product Image"></a><p>Elite Gourmet EWM-2207# Electric Non-Stick Belgian Waffle Maker Iron, Breakfast, Sandwiches, Snacks, Burgers and more, 2-Slice, Black</p><p> -13% 0FF </p><p>$13.99</p><a href="https://www.amazon.com/dp/B09RX517YJ?tag=eloabder-20&linkCode=osi&th=1&psc=1">View Product</a></div>
<div class="product"><a href="https://www.amazon.com/dp/B00DEPGY7G?tag=eloabder-20&linkCode=osi&th=1&psc=1"><img src="https://m.media-amazon.com/images/I/41NuCd1uYNL._SL500_.jpg" alt="Product Image"></a><p>OVENTE Glass Electric Kettle Hot Water Boiler 1.5 Liter Borosilicate Glass Fast Boiling Countertop Heater - BPA Free Auto Shut Off Instant Water Heater Kettle for Coffee & Tea Maker - Black KG83B</p><p> -29% 0FF </p><p>$19.99</p><a href="https://www.amazon.com/dp/B00DEPGY7G?tag=eloabder-20&linkCode=osi&th=1&psc=1">View Product</a></div><div class="product"><a href="https://www.amazon.com/dp/B07JZQ1MXT?tag=eloabder-20&linkCode=osi&th=1&psc=1"><img src="https://m.media-amazon.com/images/I/311dZHPh5AL._SL500_.jpg" alt="Product Image"></a><p>Amazon Basics Electric Kettle, Tea Kettle for Hot Water, Coffee & Tea, With Auto Shut-Off, Boil Dry Protection, Strix Thermostat, BPA-Free, 1.8 Quarts (1.7L), 1500W, Glass and Steel, Black & Silver</p><p> -7% 0FF </p><p>$26.99</p><a href="https://www.amazon.com/dp/B07JZQ1MXT?tag=eloabder-20&linkCode=osi&th=1&psc=1">View Product</a></div><div class="product"><a href="https://www.amazon.com/dp/B01LWMWU59?tag=eloabder-20&linkCode=osi&th=1&psc=1"><img src="https://m.media-amazon.com/images/I/41E4k2z3DWL._SL500_.jpg" alt="Product Image"></a><p>Zojirushi Micom Water Boiler and Warmer (135 oz. / 4L, Silver)</p><p> -30% 0FF </p><p>$146.00</p><a href="https://www.amazon.com/dp/B01LWMWU59?tag=eloabder-20&linkCode=osi&th=1&psc=1">View Product</a></div><div class="product"><a href="https://www.amazon.com/dp/B07L5HT585?tag=eloabder-20&linkCode=osi&th=1&psc=1"><img src="https://m.media-amazon.com/images/I/41BL-WlAZkL._SL500_.jpg" alt="Product Image"></a><p>Hamilton Beach 1.7L Electric Kettle, Water Boiler & Heater, LED Indicator, Built-In Mesh Filter, Auto-Shutoff & Boil-Dry Protection, Cordless Serving, Clear Glass (40864)</p><p> -17% 0FF </p><p>$24.99</p><a href="https://www.amazon.com/dp/B07L5HT585?tag=eloabder-20&linkCode=osi&th=1&psc=1">View Product</a></div>
<div class="product"><a href="https://www.amazon.com/dp/B0055522EM?tag=eloabder-20&linkCode=osi&th=1&psc=1"><img src="https://m.media-amazon.com/images/I/51DzXSitquL._SL500_.jpg" alt="Product Image"></a><p>PureGuardian Aquastick, Universal, Genuine Guardian Technologies Antimicrobial Humidifier Treatment, Ultrasonic & Evaporative, Fits All Brands, Reduces Odors, 2 Count (One Pack of Two), GGHS15</p><p> -40% 0FF </p><p>$11.99 ($6.00 / Count)</p><a href="https://www.amazon.com/dp/B0055522EM?tag=eloabder-20&linkCode=osi&th=1&psc=1">View Product</a></div><div class="product"><a href="https://www.amazon.com/dp/B0CQRYKPD4?tag=eloabder-20&linkCode=osi&th=1&psc=1"><img src="https://m.media-amazon.com/images/I/51ADaqkTaOL._SL500_.jpg" alt="Product Image"></a><p>[2 Pack] Humidifier Drops for Cleaning - Food Grade Humidifier Cleaner Slows Buildup & Scaling - Cleans & Deodorizes Water - Suitable for All Humidifier Models - 200+ Day Supply - Made in USA</p><p> -5% 0FF </p><p>$18.99 ($9.50 / Fl Oz)</p><a href="https://www.amazon.com/dp/B0CQRYKPD4?tag=eloabder-20&linkCode=osi&th=1&psc=1">View Product</a></div><div class="product"><a href="https://www.amazon.com/dp/B01J664VSA?tag=eloabder-20&linkCode=osi&th=1&psc=1"><img src="https://m.media-amazon.com/images/I/418M5+TWhnL._SL500_.jpg" alt="Product Image"></a><p>Vornado MD1-0034 Replacement Humidifier Wick (Pack of 2) , White</p><p> -20% 0FF </p><p>$12.00 ($6.00 / Count)</p><a href="https://www.amazon.com/dp/B01J664VSA?tag=eloabder-20&linkCode=osi&th=1&psc=1">View Product</a></div>
<div class="product"><a href="https://www.amazon.com/dp/B0DJ8YM235?tag=eloabder-20&linkCode=osi&th=1&psc=1"><img src="https://m.media-amazon.com/images/I/31-+n3qJwfL._SL500_.jpg" alt="Product Image"></a><p>PSOS Dehumidifier for Home, 118 OZ Water Tank, Dehumidifiers for Room 1000 sq.ft, Dehumidifiers for Bathroom Bedroom Basement with Humidity monitoring, Auto Shut Off, 7 Colors Light(White)</p><p> -40% 0FF </p><p>$89.99</p><a href="https://www.amazon.com/dp/B0DJ8YM235?tag=eloabder-20&linkCode=osi&th=1&psc=1">View Product</a></div><div class="product"><a href="https://www.amazon.com/dp/B0BX4TTZL2?tag=eloabder-20&linkCode=osi&th=1&psc=1"><img src="https://m.media-amazon.com/images/I/31JMYwASsyL._SL500_.jpg" alt="Product Image"></a><p>Hornady Rapid Dry Dehumidifier Stone - Rechargeable Dehumidifier for Gun Safe and Cases, Protect Your Firearms and Valuables from Moisture - Unlimited Use, with Moisture Level Indicator - Item 95898</p><p> -29% 0FF </p><p>$28.37</p><a href="https://www.amazon.com/dp/B0BX4TTZL2?tag=eloabder-20&linkCode=osi&th=1&psc=1">View Product</a></div>
<div class="product"><a href="https://www.amazon.com/dp/B089P1Z38J?tag=eloabder-20&linkCode=osi&th=1&psc=1"><img src="https://m.media-amazon.com/images/I/51YX73Zai2L._SL500_.jpg" alt="Product Image"></a><p>Lasko Air Flex 20" 2-in-1 Box Fan and Air Purifier in One with MERV10 Air Purifying Filter for Cleaner and Cooling Breeze, 3 Speeds, Steel Body, FF305</p><p> -6% 0FF </p><p>$65.79</p><a href="https://www.amazon.com/dp/B089P1Z38J?tag=eloabder-20&linkCode=osi&th=1&psc=1">View Product</a></div><div class="product"><a href="https://www.amazon.com/dp/B0819NMLPH?tag=eloabder-20&linkCode=osi&th=1&psc=1"><img src="https://m.media-amazon.com/images/I/51J1qcl7T+L._SL500_.jpg" alt="Product Image"></a><p>SmoTecQ Ceiling Fan Pull Chain, 120" Rust Proof Copper 3mm Beaded Extension Chains with 12 Matching Connectors, Bronze</p><p> -25% 0FF </p><p>$5.99</p><a href="https://www.amazon.com/dp/B0819NMLPH?tag=eloabder-20&linkCode=osi&th=1&psc=1">View Product</a></div><div class="product"><a href="https://www.amazon.com/dp/B09JBCGK41?tag=eloabder-20&linkCode=osi&th=1&psc=1"><img src="https://m.media-amazon.com/images/I/31O1Cq3aI-L._SL500_.jpg" alt="Product Image"></a><p>Hunter Fan Company 99770 Core Multifunction w/1.9 Remote Control with Receiver, No Size, Dove Grey</p><p> -40% 0FF </p><p>$42.78</p><a href="https://www.amazon.com/dp/B09JBCGK41?tag=eloabder-20&linkCode=osi&th=1&psc=1">View Product</a></div><div class="product"><a href="https://www.amazon.com/dp/B07S5LK7Z8?tag=eloabder-20&linkCode=osi&th=1&psc=1"><img src="https://m.media-amazon.com/images/I/41Wgts+0jEL._SL500_.jpg" alt="Product Image"></a><p>Ceiling Fan Light Switch Zing Ear Pull Chain Switch ZE-109 Fan Light Switch, On-Off Speed with Pull Chain Compatible with Ceiling Light Fans, Lamps and Wall Lights.(Bronze)</p><p> -63% 0FF </p><p>$1.89</p><a href="https://www.amazon.com/dp/B07S5LK7Z8?tag=eloabder-20&linkCode=osi&th=1&psc=1">View Product</a></div><div class="product"><a href="https://www.amazon.com/dp/B0D5M1M37N?tag=eloabder-20&linkCode=osi&th=1&psc=1"><img src="https://m.media-amazon.com/images/I/51yO2OHGQkL._SL500_.jpg" alt="Product Image"></a><p>Butto 10-Pack Ceiling Fan Filters for Blades - Strong Adhesive Ceiling Fan Filters for Common Household Contaminants - Unscented Coconut Carbon Fan Air Purifier Pads to Make Air Fresh and Natural</p><p> -21% 0FF </p><p>$14.98</p><a href="https://www.amazon.com/dp/B0D5M1M37N?tag=eloabder-20&linkCode=osi&th=1&psc=1">View Product</a></div>
<div class="product"><a href="https://www.amazon.com/dp/B0CC8DS2S5?tag=eloabder-20&linkCode=osi&th=1&psc=1"><img src="https://m.media-amazon.com/images/I/41VCzvLZYAL._SL500_.jpg" alt="Product Image"></a><p>KitchekShop Coffee Mug Warmer - Fastest Heating & Highest Temperature, Coffee Cup Warmer for Desk Auto Shut Off, 4 Temp Settings & 1-12H Timer, Smart Electric Beverage Warmer for Coffee, Tea, Water</p><p> -40% 0FF </p><p>$23.99</p><a href="https://www.amazon.com/dp/B0CC8DS2S5?tag=eloabder-20&linkCode=osi&th=1&psc=1">View Product</a></div><div class="product"><a href="https://www.amazon.com/dp/B082MVGP8T?tag=eloabder-20&linkCode=osi&th=1&psc=1"><img src="https://m.media-amazon.com/images/I/31Ui7mtlCOL._SL500_.jpg" alt="Product Image"></a><p>Amazon Basics Electric Kettle, Tea Kettle for Hot Water, Coffee & Tea, With Auto Shut-Off, Boil Dry Protection, Strix Thermostat, BPA-Free, 1.1 Quarts (1.0L), 1500W, Glass and Steel, Black & Silver</p><p> -9% 0FF </p><p>$24.49</p><a href="https://www.amazon.com/dp/B082MVGP8T?tag=eloabder-20&linkCode=osi&th=1&psc=1">View Product</a></div>
<div class="product"><a href="https://www.amazon.com/dp/B0BYR4W4F6?tag=eloabder-20&linkCode=osi&th=1&psc=1"><img src="https://m.media-amazon.com/images/I/31M2ZgX69nL._SL500_.jpg" alt="Product Image"></a><p>Arrojo Gamma Aria Blow Dryer — Dual Ionic hair Dryer for Men and Women — Quietest Hair Dryers in their Class — Speeds to 101mph for Hyper Fast Drying Blow Dryer power</p><p> -6% 0FF </p><p>$165.86</p><a href="https://www.amazon.com/dp/B0BYR4W4F6?tag=eloabder-20&linkCode=osi&th=1&psc=1">View Product</a></div><div class="product"><a href="https://www.amazon.com/dp/B095Y4T72V?tag=eloabder-20&linkCode=osi&th=1&psc=1"><img src="https://m.media-amazon.com/images/I/3190DPU1r7S._SL500_.jpg" alt="Product Image"></a><p>Turbo Power Mega Turbo 2500 Heat Dryer</p><p> -7% 0FF </p><p>$93.44 ($93.44 / Count)</p><a href="https://www.amazon.com/dp/B095Y4T72V?tag=eloabder-20&linkCode=osi&th=1&psc=1">View Product</a></div>
<div class="product"><a href="https://www.amazon.com/dp/B0D4TT37CG?tag=eloabder-20&linkCode=osi&th=1&psc=1"><img src="https://m.media-amazon.com/images/I/51rJj7bo1sL._SL500_.jpg" alt="Product Image"></a><p>250W Professional Electric Cheese Grater for Block Cheese,Automatic Cheese Grater for Potato,Carrots,Salad Shooter Electric Slicer Shredder with 5 Types of Blades,Your Nice Kitchen Helper!</p><p> -8% 0FF </p><p>$66.99</p><a href="https://www.amazon.com/dp/B0D4TT37CG?tag=eloabder-20&linkCode=osi&th=1&psc=1">View Product</a></div>
<div class="product"><a href="https://www.amazon.com/dp/B007WQ9YNO?tag=eloabder-20&linkCode=osi&th=1&psc=1"><img src="https://m.media-amazon.com/images/I/41V32cTWxML._SL500_.jpg" alt="Product Image"></a><p>AROMA Digital Rice Cooker, 4-Cup (Uncooked) / 8-Cup (Cooked), Steamer, Grain Cooker, Multicooker, 2 Qt, Stainless Steel Exterior, ARC-914SBD</p><p> -9% 0FF </p><p>$29.98</p><a href="https://www.amazon.com/dp/B007WQ9YNO?tag=eloabder-20&linkCode=osi&th=1&psc=1">View Product</a></div><div class="product"><a href="https://www.amazon.com/dp/B0752VWV65?tag=eloabder-20&linkCode=osi&th=1&psc=1"><img src="https://m.media-amazon.com/images/I/41s222n8XjL._SL500_.jpg" alt="Product Image"></a><p>Hamilton Beach Digital Programmable Rice Cooker & Food Steamer, 8 Cups Cooked (4 Uncooked), With Steam & Rinse Basket, Stainless Steel (37518)</p><p> -20% 0FF </p><p>$31.99</p><a href="https://www.amazon.com/dp/B0752VWV65?tag=eloabder-20&linkCode=osi&th=1&psc=1">View Product</a></div><div class="product"><a href="https://www.amazon.com/dp/B0979TYRYN?tag=eloabder-20&linkCode=osi&th=1&psc=1"><img src="https://m.media-amazon.com/images/I/31pxVDIb99L._SL500_.jpg" alt="Product Image"></a><p>Aroma Housewares 4-Cups (Cooked) / 1Qt. Rice & Grain Cooker (ARC-302NG), White</p><p> -24% 0FF </p><p>$18.99</p><a href="https://www.amazon.com/dp/B0979TYRYN?tag=eloabder-20&linkCode=osi&th=1&psc=1">View Product</a></div><div class="product"><a href="https://www.amazon.com/dp/B01BUL7FJ6?tag=eloabder-20&linkCode=osi&th=1&psc=1"><img src="https://m.media-amazon.com/images/I/41PX+tkWChL._SL500_.jpg" alt="Product Image"></a><p>Aroma Housewares ARC-363-1NGB 3 Uncooked/6 Cups Cooked Rice Cooker, Steamer, Multicooker, 2-6 cups, Black</p><p> -33% 0FF </p><p>$19.99</p><a href="https://www.amazon.com/dp/B01BUL7FJ6?tag=eloabder-20&linkCode=osi&th=1&psc=1">View Product</a></div><div class="product"><a href="https://www.amazon.com/dp/B0BD4PRBVZ?tag=eloabder-20&linkCode=osi&th=1&psc=1"><img src="https://m.media-amazon.com/images/I/51PB+13RRPL._SL500_.jpg" alt="Product Image"></a><p>COSORI Rice Cooker 10 Cup, 24h Keep Warm, 18 Functions Fuzzy Logic Rice Maker with Stainless Steel Steamer Basket, Sauté, Slow Cooker, Black</p><p> -15% 0FF </p><p>$84.99</p><a href="https://www.amazon.com/dp/B0BD4PRBVZ?tag=eloabder-20&linkCode=osi&th=1&psc=1">View Product</a></div>
<div class="product"><a href="https://www.amazon.com/dp/B003OAJGJO?tag=eloabder-20&linkCode=osi&th=1&psc=1"><img src="https://m.media-amazon.com/images/I/51qadG4iFyL._SL500_.jpg" alt="Product Image"></a><p>Crock-Pot 7 Quart Oval Manual Slow Cooker, Stainless Steel (SCV700-S-BR), Versatile Cookware for Large Families or Entertaining</p><p> -30% 0FF </p><p>$34.99</p><a href="https://www.amazon.com/dp/B003OAJGJO?tag=eloabder-20&linkCode=osi&th=1&psc=1">View Product</a></div><div class="product"><a href="https://www.amazon.com/dp/B07DFVY29X?tag=eloabder-20&linkCode=osi&th=1&psc=1"><img src="https://m.media-amazon.com/images/I/415PUCXFtVL._SL500_.jpg" alt="Product Image"></a><p>Crock-Pot Large 8-Quart Programmable Slow Cooker with Auto Warm Setting, Black Stainless Steel (Pack of 1)</p><p> -25% 0FF </p><p>$74.99</p><a href="https://www.amazon.com/dp/B07DFVY29X?tag=eloabder-20&linkCode=osi&th=1&psc=1">View Product</a></div>
<div class="product"><a href="https://www.amazon.com/dp/B0BFX95J5P?tag=eloabder-20&linkCode=osi&th=1&psc=1"><img src="https://m.media-amazon.com/images/I/51Bj52vXGZL._SL500_.jpg" alt="Product Image"></a><p>COSORI Electric Pressure Cooker 6 qt, 9-in-1 Instant Multi Cooker with Safer Venting Design, Rice Cooker, Slow Cooker, Sous Vide, Saute Pot, 1100W, Stainless Steel</p><p> -22% 0FF </p><p>$69.99</p><a href="https://www.amazon.com/dp/B0BFX95J5P?tag=eloabder-20&linkCode=osi&th=1&psc=1">View Product</a></div><div class="product"><a href="https://www.amazon.com/dp/B08PPZWNCV?tag=eloabder-20&linkCode=osi&th=1&psc=1"><img src="https://m.media-amazon.com/images/I/41ZKZkeEwEL._SL500_.jpg" alt="Product Image"></a><p>Instant Pot Pro (8 QT) 10-in-1 Pressure Cooker, Slow Cooker, Rice/Grain Cooker, Steamer, Sauté, Sous Vide, Yogurt Maker, Sterilizer, and Warmer, Includes App With Over 800 Recipes, Black</p><p> -21% 0FF </p><p>$149.99</p><a href="https://www.amazon.com/dp/B08PPZWNCV?tag=eloabder-20&linkCode=osi&th=1&psc=1">View Product</a></div><div class="product"><a href="https://www.amazon.com/dp/B089P2W2N6?tag=eloabder-20&linkCode=osi&th=1&psc=1"><img src="https://m.media-amazon.com/images/I/41tjnk41j0L._SL500_.jpg" alt="Product Image"></a><p>12 Qt Stainless steel Electric Pressure Canner</p><p> -30% 0FF </p><p>$229.99</p><a href="https://www.amazon.com/dp/B089P2W2N6?tag=eloabder-20&linkCode=osi&th=1&psc=1">View Product</a></div><div class="product"><a href="https://www.amazon.com/dp/B0DJFJFSZ5?tag=eloabder-20&linkCode=osi&th=1&psc=1"><img src="https://m.media-amazon.com/images/I/41RArdH-6LL._SL500_.jpg" alt="Product Image"></a><p>COMFEE’ 9-in-1 Electric Pressure Cooker, 14 Presets Instant Multi Cooker Olla de Presion Non-Stick Pot Yogurt Maker Rice Cooker Slow Cooker Sauté Steamer 6 Quarts Black</p><p> -10% 0FF </p><p>$64.79</p><a href="https://www.amazon.com/dp/B0DJFJFSZ5?tag=eloabder-20&linkCode=osi&th=1&psc=1">View Product</a></div><div class="product"><a href="https://www.amazon.com/dp/B0C35HNPW9?tag=eloabder-20&linkCode=osi&th=1&psc=1"><img src="https://m.media-amazon.com/images/I/41C54nM0HvL._SL500_.jpg" alt="Product Image"></a><p>Instant Pot RIO Wide Base, 7.5 Quarts, Large Searing Base, WhisperQuiet Steam Release, 7-in-1 Electric Multi-Cooker, Pressure Cooker, Slow Cooker, Rice Cooker, Steamer, Sauté, Yogurt & Warmer</p><p> -13% 0FF </p><p>$113.50</p><a href="https://www.amazon.com/dp/B0C35HNPW9?tag=eloabder-20&linkCode=osi&th=1&psc=1">View Product</a></div>
<div class="product"><a href="https://www.amazon.com/dp/B01LZ6QN28?tag=eloabder-20&linkCode=osi&th=1&psc=1"><img src="https://m.media-amazon.com/images/I/310sq1rOuLL._SL500_.jpg" alt="Product Image"></a><p>KitchenAid KFC3516IC 3.5 Cup Food Chopper, Ice Blue</p><p> -25% 0FF </p><p>$44.99</p><a href="https://www.amazon.com/dp/B01LZ6QN28?tag=eloabder-20&linkCode=osi&th=1&psc=1">View Product</a></div><div class="product"><a href="https://www.amazon.com/dp/B089TP3K77?tag=eloabder-20&linkCode=osi&th=1&psc=1"><img src="https://m.media-amazon.com/images/I/41wrQtJwO4L._SL500_.jpg" alt="Product Image"></a><p>Ninja Food Processor, Professional Plus, 1000 Peak Watts, 4 Functions for Chopping, Slicing, Purees & Dough with 9-Cup Processor Bowl, 3 Blades, Food Chute & Pusher, Silver, BN601</p><p> -19% 0FF </p><p>$96.99</p><a href="https://www.amazon.com/dp/B089TP3K77?tag=eloabder-20&linkCode=osi&th=1&psc=1">View Product</a></div><div class="product"><a href="https://www.amazon.com/dp/B07CB25BRK?tag=eloabder-20&linkCode=osi&th=1&psc=1"><img src="https://m.media-amazon.com/images/I/4184he88uaL._SL500_.jpg" alt="Product Image"></a><p>KitchenAid KFP0718ER 7-Cup Food Processor Chop, Puree, Shred and Slice - Empire Red</p><p> -20% 0FF </p><p>$79.99</p><a href="https://www.amazon.com/dp/B07CB25BRK?tag=eloabder-20&linkCode=osi&th=1&psc=1">View Product</a></div><div class="product"><a href="https://www.amazon.com/dp/B0841NBX4Y?tag=eloabder-20&linkCode=osi&th=1&psc=1"><img src="https://m.media-amazon.com/images/I/31BQFzOW77S._SL500_.jpg" alt="Product Image"></a><p>BLACK+DECKER Food Processor and Vegetable Chopper, Stainless Steel Blade, 8-Cup Capacity, 450W Power with Attachments to Shred, Slice, Mince, Grind, and Puree</p><p> -22% 0FF </p><p>$42.99</p><a href="https://www.amazon.com/dp/B0841NBX4Y?tag=eloabder-20&linkCode=osi&th=1&psc=1">View Product</a></div>
<div class="product"><a href="https://www.amazon.com/dp/B00004SGFW?tag=eloabder-20&linkCode=osi&th=1&psc=1"><img src="https://m.media-amazon.com/images/I/41VBlHn++3L._SL500_.jpg" alt="Product Image"></a><p>KitchenAid Classic Series 4.5 Quart Tilt-Head Stand Mixer K45SS, White</p><p> -10% 0FF </p><p>$297.99</p><a href="https://www.amazon.com/dp/B00004SGFW?tag=eloabder-20&linkCode=osi&th=1&psc=1">View Product</a></div><div class="product"><a href="https://www.amazon.com/dp/B09BVCPSBT?tag=eloabder-20&linkCode=osi&th=1&psc=1"><img src="https://m.media-amazon.com/images/I/41ApmT8ttnL._SL500_.jpg" alt="Product Image"></a><p>Kitchen in the box Stand Mixer,3.2Qt Small Electric Food Mixer,6 Speeds Portable Lightweight Kitchen Mixer for Daily Use with Egg Whisk,Dough Hook,Flat Beater (Black)</p><p> -20% 0FF </p><p>$79.99</p><a href="https://www.amazon.com/dp/B09BVCPSBT?tag=eloabder-20&linkCode=osi&th=1&psc=1">View Product</a></div><div class="product"><a href="https://www.amazon.com/dp/B09Y9LHFJ5?tag=eloabder-20&linkCode=osi&th=1&psc=1"><img src="https://m.media-amazon.com/images/I/31zHqTmCLdL._SL500_.jpg" alt="Product Image"></a><p>Hamilton Beach Classic Stand and Hand Mixer, 4 Quarts, 6 Speeds with QuickBurst, Bowl Rest, 290 Watts Peak Power, Blue (64658)</p><p> -13% 0FF </p><p>$45.99</p><a href="https://www.amazon.com/dp/B09Y9LHFJ5?tag=eloabder-20&linkCode=osi&th=1&psc=1">View Product</a></div><div class="product"><a href="https://www.amazon.com/dp/B01H7R1EJY?tag=eloabder-20&linkCode=osi&th=1&psc=1"><img src="https://m.media-amazon.com/images/I/41bfuTs0SXL._SL500_.jpg" alt="Product Image"></a><p>Cuisinart Stand Mixer, 12 Speed, 5.5 Quart Stainless Steel Bowl, Chef’s Whisk, Mixing Paddle, Dough Hook, Splash Guard w/ Pour Spout, White Linen, SM-50, Manual</p><p> -20% 0FF </p><p>$199.95 ($199.95 / Count)</p><a href="https://www.amazon.com/dp/B01H7R1EJY?tag=eloabder-20&linkCode=osi&th=1&psc=1">View Product</a></div><div class="product"><a href="https://www.amazon.com/dp/B01K2FQ4DE?tag=eloabder-20&linkCode=osi&th=1&psc=1"><img src="https://m.media-amazon.com/images/I/419VfH8b6OL._SL500_.jpg" alt="Product Image"></a><p>Cuisinart Stand Mixer, 12 Speeds, 5.5-Quart Mixing Bowl, Chef's Whisk, Flat Mixing Paddle, Dough Hook, and Splash Guard with Pour Spout, Silver Lining, SM-50BC, Silver Lining</p><p> -20% 0FF </p><p>$199.95 ($199.95 / Count)</p><a href="https://www.amazon.com/dp/B01K2FQ4DE?tag=eloabder-20&linkCode=osi&th=1&psc=1">View Product</a></div>
<div class="product"><a href="https://www.amazon.com/dp/B009VUHLHA?tag=eloabder-20&linkCode=osi&th=1&psc=1"><img src="https://m.media-amazon.com/images/I/3129GS2CaML._SL500_.jpg" alt="Product Image"></a><p>KitchenAid 5 Ultra Power Speed Hand Mixer - KHM512, Empire Red (1 Pack)</p><p> -25% 0FF </p><p>$44.99</p><a href="https://www.amazon.com/dp/B009VUHLHA?tag=eloabder-20&linkCode=osi&th=1&psc=1">View Product</a></div><div class="product"><a href="https://www.amazon.com/dp/B07DD385JN?tag=eloabder-20&linkCode=osi&th=1&psc=1"><img src="https://m.media-amazon.com/images/I/41dfQaFsuUL._SL500_.jpg" alt="Product Image"></a><p>OVENTE Portable 5 Speed Mixing Electric Hand Mixer with Stainless Steel Whisk Beater Attachments & Snap Storage Case, Compact Lightweight 150 Watt Powerful Blender for Baking & Cooking, Black HM151B</p><p> -32% 0FF </p><p>$16.99</p><a href="https://www.amazon.com/dp/B07DD385JN?tag=eloabder-20&linkCode=osi&th=1&psc=1">View Product</a></div><div class="product"><a href="https://www.amazon.com/dp/B0034A8C4O?tag=eloabder-20&linkCode=osi&th=1&psc=1"><img src="https://m.media-amazon.com/images/I/41t6hdU+x0L._SL500_.jpg" alt="Product Image"></a><p>Cuisinart HM-90S Power Advantage Plus 9-Speed Handheld Mixer with Storage Case, White</p><p> -25% 0FF </p><p>$59.95</p><a href="https://www.amazon.com/dp/B0034A8C4O?tag=eloabder-20&linkCode=osi&th=1&psc=1">View Product</a></div><div class="product"><a href="https://www.amazon.com/dp/B00O4XVV66?tag=eloabder-20&linkCode=osi&th=1&psc=1"><img src="https://m.media-amazon.com/images/I/41TAePDHOkL._SL500_.jpg" alt="Product Image"></a><p>Hamilton Beach Power Deluxe 6-Speed Electric Hand Mixer with Snap-On Storage Case, QuickBurst, Beaters, Whisk, Powerful 250 Watt Motor, Bowl Rest, Black (62692)</p><p> -8% 0FF </p><p>$22.99</p><a href="https://www.amazon.com/dp/B00O4XVV66?tag=eloabder-20&linkCode=osi&th=1&psc=1">View Product</a></div><div class="product"><a href="https://www.amazon.com/dp/B09JV6224Q?tag=eloabder-20&linkCode=osi&th=1&psc=1"><img src="https://m.media-amazon.com/images/I/41vUDKzR2aL._SL500_.jpg" alt="Product Image"></a><p>KitchenAid 6 Speed Hand Mixer with Flex Edge Beaters - KHM6118</p><p> -25% 0FF </p><p>$59.95</p><a href="https://www.amazon.com/dp/B09JV6224Q?tag=eloabder-20&linkCode=osi&th=1&psc=1">View Product</a></div><div class="product"><a href="https://www.amazon.com/dp/B0B397TM76?tag=eloabder-20&linkCode=osi&th=1&psc=1"><img src="https://m.media-amazon.com/images/I/41IGzC-belL._SL500_.jpg" alt="Product Image"></a><p>Yomelo 9-Speed Digital Hand Mixer Electric, 400W Powerful DC Motor, Baking Mixer Handheld with Snap-On Storage Case, Touch Button, Turbo Boost, Dough Hooks, Whisk (Ice Blue)</p><p> -20% 0FF </p><p>$39.97</p><a href="https://www.amazon.com/dp/B0B397TM76?tag=eloabder-20&linkCode=osi&th=1&psc=1">View Product</a></div>
<div class="product"><a href="https://www.amazon.com/dp/B07FNW57J7?tag=eloabder-20&linkCode=osi&th=1&psc=1"><img src="https://m.media-amazon.com/images/I/51FDxusQ0iL._SL500_.jpg" alt="Product Image"></a><p>Chefman Electric Kettle with Temperature Control, 5 Presets LED Indicator Lights, Removable Tea Infuser, Glass Tea Kettle & Hot Water Boiler, 360° Swivel Base, BPA Free, Stainless Steel, 1.8 Liters</p><p> -14% 0FF </p><p>$29.99</p><a href="https://www.amazon.com/dp/B07FNW57J7?tag=eloabder-20&linkCode=osi&th=1&psc=1">View Product</a></div><div class="product"><a href="https://www.amazon.com/dp/B0BNMRYJ1Q?tag=eloabder-20&linkCode=osi&th=1&psc=1"><img src="https://m.media-amazon.com/images/I/31K-SXluWdL._SL500_.jpg" alt="Product Image"></a><p>MEISON Electric Kettle, 1.7 L Double Wall Food Grade Stainless Steel Interior Water Boiler, Coffee Pot & Tea Kettle, Auto Shut-Off and Boil-Dry Protection, 1200W, 2 Year Warranty(Black)</p><p> -56% 0FF </p><p>$21.99</p><a href="https://www.amazon.com/dp/B0BNMRYJ1Q?tag=eloabder-20&linkCode=osi&th=1&psc=1">View Product</a></div>
<div class="product"><a href="https://www.amazon.com/dp/B07665GLFH?tag=eloabder-20&linkCode=osi&th=1&psc=1"><img src="https://m.media-amazon.com/images/I/41183-xnqRL._SL500_.jpg" alt="Product Image"></a><p>OVENTE Electric Deep Fryer 2 Liter Capacity, 1500 Watt Lid with Viewing Window and Odor Filter, Adjustable Temperature, Removable Frying Basket and Easy to Clean Stainless Steel Body, Silver FDM2201BR</p><p> -36% 0FF </p><p>$29.99</p><a href="https://www.amazon.com/dp/B07665GLFH?tag=eloabder-20&linkCode=osi&th=1&psc=1">View Product</a></div><div class="product"><a href="https://www.amazon.com/dp/B00NQ7QFGM?tag=eloabder-20&linkCode=osi&th=1&psc=1"><img src="https://m.media-amazon.com/images/I/411tBrsFTDL._SL500_.jpg" alt="Product Image"></a><p>T-fal 3.5L Stainless Steel Deep Fryer with Basket, 1700W, Oil Filtration, Temp Control, Digital Timer, Dishwasher Safe Parts</p><p> -9% 0FF </p><p>$117.99</p><a href="https://www.amazon.com/dp/B00NQ7QFGM?tag=eloabder-20&linkCode=osi&th=1&psc=1">View Product</a></div><div class="product"><a href="https://www.amazon.com/dp/B00N9TPNNI?tag=eloabder-20&linkCode=osi&th=1&psc=1"><img src="https://m.media-amazon.com/images/I/41dpJ-+eDML._SL500_.jpg" alt="Product Image"></a><p>Elite Gourmet EDF-401T Electric 4.5 Qt. / 17 Cup Immersion Deep Fryer 3-Baskets, 1700-Watt, Timer Control Adjustable Temperature, Lid with Viewing Window and Odor Free Filter</p><p> -11% 0FF </p><p>$53.44</p><a href="https://www.amazon.com/dp/B00N9TPNNI?tag=eloabder-20&linkCode=osi&th=1&psc=1">View Product</a></div><div class="product"><a href="https://www.amazon.com/dp/B07KJGR9JZ?tag=eloabder-20&linkCode=osi&th=1&psc=1"><img src="https://m.media-amazon.com/images/I/51Wl+RTXTML._SL500_.jpg" alt="Product Image"></a><p>Chefman 4.5 Liter Deep Fryer w/Basket Strainer, XL Jumbo Size, Adjustable Temperature & Timer, Perfect for Fried Chicken, Shrimp, French Fries, Chips & More, Removable Oil-Container, Stainless Steel</p><p> -14% 0FF </p><p>$59.99</p><a href="https://www.amazon.com/dp/B07KJGR9JZ?tag=eloabder-20&linkCode=osi&th=1&psc=1">View Product</a></div><div class="product"><a href="https://www.amazon.com/dp/B07TRNP5V7?tag=eloabder-20&linkCode=osi&th=1&psc=1"><img src="https://m.media-amazon.com/images/I/416X3E03X9L._SL500_.jpg" alt="Product Image"></a><p>National Presto 10-Quart Kitchen Kettle XL Multi-Cooker, Steamer, Black Deep-Fryer</p><p> -38% 0FF </p><p>$58.78</p><a href="https://www.amazon.com/dp/B07TRNP5V7?tag=eloabder-20&linkCode=osi&th=1&psc=1">View Product</a></div><div class="product"><a href="https://www.amazon.com/dp/B0B6D9739D?tag=eloabder-20&linkCode=osi&th=1&psc=1"><img src="https://m.media-amazon.com/images/I/41Dm+ZShvHL._SL500_.jpg" alt="Product Image"></a><p>Elite Gourmet EDF2100 Electric Immersion Deep Fryer Removable Basket Adjustable Temperature, Lid with Viewing Window and Odor Free Filter, 2 Quart / 8.2 cup</p><p> -8% 0FF </p><p>$34.99</p><a href="https://www.amazon.com/dp/B0B6D9739D?tag=eloabder-20&linkCode=osi&th=1&psc=1">View Product</a></div>
<div class="product"><a href="https://www.amazon.com/dp/B0CYBM2DFK?tag=eloabder-20&linkCode=osi&th=1&psc=1"><img src="https://m.media-amazon.com/images/I/51v84ZcytjL._SL500_.jpg" alt="Product Image"></a><p>Pukomc Electric Indoor Grill,2 in 1 Indoor Grills for Kitchen with Grill Net & Non-Stick Cooking Removable Plate, Temperature Control, Dishwasher Safe, 1500W Smokeless Grill</p><p> -11% 0FF </p><p>$49.99</p><a href="https://www.amazon.com/dp/B0CYBM2DFK?tag=eloabder-20&linkCode=osi&th=1&psc=1">View Product</a></div><div class="product"><a href="https://www.amazon.com/dp/B0778XLPB7?tag=eloabder-20&linkCode=osi&th=1&psc=1"><img src="https://m.media-amazon.com/images/I/41J7WwuJlYL._SL500_.jpg" alt="Product Image"></a><p>Cuisinart GR-5BP1 Electric Griddler FIVE, Enjoy 5-in-1 Functions, LCD Display, Wide Temperature Range and Sear Function, Stainless Steel</p><p> -17% 0FF </p><p>$99.95</p><a href="https://www.amazon.com/dp/B0778XLPB7?tag=eloabder-20&linkCode=osi&th=1&psc=1">View Product</a></div>
<div class="product"><a href="https://www.amazon.com/dp/B07MVN676J?tag=eloabder-20&linkCode=osi&th=1&psc=1"><img src="https://m.media-amazon.com/images/I/414mvfQwPdL._SL500_.jpg" alt="Product Image"></a><p>OVENTE Electric Sandwich Maker with Non-Stick Plates, Indicator Lights, Cool Touch Handle, Easy to Clean and Store, Perfect for Cooking Breakfast, Grilled Cheese, Tuna Melts and Snacks, Black GPS401B</p><p> -36% 0FF </p><p>$15.99</p><a href="https://www.amazon.com/dp/B07MVN676J?tag=eloabder-20&linkCode=osi&th=1&psc=1">View Product</a></div><div class="product"><a href="https://www.amazon.com/dp/B07B4ZFRC5?tag=eloabder-20&linkCode=osi&th=1&psc=1"><img src="https://m.media-amazon.com/images/I/41Mwee5EhWL._SL500_.jpg" alt="Product Image"></a><p>Hamilton Beach Electric Sealed Sandwich Maker Grill with PFAS-Free Nonstick Plates, Makes Stuffed French Toast, Omelets, Compact & Easy to Store, Black (25430G)</p><p> -7% 0FF </p><p>$20.49</p><a href="https://www.amazon.com/dp/B07B4ZFRC5?tag=eloabder-20&linkCode=osi&th=1&psc=1">View Product</a></div><div class="product"><a href="https://www.amazon.com/dp/B08B28SGFH?tag=eloabder-20&linkCode=osi&th=1&psc=1"><img src="https://m.media-amazon.com/images/I/31rHEytHAqL._SL500_.jpg" alt="Product Image"></a><p>Nostalgia MyMini Personal Sandwich Maker, Nonstick Panini Press, Pizza Pockets, Quesadillas, Mint Green</p><p> -17% 0FF </p><p>$14.99</p><a href="https://www.amazon.com/dp/B08B28SGFH?tag=eloabder-20&linkCode=osi&th=1&psc=1">View Product</a></div><div class="product"><a href="https://www.amazon.com/dp/B002YD99Y4?tag=eloabder-20&linkCode=osi&th=1&psc=1"><img src="https://m.media-amazon.com/images/I/41FEfCzAJ9L._SL500_.jpg" alt="Product Image"></a><p>Cuisinart Panini Press, Stainless Steel Griddler, Sandwich Maker & More, 5-IN-1, GR-4NP1</p><p> -20% 0FF </p><p>$79.95</p><a href="https://www.amazon.com/dp/B002YD99Y4?tag=eloabder-20&linkCode=osi&th=1&psc=1">View Product</a></div>
<div class="product"><a href="https://www.amazon.com/dp/B003HL1JZO?tag=eloabder-20&linkCode=osi&th=1&psc=1"><img src="https://m.media-amazon.com/images/I/41NQPUjC3hL._SL500_.jpg" alt="Product Image"></a><p>Hamilton Beach Belgian Mini Waffle Maker with Shade Control, Makes 2 at Once, Create Personalized Keto Chaffles and Hash Browns, Non-Stick Plates, Compact Design, Stainless Steel</p><p> -25% 0FF </p><p>$23.99</p><a href="https://www.amazon.com/dp/B003HL1JZO?tag=eloabder-20&linkCode=osi&th=1&psc=1">View Product</a></div><div class="product"><a href="https://www.amazon.com/dp/B01FYIAQA6?tag=eloabder-20&linkCode=osi&th=1&psc=1"><img src="https://m.media-amazon.com/images/I/51LjHkbLVyL._SL500_.jpg" alt="Product Image"></a><p>KRUPS: Waffle Maker, Stainless Steel, 4 Slices, 1200 Watts Square, 5 Browning Levels, Removable Plates, Dishwasher Safe, Belgian Waffle Silver and Black</p><p> -18% 0FF </p><p>$65.70</p><a href="https://www.amazon.com/dp/B01FYIAQA6?tag=eloabder-20&linkCode=osi&th=1&psc=1">View Product</a></div><div class="product"><a href="https://www.amazon.com/dp/B08ML7J5SG?tag=eloabder-20&linkCode=osi&th=1&psc=1"><img src="https://m.media-amazon.com/images/I/41c0iTegfQL._SL500_.jpg" alt="Product Image"></a><p>DASH No-Drip Waffle Maker - Four Waffle Molds, Nonstick Waffle Iron with Quick Heat-Up, Nonstick Surface - Perfect Waffle Maker for Kids and Families, Just Add Batter</p><p> -13% 0FF </p><p>$34.99</p><a href="https://www.amazon.com/dp/B08ML7J5SG?tag=eloabder-20&linkCode=osi&th=1&psc=1">View Product</a></div>
<div class="product"><a href="https://www.amazon.com/dp/B010TR1SMW?tag=eloabder-20&linkCode=osi&th=1&psc=1"><img src="https://m.media-amazon.com/images/I/51+Sr3R6eUL._SL500_.jpg" alt="Product Image"></a><p>Original Whirley Pop Popcorn Maker- Silver 6 Qt Aluminum Popcorn Maker with Metal Gear, Wabash Family Farms, With Included Good Time Guide</p><p> -44% 0FF </p><p>$19.99</p><a href="https://www.amazon.com/dp/B010TR1SMW?tag=eloabder-20&linkCode=osi&th=1&psc=1">View Product</a></div><div class="product"><a href="https://www.amazon.com/dp/B00KL8SM92?tag=eloabder-20&linkCode=osi&th=1&psc=1"><img src="https://m.media-amazon.com/images/I/41TLvq95xTL._SL500_.jpg" alt="Product Image"></a><p>West Bend Stir Crazy Popcorn Machine Electric Hot Oil Popper Includes Large Lid for Serving Bowl and Convenient Nesting Storage, 6-Quart, Red</p><p> -28% 0FF </p><p>$33.65</p><a href="https://www.amazon.com/dp/B00KL8SM92?tag=eloabder-20&linkCode=osi&th=1&psc=1">View Product</a></div><div class="product"><a href="https://www.amazon.com/dp/B01HRGJE88?tag=eloabder-20&linkCode=osi&th=1&psc=1"><img src="https://m.media-amazon.com/images/I/41hNl5eCgyS._SL500_.jpg" alt="Product Image"></a><p>West Bend Stir Crazy Movie Theater Popcorn Popper with Nonstick Popcorn Kettle, Measuring Tool and Popcorn Scoop for Gourmet Popcorn Machine , 4 Qt., Red</p><p> -25% 0FF </p><p>$60.24</p><a href="https://www.amazon.com/dp/B01HRGJE88?tag=eloabder-20&linkCode=osi&th=1&psc=1">View Product</a></div><div class="product"><a href="https://www.amazon.com/dp/B0C43XTHC6?tag=eloabder-20&linkCode=osi&th=1&psc=1"><img src="https://m.media-amazon.com/images/I/418qLhEayLL._SL500_.jpg" alt="Product Image"></a><p>Presto 04811 PopLite My Munch Hot Air Popcorn Popper - Personal Sized, Built-In Serving Bowl, Compact Design, 8 Cups, Blue</p><p> -13% 0FF </p><p>$34.99</p><a href="https://www.amazon.com/dp/B0C43XTHC6?tag=eloabder-20&linkCode=osi&th=1&psc=1">View Product</a></div>
<div class="product"><a href="https://www.amazon.com/dp/B08QXB9BH5?tag=eloabder-20&linkCode=osi&th=1&psc=1"><img src="https://m.media-amazon.com/images/I/3114JA1oLJL._SL500_.jpg" alt="Product Image"></a><p>Ninja NC301 CREAMi Ice Cream Maker, for Gelato, Mix-ins, Milkshakes, Sorbet, Smoothie Bowls & More, 7 One-Touch Programs, with (2) Pint Containers & Lids, Compact Size, Perfect for Kids, Silver</p><p> -22% 0FF </p><p>$179.99</p><a href="https://www.amazon.com/dp/B08QXB9BH5?tag=eloabder-20&linkCode=osi&th=1&psc=1">View Product</a></div><div class="product"><a href="https://www.amazon.com/dp/B0B9CZ6XBQ?tag=eloabder-20&linkCode=osi&th=1&psc=1"><img src="https://m.media-amazon.com/images/I/41FrbCLAa8L._SL500_.jpg" alt="Product Image"></a><p>Ninja CREAMi Deluxe 11-in-1 Ice Cream & Frozen Treat Maker for Ice Cream, Sorbet, Milkshakes, Frozen Yogurt, & More, 11 Programs, XL Capacity, Silver, Includes (2) Family-Sized 24 oz. Tubs</p><p> -12% 0FF </p><p>$219.95</p><a href="https://www.amazon.com/dp/B0B9CZ6XBQ?tag=eloabder-20&linkCode=osi&th=1&psc=1">View Product</a></div>
<div class="product"><a href="https://www.amazon.com/dp/B07C8V4FDR?tag=eloabder-20&linkCode=osi&th=1&psc=1"><img src="https://m.media-amazon.com/images/I/41-2gch534L._SL500_.jpg" alt="Product Image"></a><p>Cuisinart Bread Maker Machine, Compact and Automatic, Customizable Settings, Up to 2lb Loaves, CBK-110P1, Silver,Black</p><p> -23% 0FF </p><p>$99.95</p><a href="https://www.amazon.com/dp/B07C8V4FDR?tag=eloabder-20&linkCode=osi&th=1&psc=1">View Product</a></div><div class="product"><a href="https://www.amazon.com/dp/B09RYYGJXR?tag=eloabder-20&linkCode=osi&th=1&psc=1"><img src="https://m.media-amazon.com/images/I/31Nti+QxbGL._SL500_.jpg" alt="Product Image"></a><p>Elite Gourmet EBM8103M Programmable Bread Maker Machine 3 Loaf Sizes, 19 Menu Functions Gluten Free White Wheat Rye French and more, 2 Lbs, Mint</p><p> -13% 0FF </p><p>$64.97</p><a href="https://www.amazon.com/dp/B09RYYGJXR?tag=eloabder-20&linkCode=osi&th=1&psc=1">View Product</a></div><div class="product"><a href="https://www.amazon.com/dp/B07BYXHYLY?tag=eloabder-20&linkCode=osi&th=1&psc=1"><img src="https://m.media-amazon.com/images/I/51oB-JofaaL._SL500_.jpg" alt="Product Image"></a><p>KBS Pro Stainless Steel Bread Machine, 2LB 17-in-1 Programmable XL Bread Maker with Fruit Nut Dispenser, Nonstick Ceramic Pan& Digital Touch Panel, 3 Loaf Sizes 3 Crust Colors, Reserve& Keep Warm Set</p><p> -21% 0FF </p><p>$149.96</p><a href="https://www.amazon.com/dp/B07BYXHYLY?tag=eloabder-20&linkCode=osi&th=1&psc=1">View Product</a></div><div class="product"><a href="https://www.amazon.com/dp/B087FB8SCK?tag=eloabder-20&linkCode=osi&th=1&psc=1"><img src="https://m.media-amazon.com/images/I/41HIsBOmQJL._SL500_.jpg" alt="Product Image"></a><p>KITCHENARM 29-in-1 SMART Bread Machine with Gluten Free Setting 2LB 1.5LB 1LB Bread Maker Machine with Homemade Cycle - Stainless Steel Breadmaker with Recipes Whole Wheat Bread Making Machine</p><p> -11% 0FF </p><p>$114.97</p><a href="https://www.amazon.com/dp/B087FB8SCK?tag=eloabder-20&linkCode=osi&th=1&psc=1">View Product</a></div><div class="product"><a href="https://www.amazon.com/dp/B07ZQ711SW?tag=eloabder-20&linkCode=osi&th=1&psc=1"><img src="https://m.media-amazon.com/images/I/41XD-2f77RL._SL500_.jpg" alt="Product Image"></a><p>KBS 17-in-1 Bread Maker-Dual Heaters, 710W Machine Stainless Steel with Gluten-Free, Dough Maker,Jam,Yogurt PROG, Auto Nut Dispenser,Ceramic Pan& Touch Panel, 3 Loaf Sizes 3 Crust Colors,Recipes</p><p> -20% 0FF </p><p>$159.99</p><a href="https://www.amazon.com/dp/B07ZQ711SW?tag=eloabder-20&linkCode=osi&th=1&psc=1">View Product</a></div><div class="product"><a href="https://www.amazon.com/dp/B08SKFPMBG?tag=eloabder-20&linkCode=osi&th=1&psc=1"><img src="https://m.media-amazon.com/images/I/41GbafaeBYL._SL500_.jpg" alt="Product Image"></a><p>Briskind 19-in-1 Compact Bread Maker Machine, 1.5 lb / 1 lb Loaf Small Breadmaker with Carrying Handle, Including Gluten Free, Dough, Jam, Yogurt Menus, Bake Evenly, Automatic Keep Warm, 3 Crust Color</p><p> -25% 0FF </p><p>$89.75</p><a href="https://www.amazon.com/dp/B08SKFPMBG?tag=eloabder-20&linkCode=osi&th=1&psc=1">View Product</a></div><div class="product"><a href="https://www.amazon.com/dp/B07D82LJ4Q?tag=eloabder-20&linkCode=osi&th=1&psc=1"><img src="https://m.media-amazon.com/images/I/41i3kbapguL._SL500_.jpg" alt="Product Image"></a><p>West Bend 47413 Hi-Rise Programmable Bread Maker Machine with Horizontal Dual Blade and 12 Programs, Including Gluten Free Mode, 3 Lb, Gray</p><p> -30% 0FF </p><p>$87.68</p><a href="https://www.amazon.com/dp/B07D82LJ4Q?tag=eloabder-20&linkCode=osi&th=1&psc=1">View Product</a></div>
<div class="product"><a href="https://www.amazon.com/dp/B0BR8HZL9V?tag=eloabder-20&linkCode=osi&th=1&psc=1"><img src="https://m.media-amazon.com/images/I/315cLuabx0L._SL500_.jpg" alt="Product Image"></a><p>Ninja JC151 NeverClog Cold Press Juicer, Powerful Slow Juicer with Total Pulp Control, Countertop, Electric, 2 Pulp Functions, Dishwasher Safe, 2nd Generation, Charcoal</p><p> -23% 0FF </p><p>$99.99</p><a href="https://www.amazon.com/dp/B0BR8HZL9V?tag=eloabder-20&linkCode=osi&th=1&psc=1">View Product</a></div><div class="product"><a href="https://www.amazon.com/dp/B0DJ7QML7K?tag=eloabder-20&linkCode=osi&th=1&psc=1"><img src="https://m.media-amazon.com/images/I/410TN+TUghL._SL500_.jpg" alt="Product Image"></a><p>Cold Press Juicer, 400w Slow Juicer Machines with 5.4" Wide Feed Chute, Masticating Juicer with High Juice Yield for Whole Vegetables & Fruits</p><p> -77% 0FF </p><p>$139.98</p><a href="https://www.amazon.com/dp/B0DJ7QML7K?tag=eloabder-20&linkCode=osi&th=1&psc=1">View Product</a></div><div class="product"><a href="https://www.amazon.com/dp/B0DBH5LC1M?tag=eloabder-20&linkCode=osi&th=1&psc=1"><img src="https://m.media-amazon.com/images/I/41p0ebtD3PL._SL500_.jpg" alt="Product Image"></a><p>Masticating Juicer, 350W Slow Cold Press Juicer with 5.8" Extra-Large Feeding Chute, Juicer Machines for Whole Fruits and Vegetables, Easy to Clean with Brush</p><p> -77% 0FF </p><p>$149.99</p><a href="https://www.amazon.com/dp/B0DBH5LC1M?tag=eloabder-20&linkCode=osi&th=1&psc=1">View Product</a></div><div class="product"><a href="https://www.amazon.com/dp/B0C99W1Z9Q?tag=eloabder-20&linkCode=osi&th=1&psc=1"><img src="https://m.media-amazon.com/images/I/41ds5gec49L._SL500_.jpg" alt="Product Image"></a><p>Magic Bullet Mini Juicer with Cup Black</p><p> -17% 0FF </p><p>$49.99</p><a href="https://www.amazon.com/dp/B0C99W1Z9Q?tag=eloabder-20&linkCode=osi&th=1&psc=1">View Product</a></div><div class="product"><a href="https://www.amazon.com/dp/B0CBS6HVSY?tag=eloabder-20&linkCode=osi&th=1&psc=1"><img src="https://m.media-amazon.com/images/I/41lmBoVvM1L._SL500_.jpg" alt="Product Image"></a><p>Cold Press Juicer, Amumu Slow Masticating Machines with 5.4" Extra Large Feed Chute Fit Whole Fruits & Vegetables Easy Clean Self Feeding Effortless for Batch Juicing, High Juice Yield, BPA Free 250W</p><p> -84% 0FF </p><p>$139.99</p><a href="https://www.amazon.com/dp/B0CBS6HVSY?tag=eloabder-20&linkCode=osi&th=1&psc=1">View Product</a></div><div class="product"><a href="https://www.amazon.com/dp/B0B4F9NSN5?tag=eloabder-20&linkCode=osi&th=1&psc=1"><img src="https://m.media-amazon.com/images/I/41HdCERLiNL._SL500_.jpg" alt="Product Image"></a><p>Elite Gourmet Masticating Juicer Machines, 12-inch Juicer, Masticating Cold Press Juicer Machines, Juicer for Vegetables and Fruits, Easy to Clean Juicer, Charcoal Grey</p><p> -31% 0FF </p><p>$34.49</p><a href="https://www.amazon.com/dp/B0B4F9NSN5?tag=eloabder-20&linkCode=osi&th=1&psc=1">View Product</a></div><div class="product"><a href="https://www.amazon.com/dp/B0DCG5Y8QN?tag=eloabder-20&linkCode=osi&th=1&psc=1"><img src="https://m.media-amazon.com/images/I/41+givs3UpL._SL500_.jpg" alt="Product Image"></a><p>AMZCHEF Cold Press Juicer, Juicer Machines - 5.2" Large Feed Chute for Whole Fruits & Vegetables, Stainless Steel Slow Masticating Juicer Easy to Clean, Large Auger, Double Strainers, Silver</p><p> -30% 0FF </p><p>$139.99</p><a href="https://www.amazon.com/dp/B0DCG5Y8QN?tag=eloabder-20&linkCode=osi&th=1&psc=1">View Product</a></div><div class="product"><a href="https://www.amazon.com/dp/B0DKHPRPC3?tag=eloabder-20&linkCode=osi&th=1&psc=1"><img src="https://m.media-amazon.com/images/I/41lpEOGVh0L._SL500_.jpg" alt="Product Image"></a><p>Cold Press Juicer, Masticating Juicer with 5.4" Wide Feed Chute, 350w Slow Juicer Machines Fit Whole Vegetables and Fruits,Juice Extractor Machine with High Juice Yield, Easy to Clean(Black)</p><p> -30% 0FF </p><p>$139.99</p><a href="https://www.amazon.com/dp/B0DKHPRPC3?tag=eloabder-20&linkCode=osi&th=1&psc=1">View Product</a></div>
<div class="product"><a href="https://www.amazon.com/dp/B006SODTTQ?tag=eloabder-20&linkCode=osi&th=1&psc=1"><img src="https://m.media-amazon.com/images/I/31namjfhGVL._SL500_.jpg" alt="Product Image"></a><p>nutribullet Baby BSR-0801N Turbo Food Steamer</p><p> -19% 0FF </p><p>$32.54</p><a href="https://www.amazon.com/dp/B006SODTTQ?tag=eloabder-20&linkCode=osi&th=1&psc=1">View Product</a></div><div class="product"><a href="https://www.amazon.com/dp/B0831SCHG8?tag=eloabder-20&linkCode=osi&th=1&psc=1"><img src="https://m.media-amazon.com/images/I/413VC6sZL1L._SL500_.jpg" alt="Product Image"></a><p>OVENTE 2 Tier Electric Food Steamer for Cooking Vegetables, Stainless Steel Base, Stackable and Dishwasher Safe Baskets, 400W with Auto Shutoff and 60-Minute Timer, 5 Quart Capacity, Silver FS62S</p><p> -24% 0FF </p><p>$24.99</p><a href="https://www.amazon.com/dp/B0831SCHG8?tag=eloabder-20&linkCode=osi&th=1&psc=1">View Product</a></div><div class="product"><a href="https://www.amazon.com/dp/B07H789X8M?tag=eloabder-20&linkCode=osi&th=1&psc=1"><img src="https://m.media-amazon.com/images/I/41HqkL3gJcL._SL500_.jpg" alt="Product Image"></a><p>Secura 2 Stainless Steel Food Steamer 8.5 Qt Electric Glass Lid Vegetable Steamer Double Tiered Stackable Baskets with Timer</p><p> -20% 0FF </p><p>$109.99</p><a href="https://www.amazon.com/dp/B07H789X8M?tag=eloabder-20&linkCode=osi&th=1&psc=1">View Product</a></div>
<div class="product"><a href="https://www.amazon.com/dp/B07L85NN3T?tag=eloabder-20&linkCode=osi&th=1&psc=1"><img src="https://m.media-amazon.com/images/I/31iMBZdBNVL._SL500_.jpg" alt="Product Image"></a><p>IMUSA USA GAU-18202 4 Cup Espresso/Cappuccino Maker,120 volts, Black</p><p> -25% 0FF </p><p>$29.99</p><a href="https://www.amazon.com/dp/B07L85NN3T?tag=eloabder-20&linkCode=osi&th=1&psc=1">View Product</a></div><div class="product"><a href="https://www.amazon.com/dp/B0D5QY4PY9?tag=eloabder-20&linkCode=osi&th=1&psc=1"><img src="https://m.media-amazon.com/images/I/41nFnfr1ZEL._SL500_.jpg" alt="Product Image"></a><p>CHULUX Kom-Pro Espresso Machine 20 Bar, Semi Automatic Stainless Steel Coffee Machine for Home Latte Cappuccino Espresso Maker, Powerful Milk Frother Steam Wand</p><p> -21% 0FF </p><p>$98.99</p><a href="https://www.amazon.com/dp/B0D5QY4PY9?tag=eloabder-20&linkCode=osi&th=1&psc=1">View Product</a></div><div class="product"><a href="https://www.amazon.com/dp/B0C3F2S53N?tag=eloabder-20&linkCode=osi&th=1&psc=1"><img src="https://m.media-amazon.com/images/I/415fcoCOhfL._SL500_.jpg" alt="Product Image"></a><p>Nespresso Vertuo Pop+ Deluxe Coffee and Espresso Machine by De'Longhi, 120 Volts, Silver</p><p> -27% 0FF </p><p>$109.00</p><a href="https://www.amazon.com/dp/B0C3F2S53N?tag=eloabder-20&linkCode=osi&th=1&psc=1">View Product</a></div><div class="product"><a href="https://www.amazon.com/dp/B0CPJ2XTXF?tag=eloabder-20&linkCode=osi&th=1&psc=1"><img src="https://m.media-amazon.com/images/I/41jHRzdDKAL._SL500_.jpg" alt="Product Image"></a><p>CHULUX Kompatto Espresso Machine 20 Bar with Milk Frother, Stainless Steel Automatic Espresso Coffee Machine for Home Latte & Cappuccino Maker, 40oz Removable Water Tank, 1350W</p><p> -25% 0FF </p><p>$89.99</p><a href="https://www.amazon.com/dp/B0CPJ2XTXF?tag=eloabder-20&linkCode=osi&th=1&psc=1">View Product</a></div><div class="product"><a href="https://www.amazon.com/dp/B0CZ6HQKZD?tag=eloabder-20&linkCode=osi&th=1&psc=1"><img src="https://m.media-amazon.com/images/I/51RRtyCyZlL._SL500_.jpg" alt="Product Image"></a><p>Ihomekee Espresso machine, CM6822 15 Bar Coffee Maker for Cappuccino and Latte Maker With Milk Frother, Removable Water Tank, Fast Heating Coffee Machine for Home, Office</p><p> -11% 0FF </p><p>$79.99</p><a href="https://www.amazon.com/dp/B0CZ6HQKZD?tag=eloabder-20&linkCode=osi&th=1&psc=1">View Product</a></div>
<div class="product"><a href="https://www.amazon.com/dp/B00C8C5I8M?tag=eloabder-20&linkCode=osi&th=1&psc=1"><img src="https://m.media-amazon.com/images/I/21w0+TOUozL._SL500_.jpg" alt="Product Image"></a><p>Elite Gourmet EDB-302BF Countertop Double Cast Iron Burner, 1500 Watts Electric Hot Plate, Temperature Controls, Power Indicator Lights, Easy to Clean, Black</p><p> -24% 0FF </p><p>$27.99</p><a href="https://www.amazon.com/dp/B00C8C5I8M?tag=eloabder-20&linkCode=osi&th=1&psc=1">View Product</a></div><div class="product"><a href="https://www.amazon.com/dp/B08V43S4MJ?tag=eloabder-20&linkCode=osi&th=1&psc=1"><img src="https://m.media-amazon.com/images/I/31fI1bV+ApL._SL500_.jpg" alt="Product Image"></a><p>OVENTE Countertop Infrared Single Burner, 1000W Electric Hot Plate with 7” Ceramic Glass Cooktop, 5 Level Temperature Setting & Easy to Clean Base, Compact Stove for Home Dorm Office, Black BGI101B</p><p> -29% 0FF </p><p>$24.99</p><a href="https://www.amazon.com/dp/B08V43S4MJ?tag=eloabder-20&linkCode=osi&th=1&psc=1">View Product</a></div><div class="product"><a href="https://www.amazon.com/dp/B07D71TD67?tag=eloabder-20&linkCode=osi&th=1&psc=1"><img src="https://m.media-amazon.com/images/I/317DTFZe0AL._SL500_.jpg" alt="Product Image"></a><p>CUSIMAX Electric Hot Plate for Cooking Portable Single Burner 1500W Cast Iron hot plates Heat-up in Seconds Adjustable Temperature Control Stainless Steel Non-Slip Rubber Feet Upgraded Version B101</p><p> -30% 0FF </p><p>$41.96</p><a href="https://www.amazon.com/dp/B07D71TD67?tag=eloabder-20&linkCode=osi&th=1&psc=1">View Product</a></div><div class="product"><a href="https://www.amazon.com/dp/B08QMP7VD3?tag=eloabder-20&linkCode=osi&th=1&psc=1"><img src="https://m.media-amazon.com/images/I/41OrKZIVmpL._SL500_.jpg" alt="Product Image"></a><p>Mueller RapidTherm Portable Induction Cooktop, Hot Plate Electric Stove Top Burner 1800W, 8 Temp Levels up to 460°F, Auto-Off & Pot Detection, LED Display, Child Lock, 4 Programs, Burners for Cooking</p><p> -10% 0FF </p><p>$53.97</p><a href="https://www.amazon.com/dp/B08QMP7VD3?tag=eloabder-20&linkCode=osi&th=1&psc=1">View Product</a></div><div class="product"><a href="https://www.amazon.com/dp/B0007QCRNU?tag=eloabder-20&linkCode=osi&th=1&psc=1"><img src="https://m.media-amazon.com/images/I/31-Ehn2oohL._SL500_.jpg" alt="Product Image"></a><p>Aroma Housewares AHP-303 Single Burner Hot Plate, Metal, Black</p><p> -9% 0FF </p><p>$18.21</p><a href="https://www.amazon.com/dp/B0007QCRNU?tag=eloabder-20&linkCode=osi&th=1&psc=1">View Product</a></div><div class="product"><a href="https://www.amazon.com/dp/B08WR5VF24?tag=eloabder-20&linkCode=osi&th=1&psc=1"><img src="https://m.media-amazon.com/images/I/41z751CI4eL._SL500_.jpg" alt="Product Image"></a><p>OVENTE Electric Countertop Single Burner, 1000W Cooktop with 7.25 Inch Cast Iron Hot Plate, 5 Level Temperature Control, Compact Cooking Stove and Easy to Clean Stainless Steel Base, Silver BGS101S</p><p> -7% 0FF </p><p>$24.99</p><a href="https://www.amazon.com/dp/B08WR5VF24?tag=eloabder-20&linkCode=osi&th=1&psc=1">View Product</a></div>
<div class="product"><a href="https://www.amazon.com/dp/B01GD1JSZM?tag=eloabder-20&linkCode=osi&th=1&psc=1"><img src="https://m.media-amazon.com/images/I/31SlYF1eXnL._SL500_.jpg" alt="Product Image"></a><p>Presto 16-Inch Electric Skillet, Grey Ceramic</p><p> -26% 0FF </p><p>$48.90</p><a href="https://www.amazon.com/dp/B01GD1JSZM?tag=eloabder-20&linkCode=osi&th=1&psc=1">View Product</a></div><div class="product"><a href="https://www.amazon.com/dp/B00FJ3NSCK?tag=eloabder-20&linkCode=osi&th=1&psc=1"><img src="https://m.media-amazon.com/images/I/31+AWuZl9ML._SL500_.jpg" alt="Product Image"></a><p>BELLA Electric Skillet and Frying Pan with Glass Lid, Nonstick Coating, Cool Touch Handles, Removable Heating Probe, Dishwasher Safe, 12 x 12 inch, Black</p><p> -23% 0FF </p><p>$26.99</p><a href="https://www.amazon.com/dp/B00FJ3NSCK?tag=eloabder-20&linkCode=osi&th=1&psc=1">View Product</a></div><div class="product"><a href="https://www.amazon.com/dp/B004PEIY9G?tag=eloabder-20&linkCode=osi&th=1&psc=1"><img src="https://m.media-amazon.com/images/I/31oFk81gjbL._SL500_.jpg" alt="Product Image"></a><p>BLACK+DECKER Electric Skillet, Variable Temperature Control, Nonstick Cooking Surface, Dishwasher Safe, Tempered Glass Lid, 12"x15"</p><p> -7% 0FF </p><p>$46.39</p><a href="https://www.amazon.com/dp/B004PEIY9G?tag=eloabder-20&linkCode=osi&th=1&psc=1">View Product</a></div>
<div class="product"><a href="https://www.amazon.com/dp/B07K1FCZLF?tag=eloabder-20&linkCode=osi&th=1&psc=1"><img src="https://m.media-amazon.com/images/I/41A489usqJL._SL500_.jpg" alt="Product Image"></a><p>OVENTE Electric Griddle with 16 x 10 Inch Flat Non-Stick Cooking Surface, Adjustable Thermostat, Essential Indoor Grill for Instant Breakfast Pancakes Burgers Eggs, Black GD1610B</p><p> -6% 0FF </p><p>$21.02</p><a href="https://www.amazon.com/dp/B07K1FCZLF?tag=eloabder-20&linkCode=osi&th=1&psc=1">View Product</a></div><div class="product"><a href="https://www.amazon.com/dp/B01G7DM7X6?tag=eloabder-20&linkCode=osi&th=1&psc=1"><img src="https://m.media-amazon.com/images/I/31MeKzHffDL._SL500_.jpg" alt="Product Image"></a><p>Presto 07062-22-Inch Ceramic Removable Handles Electric Griddle, 22 Inch, Black</p><p> -13% 0FF </p><p>$51.99</p><a href="https://www.amazon.com/dp/B01G7DM7X6?tag=eloabder-20&linkCode=osi&th=1&psc=1">View Product</a></div><div class="product"><a href="https://www.amazon.com/dp/B0765XJ31G?tag=eloabder-20&linkCode=osi&th=1&psc=1"><img src="https://m.media-amazon.com/images/I/31QCHjFop2L._SL500_.jpg" alt="Product Image"></a><p>BLACK+DECKER 8-Serving Electric Griddle, GD2051B, Non-Stick Cooking Surface, Warming Tray, Removable Drip Tray, Family Sized</p><p> -26% 0FF </p><p>$40.72 ($40.72 / Count)</p><a href="https://www.amazon.com/dp/B0765XJ31G?tag=eloabder-20&linkCode=osi&th=1&psc=1">View Product</a></div><div class="product"><a href="https://www.amazon.com/dp/B0BH9DK283?tag=eloabder-20&linkCode=osi&th=1&psc=1"><img src="https://m.media-amazon.com/images/I/41PvXG2lP0L._SL500_.jpg" alt="Product Image"></a><p>BELLA Electric Griddle & Flat Grill with Nonstick Large Cooking Surface and Removable Probe for Eggs, Tortillas, Pancake and more, 10.5" x 20", Black</p><p> -34% 0FF </p><p>$19.78</p><a href="https://www.amazon.com/dp/B0BH9DK283?tag=eloabder-20&linkCode=osi&th=1&psc=1">View Product</a></div><div class="product"><a href="https://www.amazon.com/dp/B0051XSIO6?tag=eloabder-20&linkCode=osi&th=1&psc=1"><img src="https://m.media-amazon.com/images/I/41xVHW6OqdL._SL500_.jpg" alt="Product Image"></a><p>Presto 07047 Cool Touch Electric Griddle</p><p> -18% 0FF </p><p>$36.73</p><a href="https://www.amazon.com/dp/B0051XSIO6?tag=eloabder-20&linkCode=osi&th=1&psc=1">View Product</a></div>
<div class="product"><a href="https://www.amazon.com/dp/B01FLR0ET8?tag=eloabder-20&linkCode=osi&th=1&psc=1"><img src="https://m.media-amazon.com/images/I/41Vqjrj43GL._SL500_.jpg" alt="Product Image"></a><p>Duxtop Portable Induction Cooktop Burner, Induction Hot Plate with LCD Sensor Touch 1800 Watts, Silver 9600LS/BT-200DZ</p><p> -28% 0FF </p><p>$109.29</p><a href="https://www.amazon.com/dp/B01FLR0ET8?tag=eloabder-20&linkCode=osi&th=1&psc=1">View Product</a></div><div class="product"><a href="https://www.amazon.com/dp/B0C7HL4GHP?tag=eloabder-20&linkCode=osi&th=1&psc=1"><img src="https://m.media-amazon.com/images/I/41-D+rnAOVL._SL500_.jpg" alt="Product Image"></a><p>Nuwave Precision Induction Cooktop Gold, 12” Shatter-Proof Ceramic Glass Surface, Large 8” Heating Coil, Portable, 51Temp Settings 100°F to 575°F, 3 Wattage Settings 600, 900, and 1500 Watts</p><p> -10% 0FF </p><p>$89.99</p><a href="https://www.amazon.com/dp/B0C7HL4GHP?tag=eloabder-20&linkCode=osi&th=1&psc=1">View Product</a></div><div class="product"><a href="https://www.amazon.com/dp/B0045QEPYM?tag=eloabder-20&linkCode=osi&th=1&psc=1"><img src="https://m.media-amazon.com/images/I/41cdyP4hsFL._SL500_.jpg" alt="Product Image"></a><p>Duxtop 1800W Portable Induction Cooktop Countertop Burner, Gold 8100MC/BT-180G3</p><p> -15% 0FF </p><p>$62.99</p><a href="https://www.amazon.com/dp/B0045QEPYM?tag=eloabder-20&linkCode=osi&th=1&psc=1">View Product</a></div><div class="product"><a href="https://www.amazon.com/dp/B0BSG6JTC1?tag=eloabder-20&linkCode=osi&th=1&psc=1"><img src="https://m.media-amazon.com/images/I/41DhHtBXtUL._SL500_.jpg" alt="Product Image"></a><p>Nuwave Double Induction Cooktop, Powerful 1800W, 2 Large 8” Heating Coils, Independent Controls, 94 Temp Settings from 100°F to 575°F in 5°F Increments, 2 x 11.5” Shatter-Proof Ceramic Glass Surface</p><p> -13% 0FF </p><p>$200.31</p><a href="https://www.amazon.com/dp/B0BSG6JTC1?tag=eloabder-20&linkCode=osi&th=1&psc=1">View Product</a></div><div class="product"><a href="https://www.amazon.com/dp/B0B4J6PXPN?tag=eloabder-20&linkCode=osi&th=1&psc=1"><img src="https://m.media-amazon.com/images/I/41kump2F4aL._SL500_.jpg" alt="Product Image"></a><p>ChangBERT Induction Cooktop, Commercial Grade Portable Cooker, Large 8” Heating Coil, 18/10 Stainless Steel Countertop Burner with NSF Certified, 10 Hours Timer, Powerful 1800W Professional Hot Plate</p><p> -23% 0FF </p><p>$119.99</p><a href="https://www.amazon.com/dp/B0B4J6PXPN?tag=eloabder-20&linkCode=osi&th=1&psc=1">View Product</a></div>
<div class="product"><a href="https://www.amazon.com/dp/B09Q88QQHL?tag=eloabder-20&linkCode=osi&th=1&psc=1"><img src="https://m.media-amazon.com/images/I/41cDQKq5xXL._SL500_.jpg" alt="Product Image"></a><p>Gevi One-Touch Button Electric Coffee Grinder Coffee Bean Grinder for Coffee Espresso Latte Mochas, Noiseless Operation Coffee Serving Sets</p><p> -22% 0FF </p><p>$12.99 ($12.99 / 1)</p><a href="https://www.amazon.com/dp/B09Q88QQHL?tag=eloabder-20&linkCode=osi&th=1&psc=1">View Product</a></div><div class="product"><a href="https://www.amazon.com/dp/B079PMWD1B?tag=eloabder-20&linkCode=osi&th=1&psc=1"><img src="https://m.media-amazon.com/images/I/41bLrL-p8jL._SL500_.jpg" alt="Product Image"></a><p>Secura Electric Coffee Grinder and Spice Grinder with 2 Stainless Steel Blades Removable Bowls</p><p> -27% 0FF </p><p>$39.99</p><a href="https://www.amazon.com/dp/B079PMWD1B?tag=eloabder-20&linkCode=osi&th=1&psc=1">View Product</a></div><div class="product"><a href="https://www.amazon.com/dp/B07LG33LV3?tag=eloabder-20&linkCode=osi&th=1&psc=1"><img src="https://m.media-amazon.com/images/I/415qB6lyWgL._SL500_.jpg" alt="Product Image"></a><p>SHARDOR Coffee Grinder Electric, Spice Grinder Electric, Herb Grinder, Grinder for Coffee Bean Spices and Seeds with 2 Removable Stainless Steel Bowls, Black</p><p> -15% 0FF </p><p>$39.99</p><a href="https://www.amazon.com/dp/B07LG33LV3?tag=eloabder-20&linkCode=osi&th=1&psc=1">View Product</a></div><div class="product"><a href="https://www.amazon.com/dp/B00LU2I46E?tag=eloabder-20&linkCode=osi&th=1&psc=1"><img src="https://m.media-amazon.com/images/I/51eoYTzS22L._SL500_.jpg" alt="Product Image"></a><p>BLACK+DECKER 12-Cup Mill and Brew Coffe Maker, CM5000B, 24-Hour Programble, Built-in Grinder, Sneak-A-Cup, Permanent Washable Fitler</p><p> -20% 0FF </p><p>$79.99</p><a href="https://www.amazon.com/dp/B00LU2I46E?tag=eloabder-20&linkCode=osi&th=1&psc=1">View Product</a></div>
<div class="product"><a href="https://www.amazon.com/dp/B07GK7XKJK?tag=eloabder-20&linkCode=osi&th=1&psc=1"><img src="https://m.media-amazon.com/images/I/41MydiUACIL._SL500_.jpg" alt="Product Image"></a><p>KitchenAid KSMMGA Metal Food Grinder Attachment, Silver</p><p> -25% 0FF </p><p>$74.95</p><a href="https://www.amazon.com/dp/B07GK7XKJK?tag=eloabder-20&linkCode=osi&th=1&psc=1">View Product</a></div><div class="product"><a href="https://www.amazon.com/dp/B0CFXXGRLX?tag=eloabder-20&linkCode=osi&th=1&psc=1"><img src="https://m.media-amazon.com/images/I/41C1H8gjr9L._SL500_.jpg" alt="Product Image"></a><p>Electric Meat Grinder, Sausage Stuffer Maker 450W(3000W Max) Food Grinder with Blade & 3 Plates, Sausage Stuffer Tubes & Kubbe Kit, Stainless Steel Heavy Duty Meat Mincer Machine for Home Kitchen Use</p><p> -14% 0FF </p><p>$69.99</p><a href="https://www.amazon.com/dp/B0CFXXGRLX?tag=eloabder-20&linkCode=osi&th=1&psc=1">View Product</a></div><div class="product"><a href="https://www.amazon.com/dp/B0DCVND85W?tag=eloabder-20&linkCode=osi&th=1&psc=1"><img src="https://m.media-amazon.com/images/I/41P1HRElb0L._SL500_.jpg" alt="Product Image"></a><p>AAOBOSI Meat Grinder, 4-In-1 Meat Grinder Electric [2800W Max] with 3 Slice, Shred Blades,2 Blades,4 Plates,Sausage Stuffer,Kubbe Kit, for Home Kitchen Use, Stainless Steel</p><p> -9% 0FF </p><p>$99.99</p><a href="https://www.amazon.com/dp/B0DCVND85W?tag=eloabder-20&linkCode=osi&th=1&psc=1">View Product</a></div><div class="product"><a href="https://www.amazon.com/dp/B08GHFBX7P?tag=eloabder-20&linkCode=osi&th=1&psc=1"><img src="https://m.media-amazon.com/images/I/41go97GVl0L._SL500_.jpg" alt="Product Image"></a><p>Electric Meat Grinder, Heavy Duty Meat Mincer, Sausage Stuffer Maker, Food Grinder with Sausage & Kubbe Kit, 2 Grinder Plates, Stainless Steel (Black)</p><p> -22% 0FF </p><p>$69.99</p><a href="https://www.amazon.com/dp/B08GHFBX7P?tag=eloabder-20&linkCode=osi&th=1&psc=1">View Product</a></div>
<div class="product"><a href="https://www.amazon.com/dp/B0BXXKFJK2?tag=eloabder-20&linkCode=osi&th=1&psc=1"><img src="https://m.media-amazon.com/images/I/41WmZf5IgvL._SL500_.jpg" alt="Product Image"></a><p>Silonn Ice Maker Countertop, Portable Ice Machine with Carry Handle, Self-Cleaning Ice Makers with Basket and Scoop, 9 Cubes in 6 Mins, 26 lbs per Day, Ideal for Home, Kitchen, Camping, RV</p><p> -6% 0FF </p><p>$103.02</p><a href="https://www.amazon.com/dp/B0BXXKFJK2?tag=eloabder-20&linkCode=osi&th=1&psc=1">View Product</a></div><div class="product"><a href="https://www.amazon.com/dp/B0DBHN7WSN?tag=eloabder-20&linkCode=osi&th=1&psc=1"><img src="https://m.media-amazon.com/images/I/411SrTdFoYL._SL500_.jpg" alt="Product Image"></a><p>Nugget Ice Makers Countertop with Soft Chewable Pellet Ice, 7 Mins Ice Making, 35.5Lbs/24Hrs, Pebble Ice Maker Machine with Self-Cleaning/Ice Basket/Ice Scoop for Home/Office/Bar, Black</p><p> -12% 0FF </p><p>$149.00</p><a href="https://www.amazon.com/dp/B0DBHN7WSN?tag=eloabder-20&linkCode=osi&th=1&psc=1">View Product</a></div><div class="product"><a href="https://www.amazon.com/dp/B08ZYJ8CRX?tag=eloabder-20&linkCode=osi&th=1&psc=1"><img src="https://m.media-amazon.com/images/I/41oHlJFaHrL._SL500_.jpg" alt="Product Image"></a><p>Silonn Ice Maker Countertop, 9 Cubes Ready in 6 Mins, 26lbs in 24Hrs, Self-Cleaning Ice Machine with Ice Scoop and Basket, 2 Sizes of Bullet Ice for Home Kitchen Office Bar Party</p><p> -23% 0FF </p><p>$84.98</p><a href="https://www.amazon.com/dp/B08ZYJ8CRX?tag=eloabder-20&linkCode=osi&th=1&psc=1">View Product</a></div><div class="product"><a href="https://www.amazon.com/dp/B0964BF4N7?tag=eloabder-20&linkCode=osi&th=1&psc=1"><img src="https://m.media-amazon.com/images/I/41P6Pg4IlDL._SL500_.jpg" alt="Product Image"></a><p>GE Profile Opal 2.0 with 0.75 Gallon Tank, Chewable Crunchable Countertop Nugget Ice Maker, Scoop included, 38 lbs in 24 hours, Pellet Ice Machine with WiFi & Smart Connected, Stainless Steel</p><p> -19% 0FF </p><p>$487.00</p><a href="https://www.amazon.com/dp/B0964BF4N7?tag=eloabder-20&linkCode=osi&th=1&psc=1">View Product</a></div><div class="product"><a href="https://www.amazon.com/dp/B004VV8GOQ?tag=eloabder-20&linkCode=osi&th=1&psc=1"><img src="https://m.media-amazon.com/images/I/417MZhHcvfL._SL500_.jpg" alt="Product Image"></a><p>Frigidaire EFIC103-AMZ-SC Counter Top Maker with Over-Sized Ice Bucket, Stainless Steel, Self Cleaning Function, Heavy Duty, Stainless</p><p> -31% 0FF </p><p>$89.96</p><a href="https://www.amazon.com/dp/B004VV8GOQ?tag=eloabder-20&linkCode=osi&th=1&psc=1">View Product</a></div><div class="product"><a href="https://www.amazon.com/dp/B0CNVL19YJ?tag=eloabder-20&linkCode=osi&th=1&psc=1"><img src="https://m.media-amazon.com/images/I/415SM2A141L._SL500_.jpg" alt="Product Image"></a><p>AGLUCKY Ice Makers Countertop with Handle,26.5Lbs/24H,9 Cubes in 6 Mins,2 Sizes of Bullet Ice,Portable Ice Maker Machine with Self-Cleaning,Perfect for Home Kitchen(Black)</p><p> -11% 0FF </p><p>$79.99</p><a href="https://www.amazon.com/dp/B0CNVL19YJ?tag=eloabder-20&linkCode=osi&th=1&psc=1">View Product</a></div><div class="product"><a href="https://www.amazon.com/dp/B0BPSW1K11?tag=eloabder-20&linkCode=osi&th=1&psc=1"><img src="https://m.media-amazon.com/images/I/41+T7GsSO2L._SL500_.jpg" alt="Product Image"></a><p>Countertop Ice Maker, Ice Maker Machine 6 Mins 9 Ice, 26.5lbs/24Hrs, Portable Ice Maker Machine with Self-Cleaning, Ice Scoop, and Basket, Compact Ice Maker for Home/Kitchen/Office/Party</p><p> -10% 0FF </p><p>$89.99</p><a href="https://www.amazon.com/dp/B0BPSW1K11?tag=eloabder-20&linkCode=osi&th=1&psc=1">View Product</a></div>
<div class="product"><a href="https://www.amazon.com/dp/B08K93NJP8?tag=eloabder-20&linkCode=osi&th=1&psc=1"><img src="https://m.media-amazon.com/images/I/41RhvK8Yd4L._SL500_.jpg" alt="Product Image"></a><p>ROVSUN 18 Bottle Wine Fridge, Freestanding Compressor Wine Cooler Refrigerator, Beverage Wine Chiller with Digital Temperature Control & Double-layer Glass Door for Red White Wine, Champagne, Beer</p><p> -11% 0FF </p><p>$169.99</p><a href="https://www.amazon.com/dp/B08K93NJP8?tag=eloabder-20&linkCode=osi&th=1&psc=1">View Product</a></div><div class="product"><a href="https://www.amazon.com/dp/B00QSJRSM0?tag=eloabder-20&linkCode=osi&th=1&psc=1"><img src="https://m.media-amazon.com/images/I/31Ugidkf02L._SL500_.jpg" alt="Product Image"></a><p>Koolatron 6 Bottle Refrigerator Black Thermoelectric Wine cooler Freestanding Wine Cellar Red White and Sparkling Wine fridge Ideal for Small Kitchens Apartments RVs</p><p> -35% 0FF </p><p>$129.99</p><a href="https://www.amazon.com/dp/B00QSJRSM0?tag=eloabder-20&linkCode=osi&th=1&psc=1">View Product</a></div><div class="product"><a href="https://www.amazon.com/dp/B00QSJRR4Y?tag=eloabder-20&linkCode=osi&th=1&psc=1"><img src="https://m.media-amazon.com/images/I/41UPTwoGc7L._SL500_.jpg" alt="Product Image"></a><p>Koolatron 20 Bottle Refrigerator Wine Cooler Black Thermoelectric Wine Fridge Under Counter Wine Cellar for Red White Sparkling Wine Storage in Home Bar Apartment</p><p> -33% 0FF </p><p>$199.99</p><a href="https://www.amazon.com/dp/B00QSJRR4Y?tag=eloabder-20&linkCode=osi&th=1&psc=1">View Product</a></div><div class="product"><a href="https://www.amazon.com/dp/B0CQYFQKFX?tag=eloabder-20&linkCode=osi&th=1&psc=1"><img src="https://m.media-amazon.com/images/I/41ckgpC+TLL._SL500_.jpg" alt="Product Image"></a><p>Kalamera Mini Fridge 24” Beverage and Wine Cooler Built-in or Freestanding - 118 Cans & 16 Bottles Capacity Wine Refrigerator Cooler</p><p> -20% 0FF </p><p>$479.98</p><a href="https://www.amazon.com/dp/B0CQYFQKFX?tag=eloabder-20&linkCode=osi&th=1&psc=1">View Product</a></div>
<div class="product"><a href="https://www.amazon.com/dp/B0CHW317SG?tag=eloabder-20&linkCode=osi&th=1&psc=1"><img src="https://m.media-amazon.com/images/I/41KZKC5wMwL._SL500_.jpg" alt="Product Image"></a><p>EUHOMY 48 Can Beverage Refrigerator cooler-Mini Fridge Glass Door for Beer Drinks Wines, Countertop Beverage Fridge with Adjustable Shelves Blue LED for Home/Office/Dorm/Bar, 1.3 cu.ft</p><p> -20% 0FF </p><p>$116.09</p><a href="https://www.amazon.com/dp/B0CHW317SG?tag=eloabder-20&linkCode=osi&th=1&psc=1">View Product</a></div><div class="product"><a href="https://www.amazon.com/dp/B0DGLF3KJY?tag=eloabder-20&linkCode=osi&th=1&psc=1"><img src="https://m.media-amazon.com/images/I/51GSGBxBzSL._SL500_.jpg" alt="Product Image"></a><p>Zibbizo Upgraded Mini Fridge for Bedroom 3.2 Cu.Ft Small Refrigerator with Freezer for Dorm Office, Compact Single Door Adjustable Thermostat Low Noise, 17.5" D x 17.7" W x 31.5" H, Black</p><p> -10% 0FF </p><p>$134.99</p><a href="https://www.amazon.com/dp/B0DGLF3KJY?tag=eloabder-20&linkCode=osi&th=1&psc=1">View Product</a></div><div class="product"><a href="https://www.amazon.com/dp/B08NQ5CPPG?tag=eloabder-20&linkCode=osi&th=1&psc=1"><img src="https://m.media-amazon.com/images/I/31t78TW8XCL._SL500_.jpg" alt="Product Image"></a><p>Frigidaire EFMIS175 Retro 9-Can Mini Personal Fridge Portable Cooler for Car, Office, Bedroom, Dorm Room, or Cabin, 11.8"D x 7.1"W x 10.1"H, Pink</p><p> -17% 0FF </p><p>$33.13</p><a href="https://www.amazon.com/dp/B08NQ5CPPG?tag=eloabder-20&linkCode=osi&th=1&psc=1">View Product</a></div><div class="product"><a href="https://www.amazon.com/dp/B09DTM1NZW?tag=eloabder-20&linkCode=osi&th=1&psc=1"><img src="https://m.media-amazon.com/images/I/311losY-FFL._SL500_.jpg" alt="Product Image"></a><p>FRIGIDAIRE Black EFR176- AMZ Retro Mini Refrigerator-Energy Saving-Adjustable Thermostat Control-Side Mounted Bottle Opener-Ideal for Dorm, Office, RV, Garage, Apartment 1.6 Cubic Feet</p><p> -12% 0FF </p><p>$123.14</p><a href="https://www.amazon.com/dp/B09DTM1NZW?tag=eloabder-20&linkCode=osi&th=1&psc=1">View Product</a></div>
<div class="product"><a href="https://www.amazon.com/dp/B000EW7LGA?tag=eloabder-20&linkCode=osi&th=1&psc=1"><img src="https://m.media-amazon.com/images/I/31RD0Qf0CyL._SL500_.jpg" alt="Product Image"></a><p>InSinkErator Badger 5XP Garbage Disposal, Standard Series 3/4 HP Continuous Feed Food Waste Disposer, Black / Stainless</p><p> -56% 0FF </p><p>$119.99</p><a href="https://www.amazon.com/dp/B000EW7LGA?tag=eloabder-20&linkCode=osi&th=1&psc=1">View Product</a></div><div class="product"><a href="https://www.amazon.com/dp/B000LNIK6C?tag=eloabder-20&linkCode=osi&th=1&psc=1"><img src="https://m.media-amazon.com/images/I/41r60mVDVjL._SL500_.jpg" alt="Product Image"></a><p>Waste King 1/2 HP Garbage Disposal with Power Cord for Kitchen Sink Food Waste, L-1001</p><p> -11% 0FF </p><p>$78.03</p><a href="https://www.amazon.com/dp/B000LNIK6C?tag=eloabder-20&linkCode=osi&th=1&psc=1">View Product</a></div><div class="product"><a href="https://www.amazon.com/dp/B00004U9JO?tag=eloabder-20&linkCode=osi&th=1&psc=1"><img src="https://m.media-amazon.com/images/I/31rMP7d81sL._SL500_.jpg" alt="Product Image"></a><p>InSinkErator Badger 5 Garbage Disposal, Standard Series 1/2 HP Continuous Feed Food Waste Disposer, Black, Set of 1</p><p> -41% 0FF </p><p>$115.96</p><a href="https://www.amazon.com/dp/B00004U9JO?tag=eloabder-20&linkCode=osi&th=1&psc=1">View Product</a></div><div class="product"><a href="https://www.amazon.com/dp/B0CDMH8PVY?tag=eloabder-20&linkCode=osi&th=1&psc=1"><img src="https://m.media-amazon.com/images/I/31LFQmfgZHL._SL500_.jpg" alt="Product Image"></a><p>InSinkErator EVOLUTION 0.75HP 3/4 HP, Advanced Series EZ Connect Continuous Feed Food Waste Garbage Disposal, Gray</p><p> -41% 0FF </p><p>$235.42</p><a href="https://www.amazon.com/dp/B0CDMH8PVY?tag=eloabder-20&linkCode=osi&th=1&psc=1">View Product</a></div><div class="product"><a href="https://www.amazon.com/dp/B0CDMH72DY?tag=eloabder-20&linkCode=osi&th=1&psc=1"><img src="https://m.media-amazon.com/images/I/311HrVUr9jL._SL500_.jpg" alt="Product Image"></a><p>InSinkErator Power 1HP, 1 HP Garbage Disposal, Power Series EZ Connect Continuous Feed Food Waste Disposer, Black</p><p> -44% 0FF </p><p>$199.36</p><a href="https://www.amazon.com/dp/B0CDMH72DY?tag=eloabder-20&linkCode=osi&th=1&psc=1">View Product</a></div>
<div class="product"><a href="https://www.amazon.com/dp/B07RSZSYNC?tag=eloabder-20&linkCode=osi&th=1&psc=1"><img src="https://m.media-amazon.com/images/I/41R-l5eAIuL._SL500_.jpg" alt="Product Image"></a><p>LEVOIT Core 300-P Air Purifier Replacement Filter, 3-In-1 Filter, Efficiency Activated Carbon, Core 300-RF, 1 Pack, White</p><p> -20% 0FF </p><p>$23.99</p><a href="https://www.amazon.com/dp/B07RSZSYNC?tag=eloabder-20&linkCode=osi&th=1&psc=1">View Product</a></div>
<div class="product"><a href="https://www.amazon.com/dp/B07T2TYPSB?tag=eloabder-20&linkCode=osi&th=1&psc=1"><img src="https://m.media-amazon.com/images/I/41ZBBLMHatL._SL500_.jpg" alt="Product Image"></a><p>Schneider Industries Micro Vacuum Attachment 7 Piece Kit</p><p> -37% 0FF </p><p>$8.87</p><a href="https://www.amazon.com/dp/B07T2TYPSB?tag=eloabder-20&linkCode=osi&th=1&psc=1">View Product</a></div><div class="product"><a href="https://www.amazon.com/dp/B000BSJCLY?tag=eloabder-20&linkCode=osi&th=1&psc=1"><img src="https://m.media-amazon.com/images/I/41AoF04bprL._SL500_.jpg" alt="Product Image"></a><p>Schneider Industries Micro Vacuum Attachment 7 Piece Kit, 0.5 Liters, Black</p><p> -27% 0FF </p><p>$9.95</p><a href="https://www.amazon.com/dp/B000BSJCLY?tag=eloabder-20&linkCode=osi&th=1&psc=1">View Product</a></div><div class="product"><a href="https://www.amazon.com/dp/B0CRN52G7Z?tag=eloabder-20&linkCode=osi&th=1&psc=1"><img src="https://m.media-amazon.com/images/I/41DuITrcwkL._SL500_.jpg" alt="Product Image"></a><p>KUIFORTI Ironing Board Covers Standard Size Cute Sewing Machine Pattern Ironing Board Covers with Padding Novelty Gifts for Tailor Seamstress Iron Board Cover Replacement</p><p> -19% 0FF </p><p>$12.99</p><a href="https://www.amazon.com/dp/B0CRN52G7Z?tag=eloabder-20&linkCode=osi&th=1&psc=1">View Product</a></div><div class="product"><a href="https://www.amazon.com/dp/B09LM5F3TM?tag=eloabder-20&linkCode=osi&th=1&psc=1"><img src="https://m.media-amazon.com/images/I/31V8xl2YzoL._SL500_.jpg" alt="Product Image"></a><p>JUKI A9838-090-0A0 JUKI Professional Sewing Machine Zipper Press</p><p> -5% 0FF </p><p>$9.48</p><a href="https://www.amazon.com/dp/B09LM5F3TM?tag=eloabder-20&linkCode=osi&th=1&psc=1">View Product</a></div>
<div class="product"><a href="https://www.amazon.com/dp/B0932K1LR7?tag=eloabder-20&linkCode=osi&th=1&psc=1"><img src="https://m.media-amazon.com/images/I/21feg31K-AS._SL500_.jpg" alt="Product Image"></a><p>LG Styler Steam Closet | Clothes Steamer for Garments and Household Item Care | Sanitize, Deodorize, Freshen & Dry with Steam Technology & Moving Hangers| Easy Install | Wi-Fi enabled| Mirror (S3MFBN)</p><p> -12% 0FF </p><p>$1,495.00</p><a href="https://www.amazon.com/dp/B0932K1LR7?tag=eloabder-20&linkCode=osi&th=1&psc=1">View Product</a></div><div class="product"><a href="https://www.amazon.com/dp/B0CDN1RB64?tag=eloabder-20&linkCode=osi&th=1&psc=1"><img src="https://m.media-amazon.com/images/I/31piNYNA75L._SL500_.jpg" alt="Product Image"></a><p>LG Styler Steam Closet with TrueSteam Technology and Exclusive Moving Hangers (S5WBC), Cream White</p><p> -32% 0FF </p><p>$1,298.00</p><a href="https://www.amazon.com/dp/B0CDN1RB64?tag=eloabder-20&linkCode=osi&th=1&psc=1">View Product</a></div><div class="product"><a href="https://www.amazon.com/dp/B0C55F8L9V?tag=eloabder-20&linkCode=osi&th=1&psc=1"><img src="https://m.media-amazon.com/images/I/31WVZxkPdLL._SL500_.jpg" alt="Product Image"></a><p>Garment Steamer Ironing Gloves and Garment hanger for steaming clothes,Steam rack for clothes,Handheld garment steamer rack,Clothes hanger for steam ironing</p><p> -10% 0FF </p><p>$26.99</p><a href="https://www.amazon.com/dp/B0C55F8L9V?tag=eloabder-20&linkCode=osi&th=1&psc=1">View Product</a></div>

<div class="product"><a href="https://www.amazon.com/dp/B0C2CJWJKJ?tag=eloabder-20&linkCode=osi&th=1&psc=1"><img src="https://m.media-amazon.com/images/I/51RVoLJhhmL._SL500_.jpg" alt="Product Image"></a><p>Metal Pasta Maker Attachment for KitchenAid Mixers -Kitchen aid Mixer Accessories Pasta Attachment 3-in-1 Includes Pasta Roller, Spaghetti Cutter, and Fettuccine Cutter</p><p> -11% 0FF </p><p>$79.99</p><a href="https://www.amazon.com/dp/B0C2CJWJKJ?tag=eloabder-20&linkCode=osi&th=1&psc=1">View Product</a></div><div class="product"><a href="https://www.amazon.com/dp/B01ENK4UV2?tag=eloabder-20&linkCode=osi&th=1&psc=1"><img src="https://m.media-amazon.com/images/I/314A-DNnPtL._SL500_.jpg" alt="Product Image"></a><p>KitchenAid KSMPEXTA Gourmet Pasta Press Attachment with 6 Interchangeable Pasta Plates, White</p><p> -23% 0FF </p><p>$169.99</p><a href="https://www.amazon.com/dp/B01ENK4UV2?tag=eloabder-20&linkCode=osi&th=1&psc=1">View Product</a></div><div class="product"><a href="https://www.amazon.com/dp/B0D41P1V2X?tag=eloabder-20&linkCode=osi&th=1&psc=1"><img src="https://m.media-amazon.com/images/I/41HVCvDVCtL._SL500_.jpg" alt="Product Image"></a><p>FavorKit Pasta Maker Attachment 3 in 1 Set Compatible for KitchenAid Mixers Plus Hub Knob Screw Accessory Included Pasta Sheet Roller, Spaghetti Cutter, Fettuccine Cutter and Cleaning Brush</p><p> -45% 0FF </p><p>$59.99</p><a href="https://www.amazon.com/dp/B0D41P1V2X?tag=eloabder-20&linkCode=osi&th=1&psc=1">View Product</a></div><div class="product"><a href="https://www.amazon.com/dp/B08LX43YVF?tag=eloabder-20&linkCode=osi&th=1&psc=1"><img src="https://m.media-amazon.com/images/I/311wopN+2tL._SL500_.jpg" alt="Product Image"></a><p>Cuisinart Bread, Pasta & Dough Maker Machine, White, PM-1</p><p> -28% 0FF </p><p>$143.99</p><a href="https://www.amazon.com/dp/B08LX43YVF?tag=eloabder-20&linkCode=osi&th=1&psc=1">View Product</a></div><div class="product"><a href="https://www.amazon.com/dp/B0DJMC1XJ8?tag=eloabder-20&linkCode=osi&th=1&psc=1"><img src="https://m.media-amazon.com/images/I/31xmE4brazL._SL500_.jpg" alt="Product Image"></a><p>Pasta Maker Attachment for KitchenAid Stand Mixers with 6 Different Shapes of Pasta Outlet, Durable Pasta Press Attachments</p><p> -44% 0FF </p><p>$49.99</p><a href="https://www.amazon.com/dp/B0DJMC1XJ8?tag=eloabder-20&linkCode=osi&th=1&psc=1">View Product</a></div>
<div class="product"><a href="https://www.amazon.com/dp/B0BQ9F56WV?tag=eloabder-20&linkCode=osi&th=1&psc=1"><img src="https://m.media-amazon.com/images/I/41B6Pr8rUVL._SL500_.jpg" alt="Product Image"></a><p>Anova Culinary Sous Vide Precision Cooker 3.0 (WiFi), 1100 Watts</p><p> -40% 0FF </p><p>$119.00</p><a href="https://www.amazon.com/dp/B0BQ9F56WV?tag=eloabder-20&linkCode=osi&th=1&psc=1">View Product</a></div><div class="product"><a href="https://www.amazon.com/dp/B09BJ5VGM4?tag=eloabder-20&linkCode=osi&th=1&psc=1"><img src="https://m.media-amazon.com/images/I/31lWAHFnoYL._SL500_.jpg" alt="Product Image"></a><p>Sous Vide Machines, Immersion Circulators, Precision Cooker, with Recipe,Temperature and Time Digital Display Control, 1000W</p><p> -17% 0FF </p><p>$49.77</p><a href="https://www.amazon.com/dp/B09BJ5VGM4?tag=eloabder-20&linkCode=osi&th=1&psc=1">View Product</a></div><div class="product"><a href="https://www.amazon.com/dp/B07RNWJZNR?tag=eloabder-20&linkCode=osi&th=1&psc=1"><img src="https://m.media-amazon.com/images/I/51RpzG8PCdL._SL500_.jpg" alt="Product Image"></a><p>Inkbird WIFI Sous Vide Machine ISV-100W, 1000 Watts Sous-Vide Cooker Immersion Circulator with 14 Preset Recipes on APP & Calibration Function, Thermal Immersion, Fast-Heating with Timer |Best Gift</p><p> -21% 0FF </p><p>$69.49</p><a href="https://www.amazon.com/dp/B07RNWJZNR?tag=eloabder-20&linkCode=osi&th=1&psc=1">View Product</a></div><div class="product"><a href="https://www.amazon.com/dp/B07QFC6LN6?tag=eloabder-20&linkCode=osi&th=1&psc=1"><img src="https://m.media-amazon.com/images/I/41XFRVF7U4L._SL500_.jpg" alt="Product Image"></a><p>Anova Culinary Sous Vide Precision Cooker Pro, 1200 Watts, Black and Silver</p><p> -42% 0FF </p><p>$231.50</p><a href="https://www.amazon.com/dp/B07QFC6LN6?tag=eloabder-20&linkCode=osi&th=1&psc=1">View Product</a></div><div class="product"><a href="https://www.amazon.com/dp/B0C384T4P2?tag=eloabder-20&linkCode=osi&th=1&psc=1"><img src="https://m.media-amazon.com/images/I/217eMQhOaUL._SL500_.jpg" alt="Product Image"></a><p>Breville the Joule Turbo Sous Vide Machine, Sous Vide Cooker, Immersion Circulator, BSV600PSS, Polished Stainless Steel</p><p> -20% 0FF </p><p>$199.99</p><a href="https://www.amazon.com/dp/B0C384T4P2?tag=eloabder-20&linkCode=osi&th=1&psc=1">View Product</a></div><div class="product"><a href="https://www.amazon.com/dp/B08S316BZ8?tag=eloabder-20&linkCode=osi&th=1&psc=1"><img src="https://m.media-amazon.com/images/I/419Nj871gPL._SL500_.jpg" alt="Product Image"></a><p>Greater Goods Kitchen Sous Vide Machine - Precision Cooker, Immersion Circulator, Brushless Motor, 1100 Watts (Onyx Black)</p><p> -23% 0FF </p><p>$99.99</p><a href="https://www.amazon.com/dp/B08S316BZ8?tag=eloabder-20&linkCode=osi&th=1&psc=1">View Product</a></div><div class="product"><a href="https://www.amazon.com/dp/B0BK12LRCM?tag=eloabder-20&linkCode=osi&th=1&psc=1"><img src="https://m.media-amazon.com/images/I/415kAnZQbQL._SL500_.jpg" alt="Product Image"></a><p>KitchenBoss WIFI Sous Vide Cooker: Ultra-Quiet Sous-vide Cooking Machine 1100 Watts Stainless Steel Immersion Circulator for Kitchen with TFT Preset Recipes, Black</p><p> -24% 0FF </p><p>$135.99</p><a href="https://www.amazon.com/dp/B0BK12LRCM?tag=eloabder-20&linkCode=osi&th=1&psc=1">View Product</a></div>
<div class="product"><a href="https://www.amazon.com/dp/B089DCC9JR?tag=eloabder-20&linkCode=osi&th=1&psc=1"><img src="https://m.media-amazon.com/images/I/413t3P7zaRL._SL500_.jpg" alt="Product Image"></a><p>Navaris Electric Plate Warmer - 10 Plate Blanket Heater Pockets for Warming Dinner Plates to 165 Degrees in 10 Minutes - Thin Folding Design - Black</p><p> -8% 0FF </p><p>$33.99</p><a href="https://www.amazon.com/dp/B089DCC9JR?tag=eloabder-20&linkCode=osi&th=1&psc=1">View Product</a></div>
<div class="product"><a href="https://www.amazon.com/dp/B0C1N9PFXT?tag=eloabder-20&linkCode=osi&th=1&psc=1"><img src="https://m.media-amazon.com/images/I/51iiV--e5wL._SL500_.jpg" alt="Product Image"></a><p>Christmas Stove Top Covers, Extra Large Stove Top Cover for Electric, Anti-Slip Waterproof Mat for Glass Stove Top Protector Heat Resistant Square Pad Multipurpose Foldable Cooktop Cover</p><p> -8% 0FF </p><p>$23.99</p><a href="https://www.amazon.com/dp/B0C1N9PFXT?tag=eloabder-20&linkCode=osi&th=1&psc=1">View Product</a></div>

<div class="product"><a href="https://www.amazon.com/dp/B0932ZV12J?tag=eloabder-20&linkCode=osi&th=1&psc=1"><img src="https://m.media-amazon.com/images/I/41qhisDRAIL._SL500_.jpg" alt="Product Image"></a><p>TP01 True HEPA Replacement Filter Compatible with Dyson Tower Purifier Pure Cool Link TP01, TP02, TP03, AM11, BP01 Models, Compare to Part 968126-03, 2 Pack</p><p> -15% 0FF </p><p>$27.95 ($13.98 / Count)</p><a href="https://www.amazon.com/dp/B0932ZV12J?tag=eloabder-20&linkCode=osi&th=1&psc=1">View Product</a></div><div class="product"><a href="https://www.amazon.com/dp/B0D6D5Q5L2?tag=eloabder-20&linkCode=osi&th=1&psc=1"><img src="https://m.media-amazon.com/images/I/21URyRtgElL._SL500_.jpg" alt="Product Image"></a><p>Lasko Filter Replacement 3 Pack for DST100 Pinnacle Tower Fan, Plant-Based Filters, Remove Hair, Dust, VOCs and Odors from Home, Black, 21”, CXF42</p><p> -9% 0FF </p><p>$13.57 ($4.52 / Count)</p><a href="https://www.amazon.com/dp/B0D6D5Q5L2?tag=eloabder-20&linkCode=osi&th=1&psc=1">View Product</a></div><div class="product"><a href="https://www.amazon.com/dp/B0C16KXRNH?tag=eloabder-20&linkCode=osi&th=1&psc=1"><img src="https://m.media-amazon.com/images/I/41WJFefZ4ZL._SL500_.jpg" alt="Product Image"></a><p>Amalfy 2 Pack of 360° Glass HEPA Filter Replacement Compatible with Dyson Pure Cool Link TP01/TP02 Purifying Tower Fan, Dyson Pure Cool Me BP01 Personal Purifying Fan</p><p> -7% 0FF </p><p>$26.88 ($13.44 / Count)</p><a href="https://www.amazon.com/dp/B0C16KXRNH?tag=eloabder-20&linkCode=osi&th=1&psc=1">View Product</a></div><div class="product"><a href="https://www.amazon.com/dp/B0BR59XXWM?tag=eloabder-20&linkCode=osi&th=1&psc=1"><img src="https://m.media-amazon.com/images/I/41tUzZA5emL._SL500_.jpg" alt="Product Image"></a><p>Netezza TP01 HEPA Filter for Dyson,Replacement Filter for Dyson Tower Purifier Pure Cool Link TP01, TP02, TP03, AM11, BP01 Tower Air Purifier, Compare to Part 968126-03,2 Pack</p><p> -20% 0FF </p><p>$21.99 ($11.00 / Count)</p><a href="https://www.amazon.com/dp/B0BR59XXWM?tag=eloabder-20&linkCode=osi&th=1&psc=1">View Product</a></div>
<div class="product"><a href="https://www.amazon.com/dp/B07NQ7SX96?tag=eloabder-20&linkCode=osi&th=1&psc=1"><img src="https://m.media-amazon.com/images/I/31Mp+dZaF4L._SL500_.jpg" alt="Product Image"></a><p>Lutron Pico Smart Remote for Caseta Smart Fan Speed Control, PJ2-3BRL-GIV-F01, Ivory</p><p> -25% 0FF </p><p>$25.45</p><a href="https://www.amazon.com/dp/B07NQ7SX96?tag=eloabder-20&linkCode=osi&th=1&psc=1">View Product</a></div>
<div class="product"><a href="https://www.amazon.com/dp/B08G1MTK16?tag=eloabder-20&linkCode=osi&th=1&psc=1"><img src="https://m.media-amazon.com/images/I/41SAcC6OyGL._SL500_.jpg" alt="Product Image"></a><p>Dotlite Bronze Ceiling Fan Pull Chain Set, Decorative Fan Pull Chain Pendant Extension, 12 Inches Lighting & Fan Beaded Ball Chain Extender with Connector (2 Pack)</p><p> -30% 0FF </p><p>$6.99 ($3.50 / Count)</p><a href="https://www.amazon.com/dp/B08G1MTK16?tag=eloabder-20&linkCode=osi&th=1&psc=1">View Product</a></div>
<div class="product"><a href="https://www.amazon.com/dp/B0924J3XJ5?tag=eloabder-20&linkCode=osi&th=1&psc=1"><img src="https://m.media-amazon.com/images/I/21TiicLaafL._SL500_.jpg" alt="Product Image"></a><p>Comfee' CVU30W2AST 30 Inch Ducted Ductless Vent Durable Stainless Steel Kitchen Reusable Filter, 200 CFM, 2 Speed Exhaust Fan Under Cabinet Range Hood</p><p> -22% 0FF </p><p>$69.99</p><a href="https://www.amazon.com/dp/B0924J3XJ5?tag=eloabder-20&linkCode=osi&th=1&psc=1">View Product</a></div><div class="product"><a href="https://www.amazon.com/dp/B00QW2CUGC?tag=eloabder-20&linkCode=osi&th=1&psc=1"><img src="https://m.media-amazon.com/images/I/51evCHlA3yL._SL500_.jpg" alt="Product Image"></a><p>Broan-NuTone S97012026 Fan</p><p> -32% 0FF </p><p>$33.99</p><a href="https://www.amazon.com/dp/B00QW2CUGC?tag=eloabder-20&linkCode=osi&th=1&psc=1">View Product</a></div><div class="product"><a href="https://www.amazon.com/dp/B09JZZJ2Y1?tag=eloabder-20&linkCode=osi&th=1&psc=1"><img src="https://m.media-amazon.com/images/I/41fdKM9nvxL._SL500_.jpg" alt="Product Image"></a><p>Broan-NuTone PM300SS Custom Power Pack Range Hood Insert with 2-Speed Exhaust Fan and Light, 300 Max Blower CFM, Stainless Steel, 21-Inch Built</p><p> -7% 0FF </p><p>$203.10</p><a href="https://www.amazon.com/dp/B09JZZJ2Y1?tag=eloabder-20&linkCode=osi&th=1&psc=1">View Product</a></div><div class="product"><a href="https://www.amazon.com/dp/B000KKO6E6?tag=eloabder-20&linkCode=osi&th=1&psc=1"><img src="https://m.media-amazon.com/images/I/31t4veALoUL._SL500_.jpg" alt="Product Image"></a><p>Broan-NuTone F403623 Exhaust Fan for Under Cabinet Two-Speed Four-Way Range Hood, 36-Inch, Black</p><p> -15% 0FF </p><p>$79.54</p><a href="https://www.amazon.com/dp/B000KKO6E6?tag=eloabder-20&linkCode=osi&th=1&psc=1">View Product</a></div>
<div class="product"><a href="https://www.amazon.com/dp/B07FDJMC9Q?tag=eloabder-20&linkCode=osi&th=1&psc=1"><img src="https://m.media-amazon.com/images/I/31MBSKiZOPL._SL500_.jpg" alt="Product Image"></a><p>Ninja Air Fryer, Roast, Bake, Air Fry, Roast, Broil, Reheats, & Dehydrates, 4-in-1, Fries, Frozen Food, Veggies, and Juicy Meat, Less Oil, Easy Meals, Healthy Meals, Compact, 4 QT, Grey, AF101</p><p> -11% 0FF </p><p>$79.99</p><a href="https://www.amazon.com/dp/B07FDJMC9Q?tag=eloabder-20&linkCode=osi&th=1&psc=1">View Product</a></div><div class="product"><a href="https://www.amazon.com/dp/B0B15Q3HCQ?tag=eloabder-20&linkCode=osi&th=1&psc=1"><img src="https://m.media-amazon.com/images/I/41iJ87aPT8L._SL500_.jpg" alt="Product Image"></a><p>Ninja Air Fryer, Thermometer, Roast, Bake, Air Fry, Crisps, Broil, Reheats, Keep Warm, 10-in-1, Fries, Frozen Food, Veggies, and Meat, Quick Meals, Healthy Meals, Less Oil, 10 QT, Grey, DZ550​</p><p> -18% 0FF </p><p>$204.78</p><a href="https://www.amazon.com/dp/B0B15Q3HCQ?tag=eloabder-20&linkCode=osi&th=1&psc=1">View Product</a></div><div class="product"><a href="https://www.amazon.com/dp/B0BDFRZX3F?tag=eloabder-20&linkCode=osi&th=1&psc=1"><img src="https://m.media-amazon.com/images/I/41pyLTPPKOL._SL500_.jpg" alt="Product Image"></a><p>COSORI 2.1Qt Air Fryer, Small 4-in-1 Air Fryer Perfect for Simple Meals and Snack, Easy to Leftover Food to Crispy, 97% Less Oil, 30 In-App Recipes, Nonstick & Dishwasher Safe Basket</p><p> -17% 0FF </p><p>$49.99</p><a href="https://www.amazon.com/dp/B0BDFRZX3F?tag=eloabder-20&linkCode=osi&th=1&psc=1">View Product</a></div><div class="product"><a href="https://www.amazon.com/dp/B0936FGLQS?tag=eloabder-20&linkCode=osi&th=1&psc=1"><img src="https://m.media-amazon.com/images/I/41TKOcGeZzL._SL500_.jpg" alt="Product Image"></a><p>COSORI Air Fryer 9-in-1, Compact 5-Qt, Perect for Meat Enthusiasts with 450°F Max Heat Function , 130+ In-App Recipes, Little to No Oil, Easy Clean Glass Touch Panel & Nonstick Basket, Gray</p><p> -20% 0FF </p><p>$79.94</p><a href="https://www.amazon.com/dp/B0936FGLQS?tag=eloabder-20&linkCode=osi&th=1&psc=1">View Product</a></div><div class="product"><a href="https://www.amazon.com/dp/B0CGRYRBL7?tag=eloabder-20&linkCode=osi&th=1&psc=1"><img src="https://m.media-amazon.com/images/I/41jspc2TDCL._SL500_.jpg" alt="Product Image"></a><p>West Bend Compact Air Fryer 5-Quart Capacity with Digital Controls and 10 Cooking Presets, Nonstick Frying Basket, 1500-Watts, Black</p><p> -21% 0FF </p><p>$47.29</p><a href="https://www.amazon.com/dp/B0CGRYRBL7?tag=eloabder-20&linkCode=osi&th=1&psc=1">View Product</a></div><div class="product"><a href="https://www.amazon.com/dp/B08DKYBTPH?tag=eloabder-20&linkCode=osi&th=1&psc=1"><img src="https://m.media-amazon.com/images/I/51PO1kLlN6L._SL500_.jpg" alt="Product Image"></a><p>Chefman TurboFry® Touch Air Fryer, XL 8-Qt Family Size, One-Touch Digital Control Presets, French Fries, Chicken, Meat, Fish, Nonstick Dishwasher-Safe Parts, Automatic Shutoff, Stainless Steel</p><p> -29% 0FF </p><p>$84.98</p><a href="https://www.amazon.com/dp/B08DKYBTPH?tag=eloabder-20&linkCode=osi&th=1&psc=1">View Product</a></div>
<div class="product"><a href="https://www.amazon.com/dp/B000EX16RY?tag=eloabder-20&linkCode=osi&th=1&psc=1"><img src="https://m.media-amazon.com/images/I/41LqsX6dEML._SL500_.jpg" alt="Product Image"></a><p>Euro Cuisine YM80 Electric Yogurt Maker Machine- Promote Gut Health with Probiotic Rich Homemade Yogurt -Home Yogurt Incubator with Glass Jars, White</p><p> -40% 0FF </p><p>$29.99</p><a href="https://www.amazon.com/dp/B000EX16RY?tag=eloabder-20&linkCode=osi&th=1&psc=1">View Product</a></div><div class="product"><a href="https://www.amazon.com/dp/B085XS69L5?tag=eloabder-20&linkCode=osi&th=1&psc=1"><img src="https://m.media-amazon.com/images/I/41JEca97hnL._SL500_.jpg" alt="Product Image"></a><p>Bear Yogurt Maker, Greek Yogurt Maker Machine with Strainer and Timer Control, Stainless Steel Inner Pot, Automatic Digital with 2 Glass Jars 1 Quart for Home Organic Yogurt, Cheese, Fruit Wine</p><p> -19% 0FF </p><p>$64.99</p><a href="https://www.amazon.com/dp/B085XS69L5?tag=eloabder-20&linkCode=osi&th=1&psc=1">View Product</a></div><div class="product"><a href="https://www.amazon.com/dp/B09MP8BK8P?tag=eloabder-20&linkCode=osi&th=1&psc=1"><img src="https://m.media-amazon.com/images/I/41ORh3ZvMrL._SL500_.jpg" alt="Product Image"></a><p>JoyMech Yogurt Maker, Compact Greek Yogurt Maker Machine with Constant Temperature Control, Stainless Steel Container, 1 Quart for Home Organic Yogurt</p><p> -25% 0FF </p><p>$29.99</p><a href="https://www.amazon.com/dp/B09MP8BK8P?tag=eloabder-20&linkCode=osi&th=1&psc=1">View Product</a></div>
<div class="product"><a href="https://www.amazon.com/dp/B0BXSKHL8D?tag=eloabder-20&linkCode=osi&th=1&psc=1"><img src="https://m.media-amazon.com/images/I/419rzQjVpiL._SL500_.jpg" alt="Product Image"></a><p>Mesliese Vacuum Sealer Machine Powerful 90Kpa Precision 6-in-1 Compact Food Preservation System with Cutter, 2 Bag Rolls & 5 Pre-cut Bags, Widened 12mm Sealing Strip, Dry&Moist Modes (Silver)</p><p> -42% 0FF </p><p>$69.99</p><a href="https://www.amazon.com/dp/B0BXSKHL8D?tag=eloabder-20&linkCode=osi&th=1&psc=1">View Product</a></div><div class="product"><a href="https://www.amazon.com/dp/B08BRN1B7Q?tag=eloabder-20&linkCode=osi&th=1&psc=1"><img src="https://m.media-amazon.com/images/I/41B5yUrv3IL._SL500_.jpg" alt="Product Image"></a><p>POTANE Precision Vacuum Sealer Machine, Powerful Pro Vacuum Food Sealer, 8-in-1 Easy Presets, 4 Food Modes, Dry&Moist&Soft&Delicate with Starter Kit, Compact Design(Silver)</p><p> -29% 0FF </p><p>$84.98</p><a href="https://www.amazon.com/dp/B08BRN1B7Q?tag=eloabder-20&linkCode=osi&th=1&psc=1">View Product</a></div><div class="product"><a href="https://www.amazon.com/dp/B0CW2G9W1T?tag=eloabder-20&linkCode=osi&th=1&psc=1"><img src="https://m.media-amazon.com/images/I/51IAX5BLMkL._SL500_.jpg" alt="Product Image"></a><p>Bonsenkitchen Vacuum Sealer Machine, Fast-Compact Food Sealer, Multi-Functional Food Vacuum Sealer with 5 Vacuum Bags & Accessory Hose, Globefish Technology for High-Speed Continuous Working, Silver</p><p> -40% 0FF </p><p>$29.99</p><a href="https://www.amazon.com/dp/B0CW2G9W1T?tag=eloabder-20&linkCode=osi&th=1&psc=1">View Product</a></div><div class="product"><a href="https://www.amazon.com/dp/B0D8BB83Y1?tag=eloabder-20&linkCode=osi&th=1&psc=1"><img src="https://m.media-amazon.com/images/I/41pEdOT1LVL._SL500_.jpg" alt="Product Image"></a><p>Mesliese Vacuum Sealer Machine, 85kPa 120W Automatic Food Sealer, Powerful Sealing System, Build-in Cutter | Bags Storage | Moist Mode and Air Suction Hose | 2 Bag Rolls and 5pcs Pre-cut Bags</p><p> -23% 0FF </p><p>$99.99</p><a href="https://www.amazon.com/dp/B0D8BB83Y1?tag=eloabder-20&linkCode=osi&th=1&psc=1">View Product</a></div><div class="product"><a href="https://www.amazon.com/dp/B07B4W5PMB?tag=eloabder-20&linkCode=osi&th=1&psc=1"><img src="https://m.media-amazon.com/images/I/41c7aLA6wtL._SL500_.jpg" alt="Product Image"></a><p>GERYON Vacuum Sealer, Vacuum Sealer Machine for Food Storage with Sealer Bags & Roll, Automatic Food Sealer for Sous Vide, Compact Design, LED Lights, Easy to Clean, Dry & Moist Modes (Silver)</p><p> -15% 0FF </p><p>$35.70</p><a href="https://www.amazon.com/dp/B07B4W5PMB?tag=eloabder-20&linkCode=osi&th=1&psc=1">View Product</a></div><div class="product"><a href="https://www.amazon.com/dp/B01KCK9W1K?tag=eloabder-20&linkCode=osi&th=1&psc=1"><img src="https://m.media-amazon.com/images/I/41imUh6Fx+L._SL500_.jpg" alt="Product Image"></a><p>Nesco Deluxe Food VS-12 Vacuum Sealer, 130 Watts, Kit Bags & Viewing Lid, Compact, Silver</p><p> -18% 0FF </p><p>$114.69 ($114.69 / count)</p><a href="https://www.amazon.com/dp/B01KCK9W1K?tag=eloabder-20&linkCode=osi&th=1&psc=1">View Product</a></div><div class="product"><a href="https://www.amazon.com/dp/B08XJW5LHG?tag=eloabder-20&linkCode=osi&th=1&psc=1"><img src="https://m.media-amazon.com/images/I/51XpZ5cHWqL._SL500_.jpg" alt="Product Image"></a><p>2023 Updated Vacuum Sealer Machine, MEGAWISE Food Sealer w/Starter Kit, Dry & Moist Food Modes, Compact Design with 10 Vacuum Bags & Bulit-in Cutter(Grey)</p><p> -24% 0FF </p><p>$25.10</p><a href="https://www.amazon.com/dp/B08XJW5LHG?tag=eloabder-20&linkCode=osi&th=1&psc=1">View Product</a></div><div class="product"><a href="https://www.amazon.com/dp/B0DF7F9QNG?tag=eloabder-20&linkCode=osi&th=1&psc=1"><img src="https://m.media-amazon.com/images/I/51W8Bchue6L._SL500_.jpg" alt="Product Image"></a><p>BEYUAM Vacuum Sealer Machine: Upgraded 5 in1 Food Vacuum Sealer with Dry&Moist Modes, LED Indicator Lights, Compact Design, Includes 15PCS Vacuum Seal Bags,1 Air Suction Hose, 1Cutter</p><p> -30% 0FF </p><p>$20.99</p><a href="https://www.amazon.com/dp/B0DF7F9QNG?tag=eloabder-20&linkCode=osi&th=1&psc=1">View Product</a></div>
<div class="product"><a href="https://www.amazon.com/dp/B01AKTFK6Y?tag=eloabder-20&linkCode=osi&th=1&psc=1"><img src="https://m.media-amazon.com/images/I/31ayy5SDEeL._SL500_.jpg" alt="Product Image"></a><p>Avalon Bottom Loading Water Cooler Water Dispenser with BioGuard- 3 Temperature Settings - Hot, Cold & Room Water, Durable Stainless Steel Construction, Anti-Microbial Coating- UL Listed</p><p> -11% 0FF </p><p>$177.05</p><a href="https://www.amazon.com/dp/B01AKTFK6Y?tag=eloabder-20&linkCode=osi&th=1&psc=1">View Product</a></div><div class="product"><a href="https://www.amazon.com/dp/B06XJ86F7L?tag=eloabder-20&linkCode=osi&th=1&psc=1"><img src="https://m.media-amazon.com/images/I/41ZROGKK8KL._SL500_.jpg" alt="Product Image"></a><p>Avalon Self Cleaning Bottleless Water Cooler Water Dispenser - 3 Temperature Settings - Hot, Cold & Room Water, Durable Stainless Steel Cabinet, NSF Certified Filter- UL Listed</p><p> -33% 0FF </p><p>$199.99</p><a href="https://www.amazon.com/dp/B06XJ86F7L?tag=eloabder-20&linkCode=osi&th=1&psc=1">View Product</a></div><div class="product"><a href="https://www.amazon.com/dp/B01J1W7S34?tag=eloabder-20&linkCode=osi&th=1&psc=1"><img src="https://m.media-amazon.com/images/I/31-F2Hf3T3L._SL500_.jpg" alt="Product Image"></a><p>Avalon Limited Edition Self Cleaning Water Cooler Water Dispenser - 3 Temperature Settings - Hot, Cold & Room Water, Durable Stainless Steel Construction, Bottom Loading - UL Listed</p><p> -50% 0FF </p><p>$150.00</p><a href="https://www.amazon.com/dp/B01J1W7S34?tag=eloabder-20&linkCode=osi&th=1&psc=1">View Product</a></div><div class="product"><a href="https://www.amazon.com/dp/B0DK1BRVFH?tag=eloabder-20&linkCode=osi&th=1&psc=1"><img src="https://m.media-amazon.com/images/I/213Scb+FXHL._SL500_.jpg" alt="Product Image"></a><p>Tehanld Top Loading Water Cooler Dispenser Hot Cold & Cool Water Dispenser for 3 or 5 Gallon Bottles, Child Safety Lock, Simple Quite Design, Ideal for Home, Office, Living Room</p><p> -6% 0FF </p><p>$119.99</p><a href="https://www.amazon.com/dp/B0DK1BRVFH?tag=eloabder-20&linkCode=osi&th=1&psc=1">View Product</a></div>
<div class="product"><a href="https://www.amazon.com/dp/B0786TJC33?tag=eloabder-20&linkCode=osi&th=1&psc=1"><img src="https://m.media-amazon.com/images/I/41frLdkbpPL._SL500_.jpg" alt="Product Image"></a><p>hOmeLabs Beverage Refrigerator and Cooler - 120 Can Mini Fridge with Glass Door for Soda Beer or Wine - Small Drink Dispenser Machine for Office or Bar with Adjustable Removable Shelves</p><p> -14% 0FF </p><p>$299.99</p><a href="https://www.amazon.com/dp/B0786TJC33?tag=eloabder-20&linkCode=osi&th=1&psc=1">View Product</a></div><div class="product"><a href="https://www.amazon.com/dp/B07F9PH82Z?tag=eloabder-20&linkCode=osi&th=1&psc=1"><img src="https://m.media-amazon.com/images/I/41DBsObCijL._SL500_.jpg" alt="Product Image"></a><p>Antarctic Star 26 Bottle 130 Can Wine Cooler/Cabinet Beverage Refrigerator Mini Wine Cellar Beer Soda Clear Glass Door Bar Fridge Quiet Compressor Adjust Temp Freestanding Indoor Use 3.2cu.ft Black</p><p> -7% 0FF </p><p>$249.98</p><a href="https://www.amazon.com/dp/B07F9PH82Z?tag=eloabder-20&linkCode=osi&th=1&psc=1">View Product</a></div><div class="product"><a href="https://www.amazon.com/dp/B0C1S3RB9Q?tag=eloabder-20&linkCode=osi&th=1&psc=1"><img src="https://m.media-amazon.com/images/I/519o+StfLML._SL500_.jpg" alt="Product Image"></a><p>Antarctic Star Beverage Refrigerator Cooler 68 Can, Mini Fridge with Glass Door for Beer Drinks Wine,Freestanding Small Fridge with Electronic Temperature Control for Home and Bar,1.7 cu.ft</p><p> -10% 0FF </p><p>$152.99</p><a href="https://www.amazon.com/dp/B0C1S3RB9Q?tag=eloabder-20&linkCode=osi&th=1&psc=1">View Product</a></div>
<div class="product"><a href="https://www.amazon.com/dp/B0864P1L3Y?tag=eloabder-20&linkCode=osi&th=1&psc=1"><img src="https://m.media-amazon.com/images/I/41YjtUvRvIL._SL500_.jpg" alt="Product Image"></a><p>Ivation 18 Bottle Compressor Wine Cooler Refrigerator w/Lock, Large Freestanding Wine Cellar For Red, White, Champagne or Sparkling Wine, 41f-64f Digital Temperature Control Fridge Glass Door Black</p><p> -32% 0FF </p><p>$224.99</p><a href="https://www.amazon.com/dp/B0864P1L3Y?tag=eloabder-20&linkCode=osi&th=1&psc=1">View Product</a></div><div class="product"><a href="https://www.amazon.com/dp/B0C2F2JY88?tag=eloabder-20&linkCode=osi&th=1&psc=1"><img src="https://m.media-amazon.com/images/I/41CVJtUWA9L._SL500_.jpg" alt="Product Image"></a><p>DUURA Elite DE430WCDZSS Wine Cooler Designer Series Dual-Zone, 46-Bottle, Metallic</p><p> -10% 0FF </p><p>$262.81</p><a href="https://www.amazon.com/dp/B0C2F2JY88?tag=eloabder-20&linkCode=osi&th=1&psc=1">View Product</a></div>
<div class="product"><a href="https://www.amazon.com/dp/B0C4NH7Q1Z?tag=eloabder-20&linkCode=osi&th=1&psc=1"><img src="https://m.media-amazon.com/images/I/41huzzh73qL._SL500_.jpg" alt="Product Image"></a><p>VEVOR Beer Kegerator, Single Tap Draft Beer Dispenser, Full Size Keg Refrigerator With Shelves, CO2 Cylinder, Drip Tray & Rail, 32°F- 50°F Temperature Control, Holds 1/6, 1/4, 1/2 Barrels, Black</p><p> -14% 0FF </p><p>$528.27</p><a href="https://www.amazon.com/dp/B0C4NH7Q1Z?tag=eloabder-20&linkCode=osi&th=1&psc=1">View Product</a></div><div class="product"><a href="https://www.amazon.com/dp/B0170O0D82?tag=eloabder-20&linkCode=osi&th=1&psc=1"><img src="https://m.media-amazon.com/images/I/31niLclMC1L._SL500_.jpg" alt="Product Image"></a><p>EdgeStar KC2000TWIN Full Size Dual Tap Kegerator & Draft Beer Dispenser - Black</p><p> -7% 0FF </p><p>$719.00</p><a href="https://www.amazon.com/dp/B0170O0D82?tag=eloabder-20&linkCode=osi&th=1&psc=1">View Product</a></div><div class="product"><a href="https://www.amazon.com/dp/B00E7N4CXM?tag=eloabder-20&linkCode=osi&th=1&psc=1"><img src="https://m.media-amazon.com/images/I/31tI6VySYqL._SL500_.jpg" alt="Product Image"></a><p>Kegco K309B-1 Kegerator Black, 2 Faucet</p><p> -9% 0FF </p><p>$828.14</p><a href="https://www.amazon.com/dp/B00E7N4CXM?tag=eloabder-20&linkCode=osi&th=1&psc=1">View Product</a></div><div class="product"><a href="https://www.amazon.com/dp/B00E93XXZ8?tag=eloabder-20&linkCode=osi&th=1&psc=1"><img src="https://m.media-amazon.com/images/I/31K6I3DKW6L._SL500_.jpg" alt="Product Image"></a><p>Kegco K309SS-1 Keg Dispenser, Stainless Steel</p><p> -5% 0FF </p><p>$845.33</p><a href="https://www.amazon.com/dp/B00E93XXZ8?tag=eloabder-20&linkCode=osi&th=1&psc=1">View Product</a></div>
<div class="product"><a href="https://www.amazon.com/dp/B0D78LGPXY?tag=eloabder-20&linkCode=osi&th=1&psc=1"><img src="https://m.media-amazon.com/images/I/41bekd23sDL._SL500_.jpg" alt="Product Image"></a><p>ikare Manual Trash Compactor for 60-100L Bins, Trash Compactor for Kitchen, Portable Small Trash Compactor, Waste Bin Compactor for Fast Food Restaurant</p><p> -34% 0FF </p><p>$38.99</p><a href="https://www.amazon.com/dp/B0D78LGPXY?tag=eloabder-20&linkCode=osi&th=1&psc=1">View Product</a></div><div class="product"><a href="https://www.amazon.com/dp/B075DJ4ZVQ?tag=eloabder-20&linkCode=osi&th=1&psc=1"><img src="https://m.media-amazon.com/images/I/51Vaek4I89L._SL500_.jpg" alt="Product Image"></a><p>Dano Pre-Cuffed Compactor Bags</p><p> -18% 0FF </p><p>$32.95 ($2.75 / Count)</p><a href="https://www.amazon.com/dp/B075DJ4ZVQ?tag=eloabder-20&linkCode=osi&th=1&psc=1">View Product</a></div>
<div class="product"><a href="https://www.amazon.com/dp/B07HJS45XQ?tag=eloabder-20&linkCode=osi&th=1&psc=1"><img src="https://m.media-amazon.com/images/I/31NTMREf9kL._SL500_.jpg" alt="Product Image"></a><p>iRobot Authentic Replacement Parts - 3 Count (Pack of 1) Dirt Disposal Bags Compatible with Roomba Clean Base Models i1+, i3+, i4+, i5+, i7+, i8+, Combo j8+, j9+</p><p> -15% 0FF </p><p>$14.43 ($4.81 / Count)</p><a href="https://www.amazon.com/dp/B07HJS45XQ?tag=eloabder-20&linkCode=osi&th=1&psc=1">View Product</a></div><div class="product"><a href="https://www.amazon.com/dp/B09CV3QGF2?tag=eloabder-20&linkCode=osi&th=1&psc=1"><img src="https://m.media-amazon.com/images/I/31VQqEzbeJL._SL500_.jpg" alt="Product Image"></a><p>iRobot Authentic Replacement Parts - Replenishment Kit for Roomba e, i, and j Series and Roomba Combo i5 and j5 Series, Not Compatible with Roomba Combo j7+ or Roomba Combo j9+</p><p> -51% 0FF </p><p>$31.57</p><a href="https://www.amazon.com/dp/B09CV3QGF2?tag=eloabder-20&linkCode=osi&th=1&psc=1">View Product</a></div><div class="product"><a href="https://www.amazon.com/dp/B07C4SGM54?tag=eloabder-20&linkCode=osi&th=1&psc=1"><img src="https://m.media-amazon.com/images/I/41ZWLocYKkL._SL500_.jpg" alt="Product Image"></a><p>iRobot 4502233 Robot Vacuum, Black</p><p> -6% 0FF </p><p>$84.50</p><a href="https://www.amazon.com/dp/B07C4SGM54?tag=eloabder-20&linkCode=osi&th=1&psc=1">View Product</a></div>
<div class="product"><a href="https://www.amazon.com/dp/B01NHEU1DJ?tag=eloabder-20&linkCode=osi&th=1&psc=1"><img src="https://m.media-amazon.com/images/I/21CK7T8v9HS._SL500_.jpg" alt="Product Image"></a><p>BLACK+DECKER HFS115J10 Lithium Floor Sweeper 50 Min Lithium Floor Sweeper, Powder White</p><p> -30% 0FF </p><p>$34.81</p><a href="https://www.amazon.com/dp/B01NHEU1DJ?tag=eloabder-20&linkCode=osi&th=1&psc=1">View Product</a></div>
<div class="product"><a href="https://www.amazon.com/dp/B088M3G7QH?tag=eloabder-20&linkCode=osi&th=1&psc=1"><img src="https://m.media-amazon.com/images/I/41qSwWLksEL._SL500_.jpg" alt="Product Image"></a><p>Yocada Carpet Sweeper Cleaner for Home Office Low Carpets Rugs Undercoat Carpets Pet Hair Dust Scraps Paper Small Rubbish Cleaning with a Brush Green</p><p> -13% 0FF </p><p>$25.99</p><a href="https://www.amazon.com/dp/B088M3G7QH?tag=eloabder-20&linkCode=osi&th=1&psc=1">View Product</a></div><div class="product"><a href="https://www.amazon.com/dp/B087M125SV?tag=eloabder-20&linkCode=osi&th=1&psc=1"><img src="https://m.media-amazon.com/images/I/31FnLu2oAAL._SL500_.jpg" alt="Product Image"></a><p>JEHONN Carpet Floor Sweeper with Horsehair, Non Electric Manual Sweeping, Rotor Brush Heavy Duty for Pet Hair Clean</p><p> -22% 0FF </p><p>$24.99</p><a href="https://www.amazon.com/dp/B087M125SV?tag=eloabder-20&linkCode=osi&th=1&psc=1">View Product</a></div><div class="product"><a href="https://www.amazon.com/dp/B07HGWZ7LG?tag=eloabder-20&linkCode=osi&th=1&psc=1"><img src="https://m.media-amazon.com/images/I/31-FhS9ID4L._SL500_.jpg" alt="Product Image"></a><p>Dttery 3 Post + 3 Foam & Felt Filters Kit Replacement for Shark Rocket Ultra-Light Vacuum HV292, HV300, HV300W, HV301, HV302, HV303, HV305, HV308, HV310, UV450 Part XFFV300</p><p> -25% 0FF </p><p>$11.97 ($3.99 / Count)</p><a href="https://www.amazon.com/dp/B07HGWZ7LG?tag=eloabder-20&linkCode=osi&th=1&psc=1">View Product</a></div>
<div class="product"><a href="https://www.amazon.com/dp/B004FJTMO2?tag=eloabder-20&linkCode=osi&th=1&psc=1"><img src="https://m.media-amazon.com/images/I/41Y9YbOYswL._SL500_.jpg" alt="Product Image"></a><p>Collections Etc Grandma Upright Vacuum Cleaner Cover</p><p> -9% 0FF </p><p>$29.98</p><a href="https://www.amazon.com/dp/B004FJTMO2?tag=eloabder-20&linkCode=osi&th=1&psc=1">View Product</a></div><div class="product"><a href="https://www.amazon.com/dp/B00Q40F0S2?tag=eloabder-20&linkCode=osi&th=1&psc=1"><img src="https://m.media-amazon.com/images/I/41T1H0EditL._SL500_.jpg" alt="Product Image"></a><p>Kenmore 53294 6 Pack Type O HEPA Vacuum Bags for Upright Vacuums</p><p> -7% 0FF </p><p>$16.70 ($2.78 / Count)</p><a href="https://www.amazon.com/dp/B00Q40F0S2?tag=eloabder-20&linkCode=osi&th=1&psc=1">View Product</a></div><div class="product"><a href="https://www.amazon.com/dp/B00002N8DH?tag=eloabder-20&linkCode=osi&th=1&psc=1"><img src="https://m.media-amazon.com/images/I/31z6U7Xz5OL._SL500_.jpg" alt="Product Image"></a><p>Hoover Type Y Allergen Bags, for WindTunnel Vacuum Cleaners, 3-Pack, 4010100Y, White</p><p> -20% 0FF </p><p>$7.98 ($2.66 / Count)</p><a href="https://www.amazon.com/dp/B00002N8DH?tag=eloabder-20&linkCode=osi&th=1&psc=1">View Product</a></div>
<div class="product"><a href="https://www.amazon.com/dp/B0CXJ2LJP6?tag=eloabder-20&linkCode=osi&th=1&psc=1"><img src="https://m.media-amazon.com/images/I/41zVdymV5NL._SL500_.jpg" alt="Product Image"></a><p>5055 Vacuum Bags Replacement Fit for Kenmore Canister Type C/Q 50555 50558 50557 and Type C-5 C-18,16 Pack</p><p> -11% 0FF </p><p>$13.29</p><a href="https://www.amazon.com/dp/B0CXJ2LJP6?tag=eloabder-20&linkCode=osi&th=1&psc=1">View Product</a></div><div class="product"><a href="https://www.amazon.com/dp/B002BFSK6I?tag=eloabder-20&linkCode=osi&th=1&psc=1"><img src="https://m.media-amazon.com/images/I/41Z3T53G+sL._SL500_.jpg" alt="Product Image"></a><p>Vacuum Bare Surface Canister Floor Brush, Compatible with Kenmore</p><p> -55% 0FF </p><p>$8.99</p><a href="https://www.amazon.com/dp/B002BFSK6I?tag=eloabder-20&linkCode=osi&th=1&psc=1">View Product</a></div><div class="product"><a href="https://www.amazon.com/dp/B00TNDC09E?tag=eloabder-20&linkCode=osi&th=1&psc=1"><img src="https://m.media-amazon.com/images/I/41lChTXA+XL._SL500_.jpg" alt="Product Image"></a><p>Other 50104 Kenmore Vacuum Bag, Type C and Q, 8-Pack Genuine Original Equipment Manufacturer (OEM) Part</p><p> -14% 0FF </p><p>$12.67 ($1.58 / Count)</p><a href="https://www.amazon.com/dp/B00TNDC09E?tag=eloabder-20&linkCode=osi&th=1&psc=1">View Product</a></div><div class="product"><a href="https://www.amazon.com/dp/B00QGD3SBI?tag=eloabder-20&linkCode=osi&th=1&psc=1"><img src="https://m.media-amazon.com/images/I/51xw0asyqTL._SL500_.jpg" alt="Product Image"></a><p>EnviroCare Replacement Vacuum Bags made to fit Kenmore Canister Type C or Q 50555, 50558, 50557 and Panasonic Type C-5 Vacuums, 9 pack</p><p> -11% 0FF </p><p>$9.79</p><a href="https://www.amazon.com/dp/B00QGD3SBI?tag=eloabder-20&linkCode=osi&th=1&psc=1">View Product</a></div><div class="product"><a href="https://www.amazon.com/dp/B09PC16J91?tag=eloabder-20&linkCode=osi&th=1&psc=1"><img src="https://m.media-amazon.com/images/I/41rz-xT6tIL._SL500_.jpg" alt="Product Image"></a><p>Compatible with Kenmore 53292 Type Q - C HEPA Canister Vacuum Bags,6-Pack (white)</p><p> -24% 0FF </p><p>$22.89 ($3.82 / Count)</p><a href="https://www.amazon.com/dp/B09PC16J91?tag=eloabder-20&linkCode=osi&th=1&psc=1">View Product</a></div><div class="product"><a href="https://www.amazon.com/dp/B0CWTR85TZ?tag=eloabder-20&linkCode=osi&th=1&psc=1"><img src="https://m.media-amazon.com/images/I/41lmqedxXSL._SL500_.jpg" alt="Product Image"></a><p>20 Pack Style MM Vacuum Bags Compatible with Eureka Style MM Eureka Mighty Mite 3670 and 3680 Series Canister Vacuums, Replaces Part # 60295, 60295A, 60295B 60295C, 60296 & 60297A</p><p> -5% 0FF </p><p>$18.98</p><a href="https://www.amazon.com/dp/B0CWTR85TZ?tag=eloabder-20&linkCode=osi&th=1&psc=1">View Product</a></div>

<div class="product"><a href="https://www.amazon.com/dp/B07H3MYZLD?tag=eloabder-20&linkCode=osi&th=1&psc=1"><img src="https://m.media-amazon.com/images/I/511p6MPxQ0L._SL500_.jpg" alt="Product Image"></a><p>Flammi Steam Pocket Mop Replacement Pads for Shark S3500 Series S3501 S3601 S3550 S3901 SE450 S3801CO S3601D S2901 S2902 Steam Pocket Mop, 4 Pack</p><p> -23% 0FF </p><p>$16.97 ($4.24 / Count)</p><a href="https://www.amazon.com/dp/B07H3MYZLD?tag=eloabder-20&linkCode=osi&th=1&psc=1">View Product</a></div><div class="product"><a href="https://www.amazon.com/dp/B08S7283SJ?tag=eloabder-20&linkCode=osi&th=1&psc=1"><img src="https://m.media-amazon.com/images/I/41TAxpXWPLL._SL500_.jpg" alt="Product Image"></a><p>Steam & Go - Demineralized Water for Steam Cleaner, PVC-Free Floor Cleaner Liquid Compatible With Any Steam Mop, Ready-to-Use Multisurface Cleaner, Scented Mop Solution, Eucalyptus Mint, 32 oz</p><p> -35% 0FF </p><p>$12.99</p><a href="https://www.amazon.com/dp/B08S7283SJ?tag=eloabder-20&linkCode=osi&th=1&psc=1">View Product</a></div><div class="product"><a href="https://www.amazon.com/dp/B07GT9VB9X?tag=eloabder-20&linkCode=osi&th=1&psc=1"><img src="https://m.media-amazon.com/images/I/41IokheYtNL._SL500_.jpg" alt="Product Image"></a><p>6 Pack 1940 Bissell Steam Mop Pads for Bissell PowerFresh Steam Mop 1806 1544 1440 2075A 2685A 1940W 19404 Series, Model 19402 19408 1940a 1940f 1940q 1940t B0006 B0017, Part #5938#203-2633</p><p> -14% 0FF </p><p>$17.99 ($3.00 / Count)</p><a href="https://www.amazon.com/dp/B07GT9VB9X?tag=eloabder-20&linkCode=osi&th=1&psc=1">View Product</a></div><div class="product"><a href="https://www.amazon.com/dp/B09NM5T11N?tag=eloabder-20&linkCode=osi&th=1&psc=1"><img src="https://m.media-amazon.com/images/I/51p54JxUpYL._SL500_.jpg" alt="Product Image"></a><p>AIR U+ 8 Pack Replacement Steam Mop Pads for Shark S7001 S8001 S8201 S7201 S7000AMZ S7000 S7005 S7020 S7001C Steam Mop, Steam & Scrub All-in-One Scrubbing and Sanitizing, Dirt Grip Scrub Washable Pad</p><p> -20% 0FF </p><p>$17.99</p><a href="https://www.amazon.com/dp/B09NM5T11N?tag=eloabder-20&linkCode=osi&th=1&psc=1">View Product</a></div><div class="product"><a href="https://www.amazon.com/dp/B0CBC1HQQN?tag=eloabder-20&linkCode=osi&th=1&psc=1"><img src="https://m.media-amazon.com/images/I/51eAx7S-+2L._SL500_.jpg" alt="Product Image"></a><p>Upgraded Scrub Steam Mop Pad for Shark Steam Pocket Mop S3501 S3601 S2901 S2902 S3550 S3801 S3901 SE450 S3601D S3901D, Steam Mop Replacement Pads for All Hard Floors, 3 Pack</p><p> -5% 0FF </p><p>$18.99</p><a href="https://www.amazon.com/dp/B0CBC1HQQN?tag=eloabder-20&linkCode=osi&th=1&psc=1">View Product</a></div>
<div class="product"><a href="https://www.amazon.com/dp/B0D2QFVY7H?tag=eloabder-20&linkCode=osi&th=1&psc=1"><img src="https://m.media-amazon.com/images/I/417B7H+vvML._SL500_.jpg" alt="Product Image"></a><p>Kenmore KS1010 Deep Clean & Revitalize Pet Carpet Cleaner Formula, 64 oz, White, 64 Fl Oz</p><p> -13% 0FF </p><p>$19.99 ($0.31 / Fl Oz)</p><a href="https://www.amazon.com/dp/B0D2QFVY7H?tag=eloabder-20&linkCode=osi&th=1&psc=1">View Product</a></div><div class="product"><a href="https://www.amazon.com/dp/B07TN5DGP9?tag=eloabder-20&linkCode=osi&th=1&psc=1"><img src="https://m.media-amazon.com/images/I/41ObG6UBMvL._SL500_.jpg" alt="Product Image"></a><p>Eyliden Carpet Sweeper, Mini Size Lightweight Hand Push Carpet Sweepers - No Noise, Non-Electric - Easy Manual Sweeping, Automatic Compact Broom Only for Carpet Cleaning</p><p> -21% 0FF </p><p>$25.99</p><a href="https://www.amazon.com/dp/B07TN5DGP9?tag=eloabder-20&linkCode=osi&th=1&psc=1">View Product</a></div><div class="product"><a href="https://www.amazon.com/dp/B07R27JLKQ?tag=eloabder-20&linkCode=osi&th=1&psc=1"><img src="https://m.media-amazon.com/images/I/41Puyen2y4L._SL500_.jpg" alt="Product Image"></a><p>Bissell Pet Multi-Surface Febreze Freshness for Crosswave and Spinwave (64 oz), 22951, 64 Ounce, 64 Fl Oz</p><p> -5% 0FF </p><p>$17.99 ($0.28 / Fl Oz)</p><a href="https://www.amazon.com/dp/B07R27JLKQ?tag=eloabder-20&linkCode=osi&th=1&psc=1">View Product</a></div><div class="product"><a href="https://www.amazon.com/dp/B0D2RGW219?tag=eloabder-20&linkCode=osi&th=1&psc=1"><img src="https://m.media-amazon.com/images/I/41gD+82tnAL._SL500_.jpg" alt="Product Image"></a><p>Vacmaster Clean & Restore Carpet Cleaner Formula – CCS03</p><p> -25% 0FF </p><p>$14.99 ($0.23 / Fl Oz)</p><a href="https://www.amazon.com/dp/B0D2RGW219?tag=eloabder-20&linkCode=osi&th=1&psc=1">View Product</a></div>



<div class="product"><a href="https://www.amazon.com/dp/B00162723O?tag=eloabder-20&linkCode=osi&th=1&psc=1"><img src="https://m.media-amazon.com/images/I/31K5PNJ3AbL._SL500_.jpg" alt="Product Image"></a><p>A/C Safe AC-160 Universal Heavy Duty Window Air Conditioner Support</p><p> -47% 0FF </p><p>$24.99</p><a href="https://www.amazon.com/dp/B00162723O?tag=eloabder-20&linkCode=osi&th=1&psc=1">View Product</a></div>
<div class="product"><a href="https://www.amazon.com/dp/B0D3TMW987?tag=eloabder-20&linkCode=osi&th=1&psc=1"><img src="https://m.media-amazon.com/images/I/417Mm6n1nqL._SL500_.jpg" alt="Product Image"></a><p>HOXHA Portable Air Conditioner Hose with Insulated Hose Cover Warp 5.9 Inch AC Exhaust Vent Duct Hose with Sleeve Fit 5 Inch to 5.9 Inch Universal AC Tube Hose Kit Parts Accessories</p><p> -29% 0FF </p><p>$16.99</p><a href="https://www.amazon.com/dp/B0D3TMW987?tag=eloabder-20&linkCode=osi&th=1&psc=1">View Product</a></div><div class="product"><a href="https://www.amazon.com/dp/B093WC1936?tag=eloabder-20&linkCode=osi&th=1&psc=1"><img src="https://m.media-amazon.com/images/I/41+7dH1N4oS._SL500_.jpg" alt="Product Image"></a><p>Portable Air conditioner Window Kit, Adjustable Vertical/Horizontal Sliding Window Kit Plate for AC Unit, AC Window Vent Kit, AC Window Seal Suitable for 5.9” AC Exhaust Hose</p><p> -22% 0FF </p><p>$24.99</p><a href="https://www.amazon.com/dp/B093WC1936?tag=eloabder-20&linkCode=osi&th=1&psc=1">View Product</a></div><div class="product"><a href="https://www.amazon.com/dp/B08B5Y83XZ?tag=eloabder-20&linkCode=osi&th=1&psc=1"><img src="https://m.media-amazon.com/images/I/4162pkNHTYL._SL500_.jpg" alt="Product Image"></a><p>TURBRO Portable Air Conditioner Universal Exhaust Hose - 5.9 Inch Diameter, 78 Inch Length, Clockwise Thread</p><p> -17% 0FF </p><p>$19.99</p><a href="https://www.amazon.com/dp/B08B5Y83XZ?tag=eloabder-20&linkCode=osi&th=1&psc=1">View Product</a></div>
<div class="product"><a href="https://www.amazon.com/dp/B0CS3HRFLB?tag=eloabder-20&linkCode=osi&th=1&psc=1"><img src="https://m.media-amazon.com/images/I/31-rGPG7x2L._SL500_.jpg" alt="Product Image"></a><p>Eastrexon Mini Split Ground Stand, Adjustable Anti-Vibration Mini Split Stand w/ 400LBS Load Capacity, Heavy Duty AC Stand for 9,000-18,000 BTU Ductless Mini Split Air Conditioner Heat Pump</p><p> -11% 0FF </p><p>$79.99</p><a href="https://www.amazon.com/dp/B0CS3HRFLB?tag=eloabder-20&linkCode=osi&th=1&psc=1">View Product</a></div>
<div class="product"><a href="https://www.amazon.com/dp/B0D3DRYGSY?tag=eloabder-20&linkCode=osi&th=1&psc=1"><img src="https://m.media-amazon.com/images/I/41X8-PVRBjL._SL500_.jpg" alt="Product Image"></a><p>Air Conditioning Motor WZDK20-38G (ZKFP-20-8-6) OEM DC Brushless Fan Motor, 20W Inverter Air Conditioner Brushless DC Motor for Central air Conditioner, CCW 1300rpm DC280V 0.10A</p><p> -11% 0FF </p><p>$40.99</p><a href="https://www.amazon.com/dp/B0D3DRYGSY?tag=eloabder-20&linkCode=osi&th=1&psc=1">View Product</a></div><div class="product"><a href="https://www.amazon.com/dp/B0BQQZC7J8?tag=eloabder-20&linkCode=osi&th=1&psc=1"><img src="https://m.media-amazon.com/images/I/31BhDXXE59L._SL500_.jpg" alt="Product Image"></a><p>AKB73598009 Replace AC Remote Control Compatible with LG Dual Inverter Smart Window Air Conditioner LW1222IVSM LW1817IVSM LW2217IVSM LW1822IVSM LW2422IVSM LW1517IVSM LW1019IVSM</p><p> -8% 0FF </p><p>$11.94</p><a href="https://www.amazon.com/dp/B0BQQZC7J8?tag=eloabder-20&linkCode=osi&th=1&psc=1">View Product</a></div><div class="product"><a href="https://www.amazon.com/dp/B0D3DTXSVY?tag=eloabder-20&linkCode=osi&th=1&psc=1"><img src="https://m.media-amazon.com/images/I/41WKhBV4qfL._SL500_.jpg" alt="Product Image"></a><p>New Air Conditioning Motor (OEM) WZDK30-38G (RD-310-30-8T) DC Brushless Fan Motor, 30W Inverter air Conditioner Motor DC Motor for Conditioner,DC310V 0.14A 1300RPM CCW</p><p> -12% 0FF </p><p>$52.95</p><a href="https://www.amazon.com/dp/B0D3DTXSVY?tag=eloabder-20&linkCode=osi&th=1&psc=1">View Product</a></div>
<div class="product"><a href="https://www.amazon.com/dp/B0CNK7MSLC?tag=eloabder-20&linkCode=osi&th=1&psc=1"><img src="https://m.media-amazon.com/images/I/41R2RQNaV2L._SL500_.jpg" alt="Product Image"></a><p>Travel Electric Kettle Portable Small Kettle,Mini Hotel Camping Hot Water Boiler for Tea Coffee,4 Warmable Temperature Control,304 Stainless Steel& Auto Shut-Off& Boil Dry Protection(White,380ml)</p><p> -17% 0FF </p><p>$24.99</p><a href="https://www.amazon.com/dp/B0CNK7MSLC?tag=eloabder-20&linkCode=osi&th=1&psc=1">View Product</a></div>
<div class="product"><a href="https://www.amazon.com/dp/B08LZWP29P?tag=eloabder-20&linkCode=osi&th=1&psc=1"><img src="https://m.media-amazon.com/images/I/41NLuzzFW9L._SL500_.jpg" alt="Product Image"></a><p>Chromex Tankless Water Heater Descaling Solution | Highly Effective Descaler Restores Heating Efficiency, Quart, 32 fl oz (1)</p><p> -7% 0FF </p><p>$24.99</p><a href="https://www.amazon.com/dp/B08LZWP29P?tag=eloabder-20&linkCode=osi&th=1&psc=1">View Product</a></div><div class="product"><a href="https://www.amazon.com/dp/B0CQDCW3PT?tag=eloabder-20&linkCode=osi&th=1&psc=1"><img src="https://m.media-amazon.com/images/I/51UjKRV2nXL._SL500_.jpg" alt="Product Image"></a><p>CMI Inc - 3/4 Inch Tankless Water Heater Installation Kit – With Isolation Valves, Pressure Relief Valves, Ball Valves, and Inline Flush Parts – Cold & Hot Water Plumbing Repair Kit – FNPT X FNPT</p><p> -11% 0FF </p><p>$80.80</p><a href="https://www.amazon.com/dp/B0CQDCW3PT?tag=eloabder-20&linkCode=osi&th=1&psc=1">View Product</a></div>

<div class="product"><a href="https://www.amazon.com/dp/B0BPN7G43T?tag=eloabder-20&linkCode=osi&th=1&psc=1"><img src="https://m.media-amazon.com/images/I/413kXvvbUhL._SL500_.jpg" alt="Product Image"></a><p>Elite Gourmet EC008 Classic Stovetop Coffee Percolator, Glass Clear Brew Progress Knob, Cool-Touch Handle, Cordless Serve, 8-Cup, Stainless Steel</p><p> -8% 0FF </p><p>$23.07</p><a href="https://www.amazon.com/dp/B0BPN7G43T?tag=eloabder-20&linkCode=osi&th=1&psc=1">View Product</a></div><div class="product"><a href="https://www.amazon.com/dp/B09MMN1CCP?tag=eloabder-20&linkCode=osi&th=1&psc=1"><img src="https://m.media-amazon.com/images/I/31UyuaVNkbL._SL500_.jpg" alt="Product Image"></a><p>Elite Gourmet EC812 Electric 12-Cup Coffee Percolator with Keep Warm, Clear Brew Progress Knob Cool-Touch Handle Cord-less Serve, Stainless Steel</p><p> -23% 0FF </p><p>$36.99</p><a href="https://www.amazon.com/dp/B09MMN1CCP?tag=eloabder-20&linkCode=osi&th=1&psc=1">View Product</a></div><div class="product"><a href="https://www.amazon.com/dp/B0009PUQSM?tag=eloabder-20&linkCode=osi&th=1&psc=1"><img src="https://m.media-amazon.com/images/I/41maPldn1NL._SL500_.jpg" alt="Product Image"></a><p>Coleman Stainless Steel Coffee Percolator 12 Cup</p><p> -38% 0FF </p><p>$33.87</p><a href="https://www.amazon.com/dp/B0009PUQSM?tag=eloabder-20&linkCode=osi&th=1&psc=1">View Product</a></div>
<div class="product"><a href="https://www.amazon.com/dp/B0BTN3VYW9?tag=eloabder-20&linkCode=osi&th=1&psc=1"><img src="https://m.media-amazon.com/images/I/41Li6k0UIrL._SL500_.jpg" alt="Product Image"></a><p>De'Longhi TrueBrew Drip Coffee Maker, Built in Grinder, Single Serve, 8 oz to 24 oz, Hot or Iced Coffee, Stainless, CAM51025MB</p><p> -29% 0FF </p><p>$355.00</p><a href="https://www.amazon.com/dp/B0BTN3VYW9?tag=eloabder-20&linkCode=osi&th=1&psc=1">View Product</a></div><div class="product"><a href="https://www.amazon.com/dp/B09HDFLF2X?tag=eloabder-20&linkCode=osi&th=1&psc=1"><img src="https://m.media-amazon.com/images/I/41ttEVV0DhL._SL500_.jpg" alt="Product Image"></a><p>Cuisinart Single Serve Coffee Maker + Coffee Grinder, 48-Ounce Removable Reservoir, Black, DGB-2</p><p> -9% 0FF </p><p>$136.95</p><a href="https://www.amazon.com/dp/B09HDFLF2X?tag=eloabder-20&linkCode=osi&th=1&psc=1">View Product</a></div><div class="product"><a href="https://www.amazon.com/dp/B0D2MMGHM8?tag=eloabder-20&linkCode=osi&th=1&psc=1"><img src="https://m.media-amazon.com/images/I/41z2U4+t1fL._SL500_.jpg" alt="Product Image"></a><p>Gevi 10-Cup Drip Coffee Maker with Built-in Grinder, Programmable Brew Coffee Machine with Timer, Reusable Filter, 1.5L Water Tank, Coffee Pot, Warming Plate Burr Grinder Combo</p><p> -6% 0FF </p><p>$169.99</p><a href="https://www.amazon.com/dp/B0D2MMGHM8?tag=eloabder-20&linkCode=osi&th=1&psc=1">View Product</a></div><div class="product"><a href="https://www.amazon.com/dp/B000T9SCZ2?tag=eloabder-20&linkCode=osi&th=1&psc=1"><img src="https://m.media-amazon.com/images/I/51E3eEOPg7L._SL500_.jpg" alt="Product Image"></a><p>Cuisinart Grind & Brew 12 Cup Coffeemaker, Chrome</p><p> -11% 0FF </p><p>$189.81 ($15.82 / Count)</p><a href="https://www.amazon.com/dp/B000T9SCZ2?tag=eloabder-20&linkCode=osi&th=1&psc=1">View Product</a></div><div class="product"><a href="https://www.amazon.com/dp/B0CG2NLVPK?tag=eloabder-20&linkCode=osi&th=1&psc=1"><img src="https://m.media-amazon.com/images/I/41PlW5iZ9cL._SL500_.jpg" alt="Product Image"></a><p>Café Specialty Grind and Brew Coffee Maker, Single-Serve to 10-Cup Thermal Carafe, with Built-In Bean Grinder & Removable 75oz Water Reservoir, WiFi & Smart Connected, SCA Certified, Matte White</p><p> -19% 0FF </p><p>$267.99</p><a href="https://www.amazon.com/dp/B0CG2NLVPK?tag=eloabder-20&linkCode=osi&th=1&psc=1">View Product</a></div>
<div class="product"><a href="https://www.amazon.com/dp/B078NN17K3?tag=eloabder-20&linkCode=osi&th=1&psc=1"><img src="https://m.media-amazon.com/images/I/41MI7T21FgL._SL500_.jpg" alt="Product Image"></a><p>Keurig K-Elite Single Serve K-Cup Pod Coffee Maker, with Strength and Temperature Control, Iced Coffee Capability, 8 to 12oz Brew Size, Programmable, Brushed Slate</p><p> -37% 0FF </p><p>$119.00</p><a href="https://www.amazon.com/dp/B078NN17K3?tag=eloabder-20&linkCode=osi&th=1&psc=1">View Product</a></div><div class="product"><a href="https://www.amazon.com/dp/B0C25Y15TL?tag=eloabder-20&linkCode=osi&th=1&psc=1"><img src="https://m.media-amazon.com/images/I/41cX7EQf+HL._SL500_.jpg" alt="Product Image"></a><p>Ninja Pod & Grounds Specialty Single-Serve Coffee Maker, K-Cup Pod Compatible, Brews Grounds, Compact Design, Built-In Milk Frother, 56-oz. Reservoir, 6-oz. Cup to 24-oz. Mug Sizes, Black, PB051</p><p> -30% 0FF </p><p>$69.99</p><a href="https://www.amazon.com/dp/B0C25Y15TL?tag=eloabder-20&linkCode=osi&th=1&psc=1">View Product</a></div><div class="product"><a href="https://www.amazon.com/dp/B0892TW82K?tag=eloabder-20&linkCode=osi&th=1&psc=1"><img src="https://m.media-amazon.com/images/I/31vXpkWlRZL._SL500_.jpg" alt="Product Image"></a><p>Keurig K-Supreme Single Serve K-Cup Pod Coffee Maker, MultiStream Technology, 4 Brew Sizes, 66oz Dual-Position Removable Reservoir, Black</p><p> -41% 0FF </p><p>$99.99</p><a href="https://www.amazon.com/dp/B0892TW82K?tag=eloabder-20&linkCode=osi&th=1&psc=1">View Product</a></div><div class="product"><a href="https://www.amazon.com/dp/B014W1C2VM?tag=eloabder-20&linkCode=osi&th=1&psc=1"><img src="https://m.media-amazon.com/images/I/41lgFMhEj5L._SL500_.jpg" alt="Product Image"></a><p>Cuisinart Coffee Maker, Single Serve 72-Ounce Reservoir Coffee Machine, Programmable Brewing & Hot Water Dispenser, Stainless Steel, SS-10P1,Silver</p><p> -5% 0FF </p><p>$142.74</p><a href="https://www.amazon.com/dp/B014W1C2VM?tag=eloabder-20&linkCode=osi&th=1&psc=1">View Product</a></div><div class="product"><a href="https://www.amazon.com/dp/B083248S3B?tag=eloabder-20&linkCode=osi&th=1&psc=1"><img src="https://m.media-amazon.com/images/I/31AI86Z78OL._SL500_.jpg" alt="Product Image"></a><p>Keurig K-Slim Single Serve K-Cup Pod Coffee Maker, Multistream Technology, 3 Brew Sizes, Slim and Sleek Design, 46oz Removable Reservoir, Black</p><p> -38% 0FF </p><p>$79.99</p><a href="https://www.amazon.com/dp/B083248S3B?tag=eloabder-20&linkCode=osi&th=1&psc=1">View Product</a></div><div class="product"><a href="https://www.amazon.com/dp/B0BV9HKMNT?tag=eloabder-20&linkCode=osi&th=1&psc=1"><img src="https://m.media-amazon.com/images/I/41Nsl9jGGaL._SL500_.jpg" alt="Product Image"></a><p>Keurig K-Compact Single-Serve K-Cup Pod Coffee Maker, with 3 Brew Sizes, Smart Start Feature, 36oz Removable Reservoir, Black</p><p> -30% 0FF </p><p>$69.99</p><a href="https://www.amazon.com/dp/B0BV9HKMNT?tag=eloabder-20&linkCode=osi&th=1&psc=1">View Product</a></div>
<div class="product"><a href="https://www.amazon.com/dp/B085NLFY9F?tag=eloabder-20&linkCode=osi&th=1&psc=1"><img src="https://m.media-amazon.com/images/I/41shkY558zL._SL500_.jpg" alt="Product Image"></a><p>Taylor Swoden 12-Cup Programmable Coffee Maker, Regular & Strong Brew Drip Coffee Machine for Home and Office, Glass Carafe, Pause & Serve, Auto Shut Off, Black & Stainless Steel</p><p> -18% 0FF </p><p>$39.99</p><a href="https://www.amazon.com/dp/B085NLFY9F?tag=eloabder-20&linkCode=osi&th=1&psc=1">View Product</a></div><div class="product"><a href="https://www.amazon.com/dp/B07X43VXZV?tag=eloabder-20&linkCode=osi&th=1&psc=1"><img src="https://m.media-amazon.com/images/I/41H6O9zkknL._SL500_.jpg" alt="Product Image"></a><p>KRUPS Simply Brew 5 Cup Coffee Maker, Cold Brew, Drip Free & Keep Warm Functions, Stainless Steel Coffee Maker Silver and Black</p><p> -18% 0FF </p><p>$32.85</p><a href="https://www.amazon.com/dp/B07X43VXZV?tag=eloabder-20&linkCode=osi&th=1&psc=1">View Product</a></div>

<div class="product"><a href="https://www.amazon.com/dp/B0C7WTKWZN?tag=eloabder-20&linkCode=osi&th=1&psc=1"><img src="https://m.media-amazon.com/images/I/417z+KFuxAL._SL500_.jpg" alt="Product Image"></a><p>Ninja Programmable XL 14-Cup Coffee Maker PRO, 14-Cup Glass Carafe, Freshness Timer, with Permanent Filter, Black Stainless Steel, DCM201BK</p><p> -20% 0FF </p><p>$79.99</p><a href="https://www.amazon.com/dp/B0C7WTKWZN?tag=eloabder-20&linkCode=osi&th=1&psc=1">View Product</a></div><div class="product"><a href="https://www.amazon.com/dp/B0C2JK9Y8V?tag=eloabder-20&linkCode=osi&th=1&psc=1"><img src="https://m.media-amazon.com/images/I/4177Pg-DiWS._SL500_.jpg" alt="Product Image"></a><p>BLACK+DECKER 12 Cup Thermal Programmable Coffee Maker with Brew Strength and VORTEX Technology, Black/Steel</p><p> -14% 0FF </p><p>$60.00 ($5.00 / Count)</p><a href="https://www.amazon.com/dp/B0C2JK9Y8V?tag=eloabder-20&linkCode=osi&th=1&psc=1">View Product</a></div>
<div class="product"><a href="https://www.amazon.com/dp/B0CJ7DMVW6?tag=eloabder-20&linkCode=osi&th=1&psc=1"><img src="https://m.media-amazon.com/images/I/41Et+b9QSzL._SL500_.jpg" alt="Product Image"></a><p>Xylanor Cold Brew Coffee Maker Pitcher, 64 OZ Heavy Duty Glass Wide Mouth Mason Jar Pour Spout Airtight Lid with Stainless Steel Infuser Filter for Iced Coffee, Ice Tea, Brewed Making</p><p> -50% 0FF </p><p>$12.49</p><a href="https://www.amazon.com/dp/B0CJ7DMVW6?tag=eloabder-20&linkCode=osi&th=1&psc=1">View Product</a></div><div class="product"><a href="https://www.amazon.com/dp/B07C36HVWK?tag=eloabder-20&linkCode=osi&th=1&psc=1"><img src="https://m.media-amazon.com/images/I/31dPKeu1VqL._SL500_.jpg" alt="Product Image"></a><p>Takeya Patented Deluxe Cold Brew Coffee Maker with Black Lid Airtight Pitcher, 2 Quart, Black</p><p> -26% 0FF </p><p>$27.99</p><a href="https://www.amazon.com/dp/B07C36HVWK?tag=eloabder-20&linkCode=osi&th=1&psc=1">View Product</a></div><div class="product"><a href="https://www.amazon.com/dp/B086V1QXNM?tag=eloabder-20&linkCode=osi&th=1&psc=1"><img src="https://m.media-amazon.com/images/I/31BHMrB0QSL._SL500_.jpg" alt="Product Image"></a><p>Primula Burke Deluxe Cold Brew Iced Coffee Maker, Comfort Grip Handle, Durable Glass Carafe, Removable Mesh Filter, Perfect 6 Cup Size, Dishwasher Safe, 1.6 qt, Blue</p><p> -35% 0FF </p><p>$11.74</p><a href="https://www.amazon.com/dp/B086V1QXNM?tag=eloabder-20&linkCode=osi&th=1&psc=1">View Product</a></div><div class="product"><a href="https://www.amazon.com/dp/B0BNN7GGKR?tag=eloabder-20&linkCode=osi&th=1&psc=1"><img src="https://m.media-amazon.com/images/I/51p17-SYzvL._SL500_.jpg" alt="Product Image"></a><p>JunVpic Cold Brew Coffee Maker Jar - 64oz Thick Glass Multipurpose Mason Pitcher Spout Lid with Handle & Stainless Steel Filter for Iced Coffee, Lemonade, Ice Tea, Homemade Fruit Drinks Container</p><p> -5% 0FF </p><p>$18.98 ($18.98 / Count)</p><a href="https://www.amazon.com/dp/B0BNN7GGKR?tag=eloabder-20&linkCode=osi&th=1&psc=1">View Product</a></div><div class="product"><a href="https://www.amazon.com/dp/B0CGWS1M51?tag=eloabder-20&linkCode=osi&th=1&psc=1"><img src="https://m.media-amazon.com/images/I/410ZIkV0HFL._SL500_.jpg" alt="Product Image"></a><p>QHH Cold Brew Coffee Maker, 64 oz Wide Mouth Mason Jar Pitcher with Stainless Steel Filter, Pour Spout Handle Lid, Heavy Duty Glass Airtight & Leak-Proof Pitcher for iced coffee & Tea Lemonade</p><p> -20% 0FF </p><p>$18.49</p><a href="https://www.amazon.com/dp/B0CGWS1M51?tag=eloabder-20&linkCode=osi&th=1&psc=1">View Product</a></div><div class="product"><a href="https://www.amazon.com/dp/B0CVLJ2NQK?tag=eloabder-20&linkCode=osi&th=1&psc=1"><img src="https://m.media-amazon.com/images/I/51lQGHFBfPL._SL500_.jpg" alt="Product Image"></a><p>Zulay Kitchen 1 Gallon Cold Brew Coffee Maker - Large Iced Tea & Cold Brew Pitcher with Extra-Thick Glass & Stainless Steel Infuser - Cold Brew Coffee Maker with Airtight Lid & Spout (Silver)</p><p> -20% 0FF </p><p>$39.99</p><a href="https://www.amazon.com/dp/B0CVLJ2NQK?tag=eloabder-20&linkCode=osi&th=1&psc=1">View Product</a></div><div class="product"><a href="https://www.amazon.com/dp/B0D929JTC9?tag=eloabder-20&linkCode=osi&th=1&psc=1"><img src="https://m.media-amazon.com/images/I/41WA4B3VkCL._SL500_.jpg" alt="Product Image"></a><p>Cold Brew Coffee Maker,64oz Food Grade Glass Cold Brew Pitcher,Strong Sealing Cold Brew Maker With Fine Filter,Cold Brew Coffee Pitcher For Ice Tea&Fruit Drinks,Easy To Wash Iced Coffee Pitcher Grey</p><p> -27% 0FF </p><p>$15.99</p><a href="https://www.amazon.com/dp/B0D929JTC9?tag=eloabder-20&linkCode=osi&th=1&psc=1">View Product</a></div><div class="product"><a href="https://www.amazon.com/dp/B07VJJJ764?tag=eloabder-20&linkCode=osi&th=1&psc=1"><img src="https://m.media-amazon.com/images/I/41xKFEtM8EL._SL500_.jpg" alt="Product Image"></a><p>County Line Kitchen Glass Cold Brew Coffee Maker with Lid - Wide Mouth, 2 Quart (64 oz) - Heavy Duty, Leak Proof - Sun & Iced Tea Pitcher, Cold Brew Coffee, Breast Milk Storage, Water - Gray</p><p> -25% 0FF </p><p>$29.99</p><a href="https://www.amazon.com/dp/B07VJJJ764?tag=eloabder-20&linkCode=osi&th=1&psc=1">View Product</a></div><div class="product"><a href="https://www.amazon.com/dp/B0CKN6MCLD?tag=eloabder-20&linkCode=osi&th=1&psc=1"><img src="https://m.media-amazon.com/images/I/510bfugc5jL._SL500_.jpg" alt="Product Image"></a><p>DWTS DANWEITESI Cold Brew Coffee Maker 64 oz,2-Quart Wide Mouth Cold Brew Maker with Stainless Steel Cold Brew Filter-Mason Jar Pitcher with Lid and Spout for Coffee,Iced Coffee Accessories(Black)</p><p> -24% 0FF </p><p>$12.99</p><a href="https://www.amazon.com/dp/B0CKN6MCLD?tag=eloabder-20&linkCode=osi&th=1&psc=1">View Product</a></div>

<div class="product"><a href="https://www.amazon.com/dp/B099J3J6VJ?tag=eloabder-20&linkCode=osi&th=1&psc=1"><img src="https://m.media-amazon.com/images/I/41ecdckFeFL._SL500_.jpg" alt="Product Image"></a><p>Eurolux Percolator Coffee Maker Pot - 9 Cups | Durable Stainless Steel Material | Brew Coffee On Fire, Grill or Stovetop | No Electricity, No Bad Plastic Taste | Ideal for Home, Camping & Travel</p><p> -13% 0FF </p><p>$34.99 ($3.89 / Count)</p><a href="https://www.amazon.com/dp/B099J3J6VJ?tag=eloabder-20&linkCode=osi&th=1&psc=1">View Product</a></div><div class="product"><a href="https://www.amazon.com/dp/B0C9VW3N1X?tag=eloabder-20&linkCode=osi&th=1&psc=1"><img src="https://m.media-amazon.com/images/I/31YYKk0EaiL._SL500_.jpg" alt="Product Image"></a><p>Primula Stovetop Coffee Percolator, Premium Stainless Steel Coffee Maker with Reusable Filter Basket, Non-Drip Spout, Glass Knob Brew Indicator and Heat Resistant Handle, Dishwasher Safe, 8 Cup</p><p> -6% 0FF </p><p>$28.17</p><a href="https://www.amazon.com/dp/B0C9VW3N1X?tag=eloabder-20&linkCode=osi&th=1&psc=1">View Product</a></div><div class="product"><a href="https://www.amazon.com/dp/B0DFXBGKQW?tag=eloabder-20&linkCode=osi&th=1&psc=1"><img src="https://m.media-amazon.com/images/I/41HwFOR87NL._SL500_.jpg" alt="Product Image"></a><p>VERDETECH Glass Coffee Percolator - The Nonna | Non-Electric Borosilicate Glass & Stainless Steel | Eco-Friendly Coffee Gift | BPA Free | Stovetop Glass Percolator (1 Unit)</p><p> -14% 0FF </p><p>$59.99</p><a href="https://www.amazon.com/dp/B0DFXBGKQW?tag=eloabder-20&linkCode=osi&th=1&psc=1">View Product</a></div>

<div class="product"><a href="https://www.amazon.com/dp/B009PCI2JU?tag=eloabder-20&linkCode=osi&th=1&psc=1"><img src="https://m.media-amazon.com/images/I/319P4iuozKL._SL500_.jpg" alt="Product Image"></a><p>GE RPWFE Refrigerator Water Filter, Genuine Replacement Filter, Certified to Reduce Lead, Sulfur, and 50+ Other Impurities, Replace Every 6 Months for Best Results, Pack of 1</p><p> -11% 0FF </p><p>$49.00</p><a href="https://www.amazon.com/dp/B009PCI2JU?tag=eloabder-20&linkCode=osi&th=1&psc=1">View Product</a></div><div class="product"><a href="https://www.amazon.com/dp/B00UXG4WR8?tag=eloabder-20&linkCode=osi&th=1&psc=1"><img src="https://m.media-amazon.com/images/I/317c+XdM3jL._SL500_.jpg" alt="Product Image"></a><p>everydrop by Whirlpool Ice and Water Refrigerator Filter 1, EDR1RXD1, Single-Pack , Purple</p><p> -30% 0FF </p><p>$41.99</p><a href="https://www.amazon.com/dp/B00UXG4WR8?tag=eloabder-20&linkCode=osi&th=1&psc=1">View Product</a></div><div class="product"><a href="https://www.amazon.com/dp/B0882ZJ48W?tag=eloabder-20&linkCode=osi&th=1&psc=1"><img src="https://m.media-amazon.com/images/I/31sBIpG9D+L._SL500_.jpg" alt="Product Image"></a><p>GE XWFE Refrigerator Water Filter, Genuine Replacement Filter, Certified to Reduce Lead, Sulfur, and 50+ Other Impurities, Replace Every 6 Months for Best Results, Pack of 1</p><p> -9% 0FF </p><p>$49.95</p><a href="https://www.amazon.com/dp/B0882ZJ48W?tag=eloabder-20&linkCode=osi&th=1&psc=1">View Product</a></div><div class="product"><a href="https://www.amazon.com/dp/B08V6JB9R7?tag=eloabder-20&linkCode=osi&th=1&psc=1"><img src="https://m.media-amazon.com/images/I/31f6HhVENHL._SL500_.jpg" alt="Product Image"></a><p>Frigidaire FPPWFU01 PurePour PWF-1 Water Filter 1 Count (Pack of 1)</p><p> -28% 0FF </p><p>$38.99</p><a href="https://www.amazon.com/dp/B08V6JB9R7?tag=eloabder-20&linkCode=osi&th=1&psc=1">View Product</a></div><div class="product"><a href="https://www.amazon.com/dp/B074HLRXMP?tag=eloabder-20&linkCode=osi&th=1&psc=1"><img src="https://m.media-amazon.com/images/I/21pHfBmff3L._SL500_.jpg" alt="Product Image"></a><p>LG LT1000P - 6 Month / 200 Gallon Capacity Replacement Refrigerator Water Filter (NSF42, NSF53, and NSF401) ADQ74793501, ADQ75795105, AGF80300704, or AGF80300705 White</p><p> -19% 0FF </p><p>$44.59</p><a href="https://www.amazon.com/dp/B074HLRXMP?tag=eloabder-20&linkCode=osi&th=1&psc=1">View Product</a></div><div class="product"><a href="https://www.amazon.com/dp/B01BKWSHHE?tag=eloabder-20&linkCode=osi&th=1&psc=1"><img src="https://m.media-amazon.com/images/I/31le9xXAImL._SL500_.jpg" alt="Product Image"></a><p>Frigidaire EPTWFU01 Water Filtration Filter, 1 Count, White</p><p> -8% 0FF </p><p>$49.00</p><a href="https://www.amazon.com/dp/B01BKWSHHE?tag=eloabder-20&linkCode=osi&th=1&psc=1">View Product</a></div><div class="product"><a href="https://www.amazon.com/dp/B00VBP8QPO?tag=eloabder-20&linkCode=osi&th=1&psc=1"><img src="https://m.media-amazon.com/images/I/31NokdYCZOL._SL500_.jpg" alt="Product Image"></a><p>Everydrop by Whirlpool Ice and Water Refrigerator Filter 2, EDR2RXD1, Single-Pack</p><p> -20% 0FF </p><p>$47.99</p><a href="https://www.amazon.com/dp/B00VBP8QPO?tag=eloabder-20&linkCode=osi&th=1&psc=1">View Product</a></div><div class="product"><a href="https://www.amazon.com/dp/B00UB38V2A?tag=eloabder-20&linkCode=osi&th=1&psc=1"><img src="https://m.media-amazon.com/images/I/317IAqOtFtL._SL500_.jpg" alt="Product Image"></a><p>everydrop by Whirlpool Ice and Water Refrigerator Filter 4, EDR4RXD1, Single-Pack</p><p> -23% 0FF </p><p>$46.32 ($27.09 / Pound)</p><a href="https://www.amazon.com/dp/B00UB38V2A?tag=eloabder-20&linkCode=osi&th=1&psc=1">View Product</a></div><div class="product"><a href="https://www.amazon.com/dp/B071NFVVNG?tag=eloabder-20&linkCode=osi&th=1&psc=1"><img src="https://m.media-amazon.com/images/I/41uJIz7wOSL._SL500_.jpg" alt="Product Image"></a><p>SAMSUNG Genuine Filter for Refrigerator Water and Ice, Carbon Block Filtration, Reduces 99% of Harmful Contaminants for Clean, Clear Drinking Water, 6-Month Life, HAF-QIN/EXP, 1 Pack</p><p> -30% 0FF </p><p>$34.99</p><a href="https://www.amazon.com/dp/B071NFVVNG?tag=eloabder-20&linkCode=osi&th=1&psc=1">View Product</a></div><div class="product"><a href="https://www.amazon.com/dp/B0045LLC7K?tag=eloabder-20&linkCode=osi&th=1&psc=1"><img src="https://m.media-amazon.com/images/I/61KMsxTZCzL._SL500_.jpg" alt="Product Image"></a><p>Frigidaire WF3CB Puresource3 Refrigerator Water Filter , White, 1 Count (Pack of 1)</p><p> -12% 0FF </p><p>$42.00</p><a href="https://www.amazon.com/dp/B0045LLC7K?tag=eloabder-20&linkCode=osi&th=1&psc=1">View Product</a></div>
<div class="product"><a href="https://www.amazon.com/dp/B0CCK33WLB?tag=eloabder-20&linkCode=osi&th=1&psc=1"><img src="https://m.media-amazon.com/images/I/41EyKRnAWNL._SL500_.jpg" alt="Product Image"></a><p>Ninja Thirsti Drink System, Soda Maker, Create Unique Sparkling & Still Drinks, Personalize Size & Flavor, Carbonated Water Machine, 60L CO2 Cylinder & Variety of Flavored Water Drops, Black WC1001</p><p> -44% 0FF </p><p>$99.99</p><a href="https://www.amazon.com/dp/B0CCK33WLB?tag=eloabder-20&linkCode=osi&th=1&psc=1">View Product</a></div><div class="product"><a href="https://www.amazon.com/dp/B09K81HGGD?tag=eloabder-20&linkCode=osi&th=1&psc=1"><img src="https://m.media-amazon.com/images/I/41iyFiXEpmL._SL500_.jpg" alt="Product Image"></a><p>PHILIPS Sparkling Water Maker Soda Maker Soda Streaming Machine for Carbonating with 1L Carbonating Bottle, Seltzer Fizzy Water Maker, Compatible with Any Screw-in 60L CO2 Carbonator(NOT Included)</p><p> -20% 0FF </p><p>$53.97 ($53.97 / Count)</p><a href="https://www.amazon.com/dp/B09K81HGGD?tag=eloabder-20&linkCode=osi&th=1&psc=1">View Product</a></div><div class="product"><a href="https://www.amazon.com/dp/B08HR72YN1?tag=eloabder-20&linkCode=osi&th=1&psc=1"><img src="https://m.media-amazon.com/images/I/41m9KO8snqL._SL500_.jpg" alt="Product Image"></a><p>aarke - Carbonator III Premium Carbonator-Sparkling & Seltzer Water Maker-Soda Maker with PET Bottle (Stainless Steel)</p><p> -16% 0FF </p><p>$189.99</p><a href="https://www.amazon.com/dp/B08HR72YN1?tag=eloabder-20&linkCode=osi&th=1&psc=1">View Product</a></div><div class="product"><a href="https://www.amazon.com/dp/B01MAVUI17?tag=eloabder-20&linkCode=osi&th=1&psc=1"><img src="https://m.media-amazon.com/images/I/31hwDO28c+L._SL500_.jpg" alt="Product Image"></a><p>iSi North America Soda Siphon Classic Mesh Sodamaker for Making Carbonating Beverages, 1 Quart, Stainless Steel,Silver</p><p> -27% 0FF </p><p>$91.24</p><a href="https://www.amazon.com/dp/B01MAVUI17?tag=eloabder-20&linkCode=osi&th=1&psc=1">View Product</a></div><div class="product"><a href="https://www.amazon.com/dp/B097TD8V5P?tag=eloabder-20&linkCode=osi&th=1&psc=1"><img src="https://m.media-amazon.com/images/I/41waAUN4cYL._SL500_.jpg" alt="Product Image"></a><p>SodaStream Terra Sparkling Water Maker (Black) with CO2 and DWS Bottle</p><p> -18% 0FF </p><p>$81.99</p><a href="https://www.amazon.com/dp/B097TD8V5P?tag=eloabder-20&linkCode=osi&th=1&psc=1">View Product</a></div><div class="product"><a href="https://www.amazon.com/dp/B0CG8W3YTG?tag=eloabder-20&linkCode=osi&th=1&psc=1"><img src="https://m.media-amazon.com/images/I/41o-dYH8ZFL._SL500_.jpg" alt="Product Image"></a><p>spoonlemon Sparkling Water Maker,Soda Streaming Machine for Home Use, Carbonated Water Machine with BPA Free 1L PET Bottle, Compatible with Any Screw-in 60L CO2 Exchange Carbonator, Black</p><p> -40% 0FF </p><p>$29.99</p><a href="https://www.amazon.com/dp/B0CG8W3YTG?tag=eloabder-20&linkCode=osi&th=1&psc=1">View Product</a></div>
<div class="product"><a href="https://www.amazon.com/dp/B0CNV1ZVFY?tag=eloabder-20&linkCode=osi&th=1&psc=1"><img src="https://m.media-amazon.com/images/I/51-GQToXwtL._SL500_.jpg" alt="Product Image"></a><p>Zulay Powerful Milk Frother (4 Duracell Batteries Included) - Handheld Milk Frother Wand Drink Mixer for Coffee - Powerful Milk Foamer for Cappuccino, Frappe, Matcha & Coffee Creamer - Black</p><p> -27% 0FF </p><p>$15.99</p><a href="https://www.amazon.com/dp/B0CNV1ZVFY?tag=eloabder-20&linkCode=osi&th=1&psc=1">View Product</a></div><div class="product"><a href="https://www.amazon.com/dp/B0CQS3ZS76?tag=eloabder-20&linkCode=osi&th=1&psc=1"><img src="https://m.media-amazon.com/images/I/41Qi-eOYOAL._SL500_.jpg" alt="Product Image"></a><p>5-in-1 Milk Frother and Steamer - Upgraded Automatic Milk Steamer 11.8oz Hot & Cold Foam Maker and Milk Warmer with LED Display Touch Screen & Two Whisks for Latte,Cappuccinos,Silent Working</p><p> -20% 0FF </p><p>$36.98</p><a href="https://www.amazon.com/dp/B0CQS3ZS76?tag=eloabder-20&linkCode=osi&th=1&psc=1">View Product</a></div><div class="product"><a href="https://www.amazon.com/dp/B0CT43RWPQ?tag=eloabder-20&linkCode=osi&th=1&psc=1"><img src="https://m.media-amazon.com/images/I/3113HSHcJUL._SL500_.jpg" alt="Product Image"></a><p>Keurig® SimpleCafé Milk Frother</p><p> -20% 0FF </p><p>$23.99</p><a href="https://www.amazon.com/dp/B0CT43RWPQ?tag=eloabder-20&linkCode=osi&th=1&psc=1">View Product</a></div>
<div class="product"><a href="https://www.amazon.com/dp/B00ZGCKLE2?tag=eloabder-20&linkCode=osi&th=1&psc=1"><img src="https://m.media-amazon.com/images/I/31i6YnOvfAL._SL500_.jpg" alt="Product Image"></a><p>DASH Deluxe Rapid Egg Cooker for Hard Boiled, Poached, Scrambled Eggs, Omelets, Steamed Vegetables, Dumplings & More, 12 capacity, with Auto Shut Off Feature - Black</p><p> -8% 0FF </p><p>$22.94</p><a href="https://www.amazon.com/dp/B00ZGCKLE2?tag=eloabder-20&linkCode=osi&th=1&psc=1">View Product</a></div><div class="product"><a href="https://www.amazon.com/dp/B09YFBKGCS?tag=eloabder-20&linkCode=osi&th=1&psc=1"><img src="https://m.media-amazon.com/images/I/31eiNcNseHL._SL500_.jpg" alt="Product Image"></a><p>Elite Gourmet Easy Electric 7 Egg Capacity Soft, Medium, Hard-Boiled Cooker Poacher, Scrambled, Omelet Maker with Auto Shut-Off and Buzzer, BPA Free</p><p> -7% 0FF </p><p>$13.99</p><a href="https://www.amazon.com/dp/B09YFBKGCS?tag=eloabder-20&linkCode=osi&th=1&psc=1">View Product</a></div>
<div class="product"><a href="https://www.amazon.com/dp/B0D69JWL18?tag=eloabder-20&linkCode=osi&th=1&psc=1"><img src="https://m.media-amazon.com/images/I/41kYQfIKwhL._SL500_.jpg" alt="Product Image"></a><p>Electric Meat Grinder, Sausage Stuffer Maker 450W(3000W Max) Food Grinder with Blade & 3 Plates, Sausage Stuffer Tubes & Kubbe Kit, Stainless Steel Heavy Duty Meat Mincer Machine for Home Kitchen Use</p><p> -15% 0FF </p><p>$68.99</p><a href="https://www.amazon.com/dp/B0D69JWL18?tag=eloabder-20&linkCode=osi&th=1&psc=1">View Product</a></div>
<div class="product"><a href="https://www.amazon.com/dp/B0DFMVWB9L?tag=eloabder-20&linkCode=osi&th=1&psc=1"><img src="https://m.media-amazon.com/images/I/419rFpp0fLL._SL500_.jpg" alt="Product Image"></a><p>Dough Mixer 7L Large Capacity Electric Dough Maker with Ferment Function for Baking Bread Dough&Pizza Dough - Dough whisk 304 Stainless Steel Blender Add water/seasoning with Top Small Window</p><p> -33% 0FF </p><p>$93.99</p><a href="https://www.amazon.com/dp/B0DFMVWB9L?tag=eloabder-20&linkCode=osi&th=1&psc=1">View Product</a></div><div class="product"><a href="https://www.amazon.com/dp/B09BVDKSTN?tag=eloabder-20&linkCode=osi&th=1&psc=1"><img src="https://m.media-amazon.com/images/I/41Y7r4SvteL._SL500_.jpg" alt="Product Image"></a><p>Kitchen in the box Stand Mixer,3.2Qt Small Electric Food Mixer,6 Speeds Portable Lightweight Kitchen Mixer for Daily Use with Egg Whisk,Dough Hook,Flat Beater (Blue)</p><p> -20% 0FF </p><p>$79.99</p><a href="https://www.amazon.com/dp/B09BVDKSTN?tag=eloabder-20&linkCode=osi&th=1&psc=1">View Product</a></div><div class="product"><a href="https://www.amazon.com/dp/B0DDT7GKZS?tag=eloabder-20&linkCode=osi&th=1&psc=1"><img src="https://m.media-amazon.com/images/I/41l9zrpiWsL._SL500_.jpg" alt="Product Image"></a><p>Electric Dough Maker with Ferment Function, 5L(5.2QT) Dough Mixer Machine with 304 Stainless Steel Bowl, Microcomputer Timing, Kitchen Stand Mixers, Household Flour Kneading Machine for Pizza Bread</p><p> -10% 0FF </p><p>$89.99</p><a href="https://www.amazon.com/dp/B0DDT7GKZS?tag=eloabder-20&linkCode=osi&th=1&psc=1">View Product</a></div>
<div class="product"><a href="https://www.amazon.com/dp/B006N453NQ?tag=eloabder-20&linkCode=osi&th=1&psc=1"><img src="https://m.media-amazon.com/images/I/311EqpHCn9L._SL500_.jpg" alt="Product Image"></a><p>IMUSA USA Tortilla Press, 8 Inch, Silver</p><p> -38% 0FF </p><p>$12.39</p><a href="https://www.amazon.com/dp/B006N453NQ?tag=eloabder-20&linkCode=osi&th=1&psc=1">View Product</a></div><div class="product"><a href="https://www.amazon.com/dp/B00455NTOU?tag=eloabder-20&linkCode=osi&th=1&psc=1"><img src="https://m.media-amazon.com/images/I/41OXJbbz3fL._SL500_.jpg" alt="Product Image"></a><p>CucinaPro Electric Tortilla Maker - 10" Pitas, Chapati, Roti, Flatbread, Non-Stick Cooking Plates with Ready Light and Cord Wrap</p><p> -12% 0FF </p><p>$61.65</p><a href="https://www.amazon.com/dp/B00455NTOU?tag=eloabder-20&linkCode=osi&th=1&psc=1">View Product</a></div><div class="product"><a href="https://www.amazon.com/dp/B00IFDGST6?tag=eloabder-20&linkCode=osi&th=1&psc=1"><img src="https://m.media-amazon.com/images/I/41gVmZedZML._SL500_.jpg" alt="Product Image"></a><p>Manual Corn Tortilla Maker by Monarca</p><p> -29% 0FF </p><p>$105.78</p><a href="https://www.amazon.com/dp/B00IFDGST6?tag=eloabder-20&linkCode=osi&th=1&psc=1">View Product</a></div><div class="product"><a href="https://www.amazon.com/dp/B0CRF6ZZDJ?tag=eloabder-20&linkCode=osi&th=1&psc=1"><img src="https://m.media-amazon.com/images/I/41NLGn3m6PL._SL500_.jpg" alt="Product Image"></a><p>10inch Roti Maker by StarBlue with FREE Roti Warmer and Removable Handle - The automatic Stainless Steel Non-Stick Electric machine to make Indian style Chapati, Tortilla, Roti AC 110V 50/60Hz 1200W</p><p> -13% 0FF </p><p>$69.99</p><a href="https://www.amazon.com/dp/B0CRF6ZZDJ?tag=eloabder-20&linkCode=osi&th=1&psc=1">View Product</a></div><div class="product"><a href="https://www.amazon.com/dp/B06XWNDKW7?tag=eloabder-20&linkCode=osi&th=1&psc=1"><img src="https://m.media-amazon.com/images/I/41nx+omSxCL._SL500_.jpg" alt="Product Image"></a><p>Made in Mexico Manual Corn Tortilla Maker GONZALEZ Maquina Tortilladora Aluminum 5.5" Automatic Cutting Machine</p><p> -5% 0FF </p><p>$209.87</p><a href="https://www.amazon.com/dp/B06XWNDKW7?tag=eloabder-20&linkCode=osi&th=1&psc=1">View Product</a></div>
<div class="product"><a href="https://www.amazon.com/dp/B0C82BY7CK?tag=eloabder-20&linkCode=osi&th=1&psc=1"><img src="https://m.media-amazon.com/images/I/51c+eLUrDVL._SL500_.jpg" alt="Product Image"></a><p>nutrichef Electric Crepe Maker Pan & Griddle, 12 Inch Nonstick Cooktop, LED Indicators & Adjustable Temperature Control, Includes Spatula, Batter Spreader, Cooks Crepes, Roti & Pancakes</p><p> -17% 0FF </p><p>$24.99</p><a href="https://www.amazon.com/dp/B0C82BY7CK?tag=eloabder-20&linkCode=osi&th=1&psc=1">View Product</a></div><div class="product"><a href="https://www.amazon.com/dp/B000WW46QA?tag=eloabder-20&linkCode=osi&th=1&psc=1"><img src="https://m.media-amazon.com/images/I/41CY+mgFAmL._SL500_.jpg" alt="Product Image"></a><p>CucinaPro Cordless Crepe Maker- FREE Recipe Guide, NonStick Dipping Plate plus Electric Base & Batter Spatula, Portable Compact Baker, Homemade Holiday Morning Breakfast or Dessert Treat, Gift for Her</p><p> -20% 0FF </p><p>$39.95</p><a href="https://www.amazon.com/dp/B000WW46QA?tag=eloabder-20&linkCode=osi&th=1&psc=1">View Product</a></div><div class="product"><a href="https://www.amazon.com/dp/B07GSFVVDB?tag=eloabder-20&linkCode=osi&th=1&psc=1"><img src="https://m.media-amazon.com/images/I/51XKEoqpDBL._SL500_.jpg" alt="Product Image"></a><p>Crepe Maker Machine (Easy to Use), Pancake Griddle – Nonstick 12” Electric Griddle – Pancake Maker, Batter Spreader, Wooden Spatula – Crepe Pan for Crepes Roti, Tortilla, Blintzes – Portable, Compact</p><p> -36% 0FF </p><p>$31.99 ($0.77 / oz)</p><a href="https://www.amazon.com/dp/B07GSFVVDB?tag=eloabder-20&linkCode=osi&th=1&psc=1">View Product</a></div><div class="product"><a href="https://www.amazon.com/dp/B001EZCJL8?tag=eloabder-20&linkCode=osi&th=1&psc=1"><img src="https://m.media-amazon.com/images/I/51Ih03aFGjL._SL500_.jpg" alt="Product Image"></a><p>12" Griddle & Crepe Maker, Non-Stick Electric Crepe Pan w Batter Spreader & Recipe Guide- Dual Use for Blintzes Eggs Pancakes, Portable, Adjustable Temperature Settings - Holiday Breakfast, Xmas Gift</p><p> -20% 0FF </p><p>$39.95</p><a href="https://www.amazon.com/dp/B001EZCJL8?tag=eloabder-20&linkCode=osi&th=1&psc=1">View Product</a></div>
<div class="product"><a href="https://www.amazon.com/dp/B000FZ4TZC?tag=eloabder-20&linkCode=osi&th=1&psc=1"><img src="https://m.media-amazon.com/images/I/31nyHOkItNL._SL500_.jpg" alt="Product Image"></a><p>Nostalgia 3 Tier Electric Chocolate Fondue Fountain Machine for Parties - Melts Cheese, Queso, Candy, and Liqueur - Dip Strawberries, Apple Wedges, Vegetables, and More - 24-Ounce - Black, Small</p><p> -13% 0FF </p><p>$34.99</p><a href="https://www.amazon.com/dp/B000FZ4TZC?tag=eloabder-20&linkCode=osi&th=1&psc=1">View Product</a></div><div class="product"><a href="https://www.amazon.com/dp/B0D7SZXBRW?tag=eloabder-20&linkCode=osi&th=1&psc=1"><img src="https://m.media-amazon.com/images/I/41+DhKbj5zL._SL500_.jpg" alt="Product Image"></a><p>Electric Chocolate Fondue Fountain Machine, 3-Tier Chocolate and Cheese Melting Fountain with 10oz Capacity, Stainless Steel Mini Chocolate Fountain for Parties, Weddings, Birthdays, and Events</p><p> -24% 0FF </p><p>$18.99</p><a href="https://www.amazon.com/dp/B0D7SZXBRW?tag=eloabder-20&linkCode=osi&th=1&psc=1">View Product</a></div>
<div class="product"><a href="https://www.amazon.com/dp/B0888F15LM?tag=eloabder-20&linkCode=osi&th=1&psc=1"><img src="https://m.media-amazon.com/images/I/41Ikd-J1tpL._SL500_.jpg" alt="Product Image"></a><p>Taylor Swoden Electric Kettle with Tea Infuser, 1L Small Electric Tea Kettle with Keep Warm, LED Light Hot Water Boiler & Heater for Coffee & Tea, Auto Shut-Off & Boil Dry Protection, BPA Free, Black</p><p> -7% 0FF </p><p>$27.99</p><a href="https://www.amazon.com/dp/B0888F15LM?tag=eloabder-20&linkCode=osi&th=1&psc=1">View Product</a></div>
<div class="product"><a href="https://www.amazon.com/dp/B07X6C6J25?tag=eloabder-20&linkCode=osi&th=1&psc=1"><img src="https://m.media-amazon.com/images/I/41RaGumc3qL._SL500_.jpg" alt="Product Image"></a><p>ALINK 5-Pack Bottle Brush Cleaner - Long Bamboo Handle Water Bottle Straw Cleaning Brush for Washing Narrow Neck Beer Wine Decanter, Sports Bottle, Thermos, Flask</p><p> -29% 0FF </p><p>$9.99</p><a href="https://www.amazon.com/dp/B07X6C6J25?tag=eloabder-20&linkCode=osi&th=1&psc=1">View Product</a></div><div class="product"><a href="https://www.amazon.com/dp/B0BQLGCQVD?tag=eloabder-20&linkCode=osi&th=1&psc=1"><img src="https://m.media-amazon.com/images/I/3144LGFz9-L._SL500_.jpg" alt="Product Image"></a><p>5 Pcs Bottle Brush with Stainless Steel and Long Handle, Specialized for Sports Bottles, Baby Bottle, Cups, Coffee Mugs, Glasswares, Tumblers, Wine Decanters Cleaning</p><p> -25% 0FF </p><p>$1.50</p><a href="https://www.amazon.com/dp/B0BQLGCQVD?tag=eloabder-20&linkCode=osi&th=1&psc=1">View Product</a></div>
<div class="product"><a href="https://www.amazon.com/dp/B01EVHWNVG?tag=eloabder-20&linkCode=osi&th=1&psc=1"><img src="https://m.media-amazon.com/images/I/41DiyhHQuzL._SL500_.jpg" alt="Product Image"></a><p>Zojirushi NS-LGC05XB Micom Rice Cooker & Warmer, 3-Cups (uncooked), Stainless Black</p><p> -27% 0FF </p><p>$142.14</p><a href="https://www.amazon.com/dp/B01EVHWNVG?tag=eloabder-20&linkCode=osi&th=1&psc=1">View Product</a></div><div class="product"><a href="https://www.amazon.com/dp/B098BVDKYK?tag=eloabder-20&linkCode=osi&th=1&psc=1"><img src="https://m.media-amazon.com/images/I/31LwHSfartL._SL500_.jpg" alt="Product Image"></a><p>Aroma Housewares 4-Cups (Cooked) / 1Qt. Rice & Grain Cooker (ARC-302NGP), Pink</p><p> -20% 0FF </p><p>$19.99</p><a href="https://www.amazon.com/dp/B098BVDKYK?tag=eloabder-20&linkCode=osi&th=1&psc=1">View Product</a></div><div class="product"><a href="https://www.amazon.com/dp/B091BZQMMT?tag=eloabder-20&linkCode=osi&th=1&psc=1"><img src="https://m.media-amazon.com/images/I/31L3e+bmJ3L._SL500_.jpg" alt="Product Image"></a><p>GreenLife 4-Cup Digital Rice Cooker, PFAS & PFOA-Free Removable Ceramic Dishwasher Safe Pot, Healthy Cooking Oats Grains & More, Auto Presets, Touch-screen, Delay & Keep Warm, Paddle Included, White</p><p> -34% 0FF </p><p>$33.00</p><a href="https://www.amazon.com/dp/B091BZQMMT?tag=eloabder-20&linkCode=osi&th=1&psc=1">View Product</a></div><div class="product"><a href="https://www.amazon.com/dp/B00007J5U7?tag=eloabder-20&linkCode=osi&th=1&psc=1"><img src="https://m.media-amazon.com/images/I/31wuPFARpOS._SL500_.jpg" alt="Product Image"></a><p>Zojirushi NS-ZCC10 5-1/2-Cup Neuro Fuzzy Rice Cooker and Warmer, Premium White</p><p> -18% 0FF </p><p>$199.99</p><a href="https://www.amazon.com/dp/B00007J5U7?tag=eloabder-20&linkCode=osi&th=1&psc=1">View Product</a></div>
<div class="product"><a href="https://www.amazon.com/dp/B01LYR6VNZ?tag=eloabder-20&linkCode=osi&th=1&psc=1"><img src="https://m.media-amazon.com/images/I/51BYZ5qkPBL._SL500_.jpg" alt="Product Image"></a><p>BLACK+DECKER 1.5-Cup Electric Food Chopper, One Touch Pulse, 150W Motor, Stay-Sharp Blade, Dishwasher Safe</p><p> -15% 0FF </p><p>$16.99</p><a href="https://www.amazon.com/dp/B01LYR6VNZ?tag=eloabder-20&linkCode=osi&th=1&psc=1">View Product</a></div><div class="product"><a href="https://www.amazon.com/dp/B01LX8I3R3?tag=eloabder-20&linkCode=osi&th=1&psc=1"><img src="https://m.media-amazon.com/images/I/31OuiPMscGL._SL500_.jpg" alt="Product Image"></a><p>KitchenAid KFC3516CU 3.5 Cup Food Chopper, Contour Silver</p><p> -25% 0FF </p><p>$44.95</p><a href="https://www.amazon.com/dp/B01LX8I3R3?tag=eloabder-20&linkCode=osi&th=1&psc=1">View Product</a></div><div class="product"><a href="https://www.amazon.com/dp/B00006IUX0?tag=eloabder-20&linkCode=osi&th=1&psc=1"><img src="https://m.media-amazon.com/images/I/41DiC1LmvUL._SL500_.jpg" alt="Product Image"></a><p>Proctor Silex Durable Electric Vegetable Chopper & Mini Food Processor for Chopping, Puree & Emulsify, 1.5 Cup, 1.5 cups, White</p><p> -17% 0FF </p><p>$14.99</p><a href="https://www.amazon.com/dp/B00006IUX0?tag=eloabder-20&linkCode=osi&th=1&psc=1">View Product</a></div><div class="product"><a href="https://www.amazon.com/dp/B0CSYVGP9S?tag=eloabder-20&linkCode=osi&th=1&psc=1"><img src="https://m.media-amazon.com/images/I/41kBleyq34L._SL500_.jpg" alt="Product Image"></a><p>DEVINC Food Processor, Electric Food Chopper with 2 Bowls (8 Cup+8 Cup), 2 Sets Blades, 500W Meat Grinder & Veggie Chopper, 2 Speed for Baby food &Family Use Blue</p><p> -40% 0FF </p><p>$29.99</p><a href="https://www.amazon.com/dp/B0CSYVGP9S?tag=eloabder-20&linkCode=osi&th=1&psc=1">View Product</a></div>
<div class="product"><a href="https://www.amazon.com/dp/B07D7TFTVN?tag=eloabder-20&linkCode=osi&th=1&psc=1"><img src="https://m.media-amazon.com/images/I/31ZeQnL1X4L._SL500_.jpg" alt="Product Image"></a><p>Elite Gourmet EMT-625B Ultimate Precision Electric Deli Food Meat Slicer Removable Stainless Steel Blade, Adjustable Thickness, Ideal for Cold Cuts, Hard Cheese, Vegetables & Bread, 7.5”, Black</p><p> -25% 0FF </p><p>$60.24</p><a href="https://www.amazon.com/dp/B07D7TFTVN?tag=eloabder-20&linkCode=osi&th=1&psc=1">View Product</a></div><div class="product"><a href="https://www.amazon.com/dp/B0CLDD8DHP?tag=eloabder-20&linkCode=osi&th=1&psc=1"><img src="https://m.media-amazon.com/images/I/41ScDNLkLAL._SL500_.jpg" alt="Product Image"></a><p>Meat Slicer,TOKASS Electric Deli Food Slicer with Removable 7.5’’ Stainless Steel Blade, Adjustable Thickness Meat Slicer for Home Use, Child Lock Protection, Easy to Clean, Food Slicer Machine-Silver</p><p> -5% 0FF </p><p>$89.99</p><a href="https://www.amazon.com/dp/B0CLDD8DHP?tag=eloabder-20&linkCode=osi&th=1&psc=1">View Product</a></div><div class="product"><a href="https://www.amazon.com/dp/B08FWZ9J18?tag=eloabder-20&linkCode=osi&th=1&psc=1"><img src="https://m.media-amazon.com/images/I/41YjSPaAYwL._SL500_.jpg" alt="Product Image"></a><p>Meat Slicer, Techwood Electric Deil Food Slicer with Removable 9” Stainless Steel Blade, Deli Cheese Fruit Vegetable Bread Cutter with Adjustable Knob for Thickness, Food Carriage & Non-Slip Feet</p><p> -22% 0FF </p><p>$139.98</p><a href="https://www.amazon.com/dp/B08FWZ9J18?tag=eloabder-20&linkCode=osi&th=1&psc=1">View Product</a></div>
<div class="product"><a href="https://www.amazon.com/dp/B00XPRRHYW?tag=eloabder-20&linkCode=osi&th=1&psc=1"><img src="https://m.media-amazon.com/images/I/31dUvP1wfeL._SL500_.jpg" alt="Product Image"></a><p>KitchenAid Fruit and Vegetable Spiralizer Attachment Stand Mixer, Polished Aluminum</p><p> -46% 0FF </p><p>$69.99</p><a href="https://www.amazon.com/dp/B00XPRRHYW?tag=eloabder-20&linkCode=osi&th=1&psc=1">View Product</a></div>
<div class="product"><a href="https://www.amazon.com/dp/B07DD3CPMW?tag=eloabder-20&linkCode=osi&th=1&psc=1"><img src="https://m.media-amazon.com/images/I/415ikDbvbCL._SL500_.jpg" alt="Product Image"></a><p>OVENTE Portable 5 Speed Mixing Electric Hand Mixer with Stainless Steel Whisk Beater Attachments & Snap Storage Case, Compact Lightweight 150 Watt Powerful Blender for Baking & Cooking, Red HM151R</p><p> -8% 0FF </p><p>$15.63</p><a href="https://www.amazon.com/dp/B07DD3CPMW?tag=eloabder-20&linkCode=osi&th=1&psc=1">View Product</a></div><div class="product"><a href="https://www.amazon.com/dp/B009N68ULS?tag=eloabder-20&linkCode=osi&th=1&psc=1"><img src="https://m.media-amazon.com/images/I/31pxKM3rl7L._SL500_.jpg" alt="Product Image"></a><p>KitchenAid 5 Speed Ultra Power Hand Mixer, Onyx Black</p><p> -25% 0FF </p><p>$44.95</p><a href="https://www.amazon.com/dp/B009N68ULS?tag=eloabder-20&linkCode=osi&th=1&psc=1">View Product</a></div><div class="product"><a href="https://www.amazon.com/dp/B09JV8DBX5?tag=eloabder-20&linkCode=osi&th=1&psc=1"><img src="https://m.media-amazon.com/images/I/31rRc0J8DTL._SL500_.jpg" alt="Product Image"></a><p>KitchenAid 6 Speed Hand Mixer with Flex Edge Beaters - KHM6118</p><p> -25% 0FF </p><p>$59.99</p><a href="https://www.amazon.com/dp/B09JV8DBX5?tag=eloabder-20&linkCode=osi&th=1&psc=1">View Product</a></div><div class="product"><a href="https://www.amazon.com/dp/B0BS75GLH2?tag=eloabder-20&linkCode=osi&th=1&psc=1"><img src="https://m.media-amazon.com/images/I/31Dss3HeqwL._SL500_.jpg" alt="Product Image"></a><p>Electric Egg Beater, Cordless Hand Mixer 3 Speeds for Home Baking (Black)</p><p> -11% 0FF </p><p>$15.97</p><a href="https://www.amazon.com/dp/B0BS75GLH2?tag=eloabder-20&linkCode=osi&th=1&psc=1">View Product</a></div><div class="product"><a href="https://www.amazon.com/dp/B075X1KPLZ?tag=eloabder-20&linkCode=osi&th=1&psc=1"><img src="https://m.media-amazon.com/images/I/515aqZsYz-L._SL500_.jpg" alt="Product Image"></a><p>Mueller Immersion Blender Handheld - 8 Speed Stainless Steel Electric Hand Blender, 3 in 1 Emulsion Blender Handheld with Turbo Mode, Stick Blender Emulsifier for Kitchen for Soup, Smoothie, Puree</p><p> -13% 0FF </p><p>$34.99</p><a href="https://www.amazon.com/dp/B075X1KPLZ?tag=eloabder-20&linkCode=osi&th=1&psc=1">View Product</a></div>
<div class="product"><a href="https://www.amazon.com/dp/B07GJXFCGR?tag=eloabder-20&linkCode=osi&th=1&psc=1"><img src="https://m.media-amazon.com/images/I/41bfOIwQ93L._SL500_.jpg" alt="Product Image"></a><p>Whisk Wiper® PRO compatible with KitchenAid Bowl-Lift Stand Mixers - Mix Without The Mess - The Ultimate Stand Mixer Accessory - Only Compatible With 6-Wire Whisks (Glass Blue)</p><p> -5% 0FF </p><p>$18.95</p><a href="https://www.amazon.com/dp/B07GJXFCGR?tag=eloabder-20&linkCode=osi&th=1&psc=1">View Product</a></div><div class="product"><a href="https://www.amazon.com/dp/B07796MWGN?tag=eloabder-20&linkCode=osi&th=1&psc=1"><img src="https://m.media-amazon.com/images/I/41GMDDQ6GWL._SL500_.jpg" alt="Product Image"></a><p>Whisk Wiper® PRO for Stand Mixers - Mix Without The Mess - The Ultimate Stand Mixer Accessory - Compatible With KitchenAid Tilt-Head Stand Mixers - 4.5qt, 5qt (Color: Clear)</p><p> -5% 0FF </p><p>$18.95</p><a href="https://www.amazon.com/dp/B07796MWGN?tag=eloabder-20&linkCode=osi&th=1&psc=1">View Product</a></div><div class="product"><a href="https://www.amazon.com/dp/B091F4PDNH?tag=eloabder-20&linkCode=osi&th=1&psc=1"><img src="https://m.media-amazon.com/images/I/31sUVweurbL._SL500_.jpg" alt="Product Image"></a><p>3- in-1 Immersion Hand blender, Powerful MOTOR & Stainless Steel Stick Blender, 4 Sharpe Blades with Whisk, Milk Frother Attachments</p><p> -16% 0FF </p><p>$22.80</p><a href="https://www.amazon.com/dp/B091F4PDNH?tag=eloabder-20&linkCode=osi&th=1&psc=1">View Product</a></div><div class="product"><a href="https://www.amazon.com/dp/B0CH4YZMTN?tag=eloabder-20&linkCode=osi&th=1&psc=1"><img src="https://m.media-amazon.com/images/I/41Q0AfduopL._SL500_.jpg" alt="Product Image"></a><p>Double Whisk Milk Frother, Handheld Electric Blender stick, Drink Mixer with Food Grade Stainless Steel Stirrer, Battery Operated Foam Maker for Coffee, Cappuccino, Matcha,Hot Chocolate Latte, in Pink</p><p> -20% 0FF </p><p>$7.99</p><a href="https://www.amazon.com/dp/B0CH4YZMTN?tag=eloabder-20&linkCode=osi&th=1&psc=1">View Product</a></div>
<div class="product"><a href="https://www.amazon.com/dp/B072TNMLNF?tag=eloabder-20&linkCode=osi&th=1&psc=1"><img src="https://m.media-amazon.com/images/I/41OnUdyH+sL._SL500_.jpg" alt="Product Image"></a><p>KitchenAid Vegetable Sheet Cutter, 1, Metallic</p><p> -38% 0FF </p><p>$79.99</p><a href="https://www.amazon.com/dp/B072TNMLNF?tag=eloabder-20&linkCode=osi&th=1&psc=1">View Product</a></div><div class="product"><a href="https://www.amazon.com/dp/B08GS17PFW?tag=eloabder-20&linkCode=osi&th=1&psc=1"><img src="https://m.media-amazon.com/images/I/41wT8q2I1aL._SL500_.jpg" alt="Product Image"></a><p>Spiralizer Attachment (5 Blades) Compatible with KitchenAid Stand Mixer, Comes with Peel, Core and Slice (Not KitchenAid Brand Spiralizer)</p><p> -22% 0FF </p><p>$69.98</p><a href="https://www.amazon.com/dp/B08GS17PFW?tag=eloabder-20&linkCode=osi&th=1&psc=1">View Product</a></div><div class="product"><a href="https://www.amazon.com/dp/B07H4K499J?tag=eloabder-20&linkCode=osi&th=1&psc=1"><img src="https://m.media-amazon.com/images/I/41y9+qxAXXL._SL500_.jpg" alt="Product Image"></a><p>Electric Food Processor,Food Chopper with Garlic Peeler and Titanium Coating Blades, 5 Cup Glass Bowl for Vegetables Fruit Salad Onion Garlic Meat Ice Chopper, Silver</p><p> -7% 0FF </p><p>$41.99</p><a href="https://www.amazon.com/dp/B07H4K499J?tag=eloabder-20&linkCode=osi&th=1&psc=1">View Product</a></div><div class="product"><a href="https://www.amazon.com/dp/B0D54CYJWN?tag=eloabder-20&linkCode=osi&th=1&psc=1"><img src="https://m.media-amazon.com/images/I/41JhLwIwMEL._SL500_.jpg" alt="Product Image"></a><p>Sunvivi Electric Food Chopper, 4 in 1 Small Food Processor for Grinding Meat, Peeling Garlic & Juicing, 2 Speed Blender and Food Grinder Combo with 1.5L Glass Bowl & 2 Cups (0.4L+0.2L), Black</p><p> -17% 0FF </p><p>$49.99</p><a href="https://www.amazon.com/dp/B0D54CYJWN?tag=eloabder-20&linkCode=osi&th=1&psc=1">View Product</a></div>
<div class="product"><a href="https://www.amazon.com/dp/B0CJLKS9CR?tag=eloabder-20&linkCode=osi&th=1&psc=1"><img src="https://m.media-amazon.com/images/I/41l9Ty14tRL._SL500_.jpg" alt="Product Image"></a><p>Mason Jar Vacuum Sealer - Electric Mason Jar Sealer Vacuum Sealing Kit, Vacuum Sealer for Mason Canning Jars with Can Opener, Regular and Wide Mouth Mason Jar Lids</p><p> -63% 0FF </p><p>$21.99</p><a href="https://www.amazon.com/dp/B0CJLKS9CR?tag=eloabder-20&linkCode=osi&th=1&psc=1">View Product</a></div>
<div class="product"><a href="https://www.amazon.com/dp/B01261VEOG?tag=eloabder-20&linkCode=osi&th=1&psc=1"><img src="https://m.media-amazon.com/images/I/418kVwEu+dL._SL500_.jpg" alt="Product Image"></a><p>Secura Electric Wine Opener, Automatic Electric Wine Bottle Corkscrew Opener with Foil Cutter, Rechargeable (Stainless Steel)</p><p> -35% 0FF </p><p>$21.77</p><a href="https://www.amazon.com/dp/B01261VEOG?tag=eloabder-20&linkCode=osi&th=1&psc=1">View Product</a></div><div class="product"><a href="https://www.amazon.com/dp/B07MH2W7QS?tag=eloabder-20&linkCode=osi&th=1&psc=1"><img src="https://m.media-amazon.com/images/I/41SB3Mq+ZtL._SL500_.jpg" alt="Product Image"></a><p>Air Pressure Pump Bottle Opener With Foil Cutter,Aerator Pourer,Vacuum Stopper(4PCS),Simple Cork Remover,Efficient Corkscrew Bottle Opener,Great For Wine Lovers,Perfect Wine Gift.</p><p> -33% 0FF </p><p>$9.99</p><a href="https://www.amazon.com/dp/B07MH2W7QS?tag=eloabder-20&linkCode=osi&th=1&psc=1">View Product</a></div><div class="product"><a href="https://www.amazon.com/dp/B08D8XHNXQ?tag=eloabder-20&linkCode=osi&th=1&psc=1"><img src="https://m.media-amazon.com/images/I/412uOa7TXAL._SL500_.jpg" alt="Product Image"></a><p>COKUNST Electric Wine Opener, Battery Operated Wine Bottle Openers with Foil Cutter, One-click Button Corkscrew Remover for Home Kitchen Party Wedding</p><p> -32% 0FF </p><p>$12.99</p><a href="https://www.amazon.com/dp/B08D8XHNXQ?tag=eloabder-20&linkCode=osi&th=1&psc=1">View Product</a></div><div class="product"><a href="https://www.amazon.com/dp/B00NOPV4JO?tag=eloabder-20&linkCode=osi&th=1&psc=1"><img src="https://m.media-amazon.com/images/I/31Z5OAL71SL._SL500_.jpg" alt="Product Image"></a><p>Rabbit Automatic Electric Corkscrew Wine Bottle Opener, One Size, Shiny Black</p><p> -24% 0FF </p><p>$34.99</p><a href="https://www.amazon.com/dp/B00NOPV4JO?tag=eloabder-20&linkCode=osi&th=1&psc=1">View Product</a></div>
<div class="product"><a href="https://www.amazon.com/dp/B0C84YQTNB?tag=eloabder-20&linkCode=osi&th=1&psc=1"><img src="https://m.media-amazon.com/images/I/51eZxT5kAZL._SL500_.jpg" alt="Product Image"></a><p>OurWarm Christmas Refrigerator Handle Covers Set of 4, Christmas Kitchen Decor Nutcracker Fridge Door Handle Cover Appliance Handle Covers for Christmas Decorations</p><p> -23% 0FF </p><p>$9.99 ($2.50 / Count)</p><a href="https://www.amazon.com/dp/B0C84YQTNB?tag=eloabder-20&linkCode=osi&th=1&psc=1">View Product</a></div><div class="product"><a href="https://www.amazon.com/dp/B0DJPYJTLW?tag=eloabder-20&linkCode=osi&th=1&psc=1"><img src="https://m.media-amazon.com/images/I/41nftVACcIL._SL500_.jpg" alt="Product Image"></a><p>Yankee Candle Scentplug Diffuser, Nutcracker with Light Sensor</p><p> -13% 0FF </p><p>$19.89</p><a href="https://www.amazon.com/dp/B0DJPYJTLW?tag=eloabder-20&linkCode=osi&th=1&psc=1">View Product</a></div>
<div class="product"><a href="https://www.amazon.com/dp/B0BNQXXT2F?tag=eloabder-20&linkCode=osi&th=1&psc=1"><img src="https://m.media-amazon.com/images/I/31X0LkDwyKL._SL500_.jpg" alt="Product Image"></a><p>Hamilton Beach Electric Knife Set with Reciprocating Serrated Blades, Storage Case, Fork - For Carving Meats, Bread, Foam, More</p><p> -14% 0FF </p><p>$21.49</p><a href="https://www.amazon.com/dp/B0BNQXXT2F?tag=eloabder-20&linkCode=osi&th=1&psc=1">View Product</a></div><div class="product"><a href="https://www.amazon.com/dp/B00006IUX1?tag=eloabder-20&linkCode=osi&th=1&psc=1"><img src="https://m.media-amazon.com/images/I/21YsbXZzuqL._SL500_.jpg" alt="Product Image"></a><p>Proctor Silex Easy Slice Electric Knife for Carving Meats, Poultry, Bread, Crafting Foam and More, Lightweight with Contoured Grip, White</p><p> -5% 0FF </p><p>$18.99</p><a href="https://www.amazon.com/dp/B00006IUX1?tag=eloabder-20&linkCode=osi&th=1&psc=1">View Product</a></div>

<div class="product"><a href="https://www.amazon.com/dp/B079MJ68Y9?tag=eloabder-20&linkCode=osi&th=1&psc=1"><img src="https://m.media-amazon.com/images/I/211nSaqDuuL._SL500_.jpg" alt="Product Image"></a><p>OVENTE Electric Immersion Hand Blender 300 Watt 2 Mixing Speed with Stainless Steel Blades, Powerful Portable Easy Control Grip Stick Mixer Perfect for Smoothies, Puree Baby Food & Soup, Red HS560R</p><p> -23% 0FF </p><p>$16.96</p><a href="https://www.amazon.com/dp/B079MJ68Y9?tag=eloabder-20&linkCode=osi&th=1&psc=1">View Product</a></div><div class="product"><a href="https://www.amazon.com/dp/B08HSNGR8P?tag=eloabder-20&linkCode=osi&th=1&psc=1"><img src="https://m.media-amazon.com/images/I/510nvQxxbfL._SL500_.jpg" alt="Product Image"></a><p>Mueller Multistick 800W 4-in-1 Immersion Blender Handheld, 12 Speed Hand Mixer - Turbo Boost, Heaviest Duty Copper Motor, Titanium Blades Hand Blender, Milk Frother Wand, Whisk, Beaker, Chopper</p><p> -20% 0FF </p><p>$39.96</p><a href="https://www.amazon.com/dp/B08HSNGR8P?tag=eloabder-20&linkCode=osi&th=1&psc=1">View Product</a></div><div class="product"><a href="https://www.amazon.com/dp/B08F2SS6T2?tag=eloabder-20&linkCode=osi&th=1&psc=1"><img src="https://m.media-amazon.com/images/I/21TyV9p71CL._SL500_.jpg" alt="Product Image"></a><p>KitchenAid Variable Speed Corded Hand Blender KHBV53, Empire Red</p><p> -25% 0FF </p><p>$44.99</p><a href="https://www.amazon.com/dp/B08F2SS6T2?tag=eloabder-20&linkCode=osi&th=1&psc=1">View Product</a></div>
<div class="product"><a href="https://www.amazon.com/dp/B0DB29NMGK?tag=eloabder-20&linkCode=osi&th=1&psc=1"><img src="https://m.media-amazon.com/images/I/41zIfRgW1QL._SL500_.jpg" alt="Product Image"></a><p>Garlic Press, UHIYEE Multipurpose Garlic Grinder BPA-Free, Garlic Crusher Tool Dishwasher Safe, Easy-Clean Garlic Press Mincer, Ideal Kitchen Gifts</p><p> -14% 0FF </p><p>$18.95</p><a href="https://www.amazon.com/dp/B0DB29NMGK?tag=eloabder-20&linkCode=osi&th=1&psc=1">View Product</a></div><div class="product"><a href="https://www.amazon.com/dp/B0D969K4X6?tag=eloabder-20&linkCode=osi&th=1&psc=1"><img src="https://m.media-amazon.com/images/I/41oe5uMPzbL._SL500_.jpg" alt="Product Image"></a><p>KOIOS Food Processor, 500W Electric Food Chopper with 2 Bowls (8 Cup+8 Cup) & 2 Bi-Level Blades&, Small Electric Grinder Meat Processor for Nuts, Meat, Onion, Garlic, Baby Food, Blue</p><p> -25% 0FF </p><p>$29.99</p><a href="https://www.amazon.com/dp/B0D969K4X6?tag=eloabder-20&linkCode=osi&th=1&psc=1">View Product</a></div>
<div class="product"><a href="https://www.amazon.com/dp/B01MUTSU13?tag=eloabder-20&linkCode=osi&th=1&psc=1"><img src="https://m.media-amazon.com/images/I/41LObBw8jvL._SL500_.jpg" alt="Product Image"></a><p>KitchenAid Fresh Prep Slicer/Shredder, 1, White</p><p> -25% 0FF </p><p>$44.99</p><a href="https://www.amazon.com/dp/B01MUTSU13?tag=eloabder-20&linkCode=osi&th=1&psc=1">View Product</a></div><div class="product"><a href="https://www.amazon.com/dp/B0CRDX11GS?tag=eloabder-20&linkCode=osi&th=1&psc=1"><img src="https://m.media-amazon.com/images/I/41FzBxdrTHL._SL500_.jpg" alt="Product Image"></a><p>Heiolkako Stainless Steel Slicer Shredder Attachment for KitchenAid Stand Mixer,Cheese Grater,Salad Maker,Grinding Powder,Kitchenaid Cheese Grater Attachment with 4 Blades</p><p> -54% 0FF </p><p>$32.19</p><a href="https://www.amazon.com/dp/B0CRDX11GS?tag=eloabder-20&linkCode=osi&th=1&psc=1">View Product</a></div><div class="product"><a href="https://www.amazon.com/dp/B07H96RQDK?tag=eloabder-20&linkCode=osi&th=1&psc=1"><img src="https://m.media-amazon.com/images/I/41TaPboi9IL._SL500_.jpg" alt="Product Image"></a><p>Slicer Shredder Attachment for KitchenAid Stand Mixers, Vegetable for Kitchenaid, Cheese Grater by Gvode</p><p> -23% 0FF </p><p>$35.99</p><a href="https://www.amazon.com/dp/B07H96RQDK?tag=eloabder-20&linkCode=osi&th=1&psc=1">View Product</a></div><div class="product"><a href="https://www.amazon.com/dp/B09ZTVCN76?tag=eloabder-20&linkCode=osi&th=1&psc=1"><img src="https://m.media-amazon.com/images/I/51295QO3owL._SL500_.jpg" alt="Product Image"></a><p>FOHERE Electric Cheese Grater Salad Maker, Electric Slicer Shredder for Home Kitchen Use, One-Touch Easy Control, Electric Grater for Vegetables, Cheeses and Nuts, BPA-Free, Red</p><p> -8% 0FF </p><p>$54.99</p><a href="https://www.amazon.com/dp/B09ZTVCN76?tag=eloabder-20&linkCode=osi&th=1&psc=1">View Product</a></div><div class="product"><a href="https://www.amazon.com/dp/B00006IV0R?tag=eloabder-20&linkCode=osi&th=1&psc=1"><img src="https://m.media-amazon.com/images/I/41hdPUCSeiL._SL500_.jpg" alt="Product Image"></a><p>Presto Salad Shooter Electric Slicer/Shredder,White</p><p> -12% 0FF </p><p>$43.99</p><a href="https://www.amazon.com/dp/B00006IV0R?tag=eloabder-20&linkCode=osi&th=1&psc=1">View Product</a></div><div class="product"><a href="https://www.amazon.com/dp/B0000Z6JJG?tag=eloabder-20&linkCode=osi&th=1&psc=1"><img src="https://m.media-amazon.com/images/I/41qu0qCEbpL._SL500_.jpg" alt="Product Image"></a><p>Presto 02970 Professional SaladShooter Electric Slicer/Shredder, Black,1 count</p><p> -7% 0FF </p><p>$69.94</p><a href="https://www.amazon.com/dp/B0000Z6JJG?tag=eloabder-20&linkCode=osi&th=1&psc=1">View Product</a></div>
<div class="product"><a href="https://www.amazon.com/dp/B0CRH69TNQ?tag=eloabder-20&linkCode=osi&th=1&psc=1"><img src="https://m.media-amazon.com/images/I/41TdTRUZE+L._SL500_.jpg" alt="Product Image"></a><p>KSIFJRTO Electric Salad Spinner Large 4.75L.Vegetable Washer Dryer Dishwasher Safe.Lettuce Cleaner and Dryer.BPA Free and Easy to Use</p><p> -5% 0FF </p><p>$37.99</p><a href="https://www.amazon.com/dp/B0CRH69TNQ?tag=eloabder-20&linkCode=osi&th=1&psc=1">View Product</a></div><div class="product"><a href="https://www.amazon.com/dp/B0C8166T64?tag=eloabder-20&linkCode=osi&th=1&psc=1"><img src="https://m.media-amazon.com/images/I/51vSDD8O4XL._SL500_.jpg" alt="Product Image"></a><p>Electric Salad Spinner 6.3-Quart– Large Capacity Lettuce Spinner with Squeeze Bottle,Built-In Draining System,and Bowl & Colander – Serves 6-12 Persons Perfect for Family Meals, Parties and Gatherings</p><p> -20% 0FF </p><p>$39.99</p><a href="https://www.amazon.com/dp/B0C8166T64?tag=eloabder-20&linkCode=osi&th=1&psc=1">View Product</a></div><div class="product"><a href="https://www.amazon.com/dp/B0CBRXK8TV?tag=eloabder-20&linkCode=osi&th=1&psc=1"><img src="https://m.media-amazon.com/images/I/51F8UrWeiVL._SL500_.jpg" alt="Product Image"></a><p>Electric Salad Spinner,Automatic Salad Rotator,USB Chargeble Lettuce Spinner- Easy Water Drain System,Lettuce Cleaner and Dryer for Home Kitchen Washing & Drying Leafy Vegetables (White)</p><p> -11% 0FF </p><p>$32.99</p><a href="https://www.amazon.com/dp/B0CBRXK8TV?tag=eloabder-20&linkCode=osi&th=1&psc=1">View Product</a></div>
<div class="product"><a href="https://www.amazon.com/dp/B06XQMK2GJ?tag=eloabder-20&linkCode=osi&th=1&psc=1"><img src="https://m.media-amazon.com/images/I/31e1L9CJeZL._SL500_.jpg" alt="Product Image"></a><p>Hobart 00-270348 Tenderizer Cover, 13" Height, 13" Width, 9" Length</p><p> -43% 0FF </p><p>$153.87</p><a href="https://www.amazon.com/dp/B06XQMK2GJ?tag=eloabder-20&linkCode=osi&th=1&psc=1">View Product</a></div>
<div class="product"><a href="https://www.amazon.com/dp/B001DZ6TH4?tag=eloabder-20&linkCode=osi&th=1&psc=1"><img src="https://m.media-amazon.com/images/I/31WNioaDy-L._SL500_.jpg" alt="Product Image"></a><p>Tribest CitriStar Citrus Stainless Steel Strainer and Spout, Electric Juicer, White</p><p> -22% 0FF </p><p>$46.96</p><a href="https://www.amazon.com/dp/B001DZ6TH4?tag=eloabder-20&linkCode=osi&th=1&psc=1">View Product</a></div>
<div class="product"><a href="https://www.amazon.com/dp/B07SJQZVZS?tag=eloabder-20&linkCode=osi&th=1&psc=1"><img src="https://m.media-amazon.com/images/I/41F036om3pL._SL500_.jpg" alt="Product Image"></a><p>WEPSEN Hand Mixer Electric Mixing Bowls Set, 5 Speeds Handheld Mixer with 4 Nesting Stainless Steel Mixing Bowl, Measuring Cups Spoons 200W Kitchen Blender Whisk Beater Baking Supplies For Beginner</p><p> -5% 0FF </p><p>$40.99</p><a href="https://www.amazon.com/dp/B07SJQZVZS?tag=eloabder-20&linkCode=osi&th=1&psc=1">View Product</a></div><div class="product"><a href="https://www.amazon.com/dp/B08PYNC8T8?tag=eloabder-20&linkCode=osi&th=1&psc=1"><img src="https://m.media-amazon.com/images/I/31vrHycpiJL._SL500_.jpg" alt="Product Image"></a><p>Milk Frothing Pitcher, 12 Oz Milk Frother Steamer Cup Stainless Steel Espresso Cup</p><p> -28% 0FF </p><p>$8.69</p><a href="https://www.amazon.com/dp/B08PYNC8T8?tag=eloabder-20&linkCode=osi&th=1&psc=1">View Product</a></div><div class="product"><a href="https://www.amazon.com/dp/B08J3XXP67?tag=eloabder-20&linkCode=osi&th=1&psc=1"><img src="https://m.media-amazon.com/images/I/41OnPGc9k9L._SL500_.jpg" alt="Product Image"></a><p>EIKS 2 Pack 3oz(100ml) Glass Measuring Cups Milk Frothing Pitcher for Coffee Espresso Cappuccino Latte Juice Maker in Kitchen Restaurant</p><p> -16% 0FF </p><p>$9.99 ($5.00 / Count)</p><a href="https://www.amazon.com/dp/B08J3XXP67?tag=eloabder-20&linkCode=osi&th=1&psc=1">View Product</a></div>
<div class="product"><a href="https://www.amazon.com/dp/B0D41QZ9T2?tag=eloabder-20&linkCode=osi&th=1&psc=1"><img src="https://m.media-amazon.com/images/I/41V+hiXhcgL._SL500_.jpg" alt="Product Image"></a><p>3 in 1 Cup Lid Cleaning Brush, 2024 Multifunctional Crevice Portable Cup Lid Cleaning Brush for Bottle Gap Tight Spaces Cup (B-Green)</p><p> -60% 0FF </p><p>$3.99</p><a href="https://www.amazon.com/dp/B0D41QZ9T2?tag=eloabder-20&linkCode=osi&th=1&psc=1">View Product</a></div><div class="product"><a href="https://www.amazon.com/dp/B08ZJXMHR5?tag=eloabder-20&linkCode=osi&th=1&psc=1"><img src="https://m.media-amazon.com/images/I/31k9l0vz6VL._SL500_.jpg" alt="Product Image"></a><p>Brew Addicts Coffee Scoop Funnel for Reusable K Cups, Coffee Spoon Keurig Accessories for Keurig Brewers & Other Refillable Capsules, Dark Black</p><p> -9% 0FF </p><p>$8.99</p><a href="https://www.amazon.com/dp/B08ZJXMHR5?tag=eloabder-20&linkCode=osi&th=1&psc=1">View Product</a></div><div class="product"><a href="https://www.amazon.com/dp/B07C4TXDSL?tag=eloabder-20&linkCode=osi&th=1&psc=1"><img src="https://m.media-amazon.com/images/I/41BNPoEQz+L._SL500_.jpg" alt="Product Image"></a><p>Milk Frothing Pitcher Cup, 12oz/350ML Milk Frother Cup Stainless Steel Steaming Pitcher Milk Jug Coffee Latte Art Cappuccino Espresso Machine Accessories Barista Steam Pitchers Attached Dessert Spoons</p><p> -23% 0FF </p><p>$9.99</p><a href="https://www.amazon.com/dp/B07C4TXDSL?tag=eloabder-20&linkCode=osi&th=1&psc=1">View Product</a></div><div class="product"><a href="https://www.amazon.com/dp/B0CNVMZ2LM?tag=eloabder-20&linkCode=osi&th=1&psc=1"><img src="https://m.media-amazon.com/images/I/41j0UEM6XPL._SL500_.jpg" alt="Product Image"></a><p>Reusable Coffee Capsule Filters 3Pcs, Colorful Coffee Filters for Nescafe Dolce Gusto Brewers Machine, Reusable Refillable Coffee Pods Capsule Filter Cups Kit with Cleaning Brush and Measuring Spoon</p><p> -13% 0FF </p><p>$6.98 ($6.60 / Ounce)</p><a href="https://www.amazon.com/dp/B0CNVMZ2LM?tag=eloabder-20&linkCode=osi&th=1&psc=1">View Product</a></div>
<div class="product"><a href="https://www.amazon.com/dp/B08FB31NH5?tag=eloabder-20&linkCode=osi&th=1&psc=1"><img src="https://m.media-amazon.com/images/I/41eJZ9MTfFL._SL500_.jpg" alt="Product Image"></a><p>WEPSEN 5-Speed Electric Hand Mixer, 4 Large Mixing Bowls Set, Handheld Mixers with Whisks Beater, Stainless Steel Metal Nesting Bowl Measuring Cups Spoons Kitchen Cake Blender for Baking Supplies</p><p> -30% 0FF </p><p>$41.98</p><a href="https://www.amazon.com/dp/B08FB31NH5?tag=eloabder-20&linkCode=osi&th=1&psc=1">View Product</a></div><div class="product"><a href="https://www.amazon.com/dp/B0DF2T1HMZ?tag=eloabder-20&linkCode=osi&th=1&psc=1"><img src="https://m.media-amazon.com/images/I/41xSelvq-CL._SL500_.jpg" alt="Product Image"></a><p>5 QT Food-Grade Stainless Steel Mixer Bowl Compatible With KITCHENAID TILT-HEAD STAND MIXERS 4.5-5 Quart, with Anti-slip handle & Prominent Clasp, Stainless Steel Polished</p><p> -25% 0FF </p><p>$29.99</p><a href="https://www.amazon.com/dp/B0DF2T1HMZ?tag=eloabder-20&linkCode=osi&th=1&psc=1">View Product</a></div><div class="product"><a href="https://www.amazon.com/dp/B0C5XYPXCS?tag=eloabder-20&linkCode=osi&th=1&psc=1"><img src="https://m.media-amazon.com/images/I/31apfzgKDUL._SL500_.jpg" alt="Product Image"></a><p>KitchenAid 5 Quart Ceramic Bowl for all 4.5-5 Quart Tilt-Head Stand Mixers KSM2CB5MR, Meringue</p><p> -25% 0FF </p><p>$74.99</p><a href="https://www.amazon.com/dp/B0C5XYPXCS?tag=eloabder-20&linkCode=osi&th=1&psc=1">View Product</a></div>
<div class="product"><a href="https://www.amazon.com/dp/B097QVPFVQ?tag=eloabder-20&linkCode=osi&th=1&psc=1"><img src="https://m.media-amazon.com/images/I/31ROOH+yjAL._SL500_.jpg" alt="Product Image"></a><p>Thermoplastic Rubber Microwave Splatter Cover,Microwave Cover for Food Fruit Drainer,BPA-Free Dishwasher Safe 10.5 inch (GREY)</p><p> -20% 0FF </p><p>$7.99 ($226.35 / Ounce)</p><a href="https://www.amazon.com/dp/B097QVPFVQ?tag=eloabder-20&linkCode=osi&th=1&psc=1">View Product</a></div><div class="product"><a href="https://www.amazon.com/dp/B08N4Q6SM1?tag=eloabder-20&linkCode=osi&th=1&psc=1"><img src="https://m.media-amazon.com/images/I/41lhA8-GScL._SL500_.jpg" alt="Product Image"></a><p>4Pcs Coffee Filter,Flannel Cloth Coffee Filter Strainers with Steel Handle,Reusable Flannel Coffee Dripper,Coffee Sock Filter Bag Coffee Cloth Strainers for Home Office Kitchen Use</p><p> -11% 0FF </p><p>$10.69 ($2.67 / Count)</p><a href="https://www.amazon.com/dp/B08N4Q6SM1?tag=eloabder-20&linkCode=osi&th=1&psc=1">View Product</a></div>
<div class="product"><a href="https://www.amazon.com/dp/B00EC8PQ82?tag=eloabder-20&linkCode=osi&th=1&psc=1"><img src="https://m.media-amazon.com/images/I/21NR7t3CeGL._SL500_.jpg" alt="Product Image"></a><p>Randell RP CPH1648 Poly Cutting Board, 1/2" x 16" x 48"</p><p> -20% 0FF </p><p>$325.43</p><a href="https://www.amazon.com/dp/B00EC8PQ82?tag=eloabder-20&linkCode=osi&th=1&psc=1">View Product</a></div><div class="product"><a href="https://www.amazon.com/dp/B0BPSN8F21?tag=eloabder-20&linkCode=osi&th=1&psc=1"><img src="https://m.media-amazon.com/images/I/41YoOZe2UDL._SL500_.jpg" alt="Product Image"></a><p>GASHELL Noodle Board Stove Cover with Handles for Electric, Gas Stove Top (Acacia Wood)</p><p> -13% 0FF </p><p>$69.99</p><a href="https://www.amazon.com/dp/B0BPSN8F21?tag=eloabder-20&linkCode=osi&th=1&psc=1">View Product</a></div><div class="product"><a href="https://www.amazon.com/dp/B0D78SNV83?tag=eloabder-20&linkCode=osi&th=1&psc=1"><img src="https://m.media-amazon.com/images/I/41lHBEbfZOL._SL500_.jpg" alt="Product Image"></a><p>30 x 22 IN Large Cutting Board and Wooden Stove Top Cover, Chopping Board Noodle Boards for Electric Stove Top,Protector Board Cutting Board for Kitchen Counter & Sink cover-Black</p><p> -20% 0FF </p><p>$55.99</p><a href="https://www.amazon.com/dp/B0D78SNV83?tag=eloabder-20&linkCode=osi&th=1&psc=1">View Product</a></div><div class="product"><a href="https://www.amazon.com/dp/B0D4DJ8H4Q?tag=eloabder-20&linkCode=osi&th=1&psc=1"><img src="https://m.media-amazon.com/images/I/41h7GdA0xxL._SL500_.jpg" alt="Product Image"></a><p>Beef Jerky Slicer Kit,Stainless Steel,Adjustable Thickness,Uniform Slices,Include Cutting Board & 14-Inch Slicing Knife,Beef Jerky Making Kit for Chefs & Home Kitchens</p><p> -32% 0FF </p><p>$29.95</p><a href="https://www.amazon.com/dp/B0D4DJ8H4Q?tag=eloabder-20&linkCode=osi&th=1&psc=1">View Product</a></div><div class="product"><a href="https://www.amazon.com/dp/B0DL36NMXX?tag=eloabder-20&linkCode=osi&th=1&psc=1"><img src="https://m.media-amazon.com/images/I/51weGpaSjHL._SL500_.jpg" alt="Product Image"></a><p>Bamboo Bread Slicer for Homemade Bread, Adjustable Width Bread Slicing Guides with Sturdy Wooden Cutting Board, Compact and Foldable - Makes Cutting Bagels or Even Bread Slices Easy</p><p> -29% 0FF </p><p>$16.99</p><a href="https://www.amazon.com/dp/B0DL36NMXX?tag=eloabder-20&linkCode=osi&th=1&psc=1">View Product</a></div>
<div class="product"><a href="https://www.amazon.com/dp/B0CY27GX31?tag=eloabder-20&linkCode=osi&th=1&psc=1"><img src="https://m.media-amazon.com/images/I/51WKkplJ9BL._SL500_.jpg" alt="Product Image"></a><p>Willinglong Tortilla Press Set 8 Inch Tortilla Press Dough Scraper Rolling Pin Tortilla Warmer Pouch 300 Pcs Parchment Paper Quesadilla Flour Tortilla Maker Press for Homemade Roti Taco Press</p><p> -29% 0FF </p><p>$16.99</p><a href="https://www.amazon.com/dp/B0CY27GX31?tag=eloabder-20&linkCode=osi&th=1&psc=1">View Product</a></div><div class="product"><a href="https://www.amazon.com/dp/B0CD875X8N?tag=eloabder-20&linkCode=osi&th=1&psc=1"><img src="https://m.media-amazon.com/images/I/31WugZVklGL._SL500_.jpg" alt="Product Image"></a><p>Wooden Tortilla Press 10 Inches Wood Tortilla Press Maker, with Rolling Pin & 50 Pcs Parchment Paper, for Homemade Mexican Tortillera, Roti, Chapati, Taco, Pataconera, Burritos and Dough Press</p><p> -11% 0FF </p><p>$25.99</p><a href="https://www.amazon.com/dp/B0CD875X8N?tag=eloabder-20&linkCode=osi&th=1&psc=1">View Product</a></div><div class="product"><a href="https://www.amazon.com/dp/B0CYLFCP7W?tag=eloabder-20&linkCode=osi&th=1&psc=1"><img src="https://m.media-amazon.com/images/I/515gTtiF0CL._SL500_.jpg" alt="Product Image"></a><p>Willinglong 6 Pcs Tortilla Press Set 8inch Aluminum Alloy Tortilla Press Comal Pan Dough Scraper Rolling Pin Warmer Pouch 300 Pcs Parchment Paper Bundle of Tortilla Skillet for Making Roti Taco</p><p> -6% 0FF </p><p>$32.99</p><a href="https://www.amazon.com/dp/B0CYLFCP7W?tag=eloabder-20&linkCode=osi&th=1&psc=1">View Product</a></div><div class="product"><a href="https://www.amazon.com/dp/B0D8Q28QP2?tag=eloabder-20&linkCode=osi&th=1&psc=1"><img src="https://m.media-amazon.com/images/I/31hkwaRqBxL._SL500_.jpg" alt="Product Image"></a><p>Wooden Tortilla Press 10 Inches with Rolling Pin & 50 Pcs Parchment Paper Mexican Tortillera Presser Homemade Tortillas Roti Pataconera Dough Press</p><p> -7% 0FF </p><p>$27.99</p><a href="https://www.amazon.com/dp/B0D8Q28QP2?tag=eloabder-20&linkCode=osi&th=1&psc=1">View Product</a></div>
<div class="product"><a href="https://www.amazon.com/dp/B00K05AZ3W?tag=eloabder-20&linkCode=osi&th=1&psc=1"><img src="https://m.media-amazon.com/images/I/41PyWMwn9ZL._SL500_.jpg" alt="Product Image"></a><p>Betty Crocker Countertop Pizza Maker, 1440-Watt Pizza Maker Machine for Home, BC-2958CR</p><p> -20% 0FF </p><p>$42.99</p><a href="https://www.amazon.com/dp/B00K05AZ3W?tag=eloabder-20&linkCode=osi&th=1&psc=1">View Product</a></div><div class="product"><a href="https://www.amazon.com/dp/B0DB5HJDS8?tag=eloabder-20&linkCode=osi&th=1&psc=1"><img src="https://m.media-amazon.com/images/I/41e4O73x4IL._SL500_.jpg" alt="Product Image"></a><p>Mesliese Vacuum Sealer Machine 90Kpa 6-in-1 Compact Food Vacuum Sealing Preservation System with Cutter | 2 Bag Rolls | 5 Pre-cut Bags | Dry&Moist Modes | ETL Listed (Dark Gray)</p><p> -44% 0FF </p><p>$89.99</p><a href="https://www.amazon.com/dp/B0DB5HJDS8?tag=eloabder-20&linkCode=osi&th=1&psc=1">View Product</a></div>
<div class="product"><a href="https://www.amazon.com/dp/B001HT67AA?tag=eloabder-20&linkCode=osi&th=1&psc=1"><img src="https://m.media-amazon.com/images/I/21sfYCxrXVL._SL500_.jpg" alt="Product Image"></a><p>Samsung Tray Ice Part # Da63-02284B</p><p> -30% 0FF </p><p>$17.89</p><a href="https://www.amazon.com/dp/B001HT67AA?tag=eloabder-20&linkCode=osi&th=1&psc=1">View Product</a></div>
<div class="product"><a href="https://www.amazon.com/dp/B001U0274Q?tag=eloabder-20&linkCode=osi&th=1&psc=1"><img src="https://m.media-amazon.com/images/I/41LkyrO5JuL._SL500_.jpg" alt="Product Image"></a><p>FoodSaver Custom Fit Airtight Food Storage and Sous Vide Vacuum Sealer Bags, 8 x 20' (Pack of 3), Perfect for Meal Prep and Sous Vide Cooking</p><p> -21% 0FF </p><p>$29.99 ($10.00 / Count)</p><a href="https://www.amazon.com/dp/B001U0274Q?tag=eloabder-20&linkCode=osi&th=1&psc=1">View Product</a></div><div class="product"><a href="https://www.amazon.com/dp/B0D56W5ML2?tag=eloabder-20&linkCode=osi&th=1&psc=1"><img src="https://m.media-amazon.com/images/I/51XP-5KMw4L._SL500_.jpg" alt="Product Image"></a><p>Dreamealthy Auto Vacuum Seal Containers for Food Storage - 1L+1.5L Vacuum Coffee Canister Sets with Pump. Shatterproof & SmellProof Tritan Airtight Storage Container Kit, Reduce Plactic Vacuum Bag Use</p><p> -5% 0FF </p><p>$56.99</p><a href="https://www.amazon.com/dp/B0D56W5ML2?tag=eloabder-20&linkCode=osi&th=1&psc=1">View Product</a></div><div class="product"><a href="https://www.amazon.com/dp/B099H7J8PN?tag=eloabder-20&linkCode=osi&th=1&psc=1"><img src="https://m.media-amazon.com/images/I/31-0GJisbvL._SL500_.jpg" alt="Product Image"></a><p>ZWILLING Fresh & Save Medium Vacuum Sealer Container, Airtight Food Storage Container, Meal Prep Container, BPA-Free, Grey</p><p> -37% 0FF </p><p>$18.99</p><a href="https://www.amazon.com/dp/B099H7J8PN?tag=eloabder-20&linkCode=osi&th=1&psc=1">View Product</a></div>
<div class="product"><a href="https://www.amazon.com/dp/B07RKRK7FD?tag=eloabder-20&linkCode=osi&th=1&psc=1"><img src="https://m.media-amazon.com/images/I/31g2QgxtCuL._SL500_.jpg" alt="Product Image"></a><p>Wevac Vacuum Sealer Bags 8x50 Rolls 2 pack for Food Saver, Seal a Meal, Weston. Commercial Grade, BPA Free, Heavy Duty, Great for vac storage, Meal Prep or Sous Vide</p><p> -40% 0FF </p><p>$17.99 ($9.00 / Count)</p><a href="https://www.amazon.com/dp/B07RKRK7FD?tag=eloabder-20&linkCode=osi&th=1&psc=1">View Product</a></div><div class="product"><a href="https://www.amazon.com/dp/B00UTFZB82?tag=eloabder-20&linkCode=osi&th=1&psc=1"><img src="https://m.media-amazon.com/images/I/41WdlL5T0dL._SL500_.jpg" alt="Product Image"></a><p>Miele AirClean 3D Efficiency Dust Bag, Type FJM, 4 Bags & 2 Filters, White</p><p> -35% 0FF </p><p>$14.99</p><a href="https://www.amazon.com/dp/B00UTFZB82?tag=eloabder-20&linkCode=osi&th=1&psc=1">View Product</a></div><div class="product"><a href="https://www.amazon.com/dp/B07TV5RNQL?tag=eloabder-20&linkCode=osi&th=1&psc=1"><img src="https://m.media-amazon.com/images/I/31HJO9GuJZL._SL500_.jpg" alt="Product Image"></a><p>Wevac Vacuum Sealer Bags 100 Quart 8x12 Inch for Food Saver, Seal a Meal, Weston. Commercial Grade, BPA Free, Heavy Duty, Great for vac storage, Meal Prep or Sous Vide</p><p> -6% 0FF </p><p>$16.99</p><a href="https://www.amazon.com/dp/B07TV5RNQL?tag=eloabder-20&linkCode=osi&th=1&psc=1">View Product</a></div><div class="product"><a href="https://www.amazon.com/dp/B01D5TM5QE?tag=eloabder-20&linkCode=osi&th=1&psc=1"><img src="https://m.media-amazon.com/images/I/51qQLZaPFuL._SL500_.jpg" alt="Product Image"></a><p>FoodSaver Custom Fit Vacuum Sealer Bags, Airtight Food Storage and Sous Vide Rolls, BPA-Free, 11 x 16' , 3 Count ( Pack of 1)</p><p> -16% 0FF </p><p>$27.66 ($9.22 / Count)</p><a href="https://www.amazon.com/dp/B01D5TM5QE?tag=eloabder-20&linkCode=osi&th=1&psc=1">View Product</a></div>
<div class="product"><a href="https://www.amazon.com/dp/B0CWLC9YK6?tag=eloabder-20&linkCode=osi&th=1&psc=1"><img src="https://m.media-amazon.com/images/I/415B7NyYufL._SL500_.jpg" alt="Product Image"></a><p>Honinst Stand Mixer, 6.5QT 10-Speed Tilt-Head Electric Stand Mixer, 3-In-1 Kitchen Mixer with Bowl, Dough Hook, Whisk and Beater, Food Mixer for Baking, Cake and Most Home Cooks, Black</p><p> -37% 0FF </p><p>$169.99</p><a href="https://www.amazon.com/dp/B0CWLC9YK6?tag=eloabder-20&linkCode=osi&th=1&psc=1">View Product</a></div><div class="product"><a href="https://www.amazon.com/dp/B097SDFSKM?tag=eloabder-20&linkCode=osi&th=1&psc=1"><img src="https://m.media-amazon.com/images/I/51thZZlxEfL._SL500_.jpg" alt="Product Image"></a><p>Stand Mixer, POWWA 7.5 QT Electric Mixer, 6+P Speed 660W Household Tilt-Head Kitchen Food Mixers with Whisk, Dough Hook, Mixing Beater & Splash Guard for Baking, Cake, Cookie, Kneading (Red)</p><p> -25% 0FF </p><p>$99.98</p><a href="https://www.amazon.com/dp/B097SDFSKM?tag=eloabder-20&linkCode=osi&th=1&psc=1">View Product</a></div><div class="product"><a href="https://www.amazon.com/dp/B081SWK6HV?tag=eloabder-20&linkCode=osi&th=1&psc=1"><img src="https://m.media-amazon.com/images/I/51MRbt3XFxL._SL500_.jpg" alt="Product Image"></a><p>VIVOHOME 7.5 Quart Stand Mixer, 660W 6-Speed Tilt-Head Kitchen Electric Food Mixer with Beater, Dough Hook, Wire Whip, and Egg Separator, Red</p><p> -20% 0FF </p><p>$127.99</p><a href="https://www.amazon.com/dp/B081SWK6HV?tag=eloabder-20&linkCode=osi&th=1&psc=1">View Product</a></div>
<div class="product"><a href="https://www.amazon.com/dp/B0CJJN7N7P?tag=eloabder-20&linkCode=osi&th=1&psc=1"><img src="https://m.media-amazon.com/images/I/41YZbs5GBdL._SL500_.jpg" alt="Product Image"></a><p>MUMSUNG Sandwich Cutter and Sealer for Kids, Bread Decruster Sandwich Cutter Pancake Maker, Round Square DIY Cookie Cutters, Great for Lunchbox and Bento Box</p><p> -69% 0FF </p><p>$4.99</p><a href="https://www.amazon.com/dp/B0CJJN7N7P?tag=eloabder-20&linkCode=osi&th=1&psc=1">View Product</a></div><div class="product"><a href="https://www.amazon.com/dp/B0C8C5N1NG?tag=eloabder-20&linkCode=osi&th=1&psc=1"><img src="https://m.media-amazon.com/images/I/41IJqaPrUbL._SL500_.jpg" alt="Product Image"></a><p>Gradient Mode Sandwich Cutter and Sealer, Sandwich Cutter for Kids, Bread Sandwich Decruster, Uncrustables Sandwich Maker, DIY Cookie Cutters, Great for Lunchbox and Bento Box - Boys Girls Kids, Green</p><p> -20% 0FF </p><p>$7.99</p><a href="https://www.amazon.com/dp/B0C8C5N1NG?tag=eloabder-20&linkCode=osi&th=1&psc=1">View Product</a></div>
<div class="product"><a href="https://www.amazon.com/dp/B07JGRYG31?tag=eloabder-20&linkCode=osi&th=1&psc=1"><img src="https://m.media-amazon.com/images/I/31nd-jhgzdL._SL500_.jpg" alt="Product Image"></a><p>Coffee Grinder Cleaning Brush + Coffee Brush Wood Handle & Natural Bristles Pastry Brush</p><p> -13% 0FF </p><p>$6.99</p><a href="https://www.amazon.com/dp/B07JGRYG31?tag=eloabder-20&linkCode=osi&th=1&psc=1">View Product</a></div><div class="product"><a href="https://www.amazon.com/dp/B0D57S8PJP?tag=eloabder-20&linkCode=osi&th=1&psc=1"><img src="https://m.media-amazon.com/images/I/41yqc2Azx6L._SL500_.jpg" alt="Product Image"></a><p>EM Silicone Air Fryer Liners - Pack of 5 Reusable Air Fryer Silicone Liners Including Non- Stick Silicone Mitts, Silicone Basting Pastry Brush, Silicone Kitchen Tongs & 2 Pot Liner–3 to 5 qt</p><p> -8% 0FF </p><p>$12.00</p><a href="https://www.amazon.com/dp/B0D57S8PJP?tag=eloabder-20&linkCode=osi&th=1&psc=1">View Product</a></div><div class="product"><a href="https://www.amazon.com/dp/B0CLGXRV4V?tag=eloabder-20&linkCode=osi&th=1&psc=1"><img src="https://m.media-amazon.com/images/I/31kOdHpkIPL._SL500_.jpg" alt="Product Image"></a><p>Mixer Sliding Mat Compatible with Kitchenaid 4.5 & 5 Quart Stand Mixer, Slider Mat Compatible with 4.5 & 5Qt Kitchenaid Mixer Accessories</p><p> -21% 0FF </p><p>$9.89</p><a href="https://www.amazon.com/dp/B0CLGXRV4V?tag=eloabder-20&linkCode=osi&th=1&psc=1">View Product</a></div><div class="product"><a href="https://www.amazon.com/dp/B0CSYVZ23R?tag=eloabder-20&linkCode=osi&th=1&psc=1"><img src="https://m.media-amazon.com/images/I/41x8RjEPDyL._SL500_.jpg" alt="Product Image"></a><p>LEPCY Uncrustables Sandwich Maker Sealer Cutter, Crustless Sandwich Cutter, PB&J Uncrustable Maker - Color Grey, Square Shape</p><p> -20% 0FF </p><p>$7.99</p><a href="https://www.amazon.com/dp/B0CSYVZ23R?tag=eloabder-20&linkCode=osi&th=1&psc=1">View Product</a></div><div class="product"><a href="https://www.amazon.com/dp/B000I1UTDY?tag=eloabder-20&linkCode=osi&th=1&psc=1"><img src="https://m.media-amazon.com/images/I/213IEK132QL._SL500_.jpg" alt="Product Image"></a><p>Fino Coffee Grinder Brush, Single</p><p> -6% 0FF </p><p>$8.42</p><a href="https://www.amazon.com/dp/B000I1UTDY?tag=eloabder-20&linkCode=osi&th=1&psc=1">View Product</a></div>
<div class="product"><a href="https://www.amazon.com/dp/B089T9CH3Q?tag=eloabder-20&linkCode=osi&th=1&psc=1"><img src="https://m.media-amazon.com/images/I/21HK29dxKaL._SL500_.jpg" alt="Product Image"></a><p>Instant Pot Official Silicone Oven Mitt with Extra Grip, Heat Resistant up to 500°F, Extra Protection, Ribbed Texture for Maximum Dexterity, Compatible with 3 Qt., 6 Qt., 8 Qt. Cookers, Red</p><p> -50% 0FF </p><p>$8.99</p><a href="https://www.amazon.com/dp/B089T9CH3Q?tag=eloabder-20&linkCode=osi&th=1&psc=1">View Product</a></div><div class="product"><a href="https://www.amazon.com/dp/B0C5N35639?tag=eloabder-20&linkCode=osi&th=1&psc=1"><img src="https://m.media-amazon.com/images/I/41wEzgGF0xL._SL500_.jpg" alt="Product Image"></a><p>EM Silicone Air Fryer Liners Set of 5 – Air Fryer Liners Reusable Include Waffle Mold, Egg Bite Mold, Oven Mitts – Food-Grade Temperature Resistant Air Fryer Accessories for 3-5 Quart Air Fryers</p><p> -12% 0FF </p><p>$21.99</p><a href="https://www.amazon.com/dp/B0C5N35639?tag=eloabder-20&linkCode=osi&th=1&psc=1">View Product</a></div>
<div class="product"><a href="https://www.amazon.com/dp/B0B395B11P?tag=eloabder-20&linkCode=osi&th=1&psc=1"><img src="https://m.media-amazon.com/images/I/31tkUVs-mbL._SL500_.jpg" alt="Product Image"></a><p>SIUDANGKA Heat Resistant Mat for Air Fryer with Sliding Function, 2 Pcs 15 * 18 in Heat Resistant Pad Sliding Caddy Countertop Protector Mat Air Fryer Mat for Most XL Air Fryer Oven Microwave Oven</p><p> -7% 0FF </p><p>$17.75</p><a href="https://www.amazon.com/dp/B0B395B11P?tag=eloabder-20&linkCode=osi&th=1&psc=1">View Product</a></div>
<div class="product"><a href="https://www.amazon.com/dp/B09QCRNNK7?tag=eloabder-20&linkCode=osi&th=1&psc=1"><img src="https://m.media-amazon.com/images/I/31I-XJQCuUL._SL500_.jpg" alt="Product Image"></a><p>COKUNST Electric Wine Openers, Reusable Wine Bottle Corkscrew Opener with Foil Cutter, Battery Operated Stainless Steel Wine Remover for Home Kitchen Party Bar Restaurant</p><p> -25% 0FF </p><p>$14.99</p><a href="https://www.amazon.com/dp/B09QCRNNK7?tag=eloabder-20&linkCode=osi&th=1&psc=1">View Product</a></div><div class="product"><a href="https://www.amazon.com/dp/B00NOPV4JY?tag=eloabder-20&linkCode=osi&th=1&psc=1"><img src="https://m.media-amazon.com/images/I/31sTM1MRFWL._SL500_.jpg" alt="Product Image"></a><p>Rabbit Automatic Electric Corkscrew Wine Bottle Opener, One Size, Silver</p><p> -23% 0FF </p><p>$39.99</p><a href="https://www.amazon.com/dp/B00NOPV4JY?tag=eloabder-20&linkCode=osi&th=1&psc=1">View Product</a></div>


<div class="product"><a href="https://www.amazon.com/dp/B01FXMW4AS?tag=eloabder-20&linkCode=osi&th=1&psc=1"><img src="https://m.media-amazon.com/images/I/41Wq-KNZFDL._SL500_.jpg" alt="Product Image"></a><p>Whynter Ice Cream Maker Machine Automatic 2.1 Qt. upright with Built-in Compressor, LCD Digital Display & Timer, No Pre-Freezing, ICM-201SB, Stainless Steel</p><p> -29% 0FF </p><p>$299.00</p><a href="https://www.amazon.com/dp/B01FXMW4AS?tag=eloabder-20&linkCode=osi&th=1&psc=1">View Product</a></div><div class="product"><a href="https://www.amazon.com/dp/B002NQN0MY?tag=eloabder-20&linkCode=osi&th=1&psc=1"><img src="https://m.media-amazon.com/images/I/41K223aT3zL._SL500_.jpg" alt="Product Image"></a><p>Nemco Ice Cream Dipper Station Spadewell (Excluding Divider) - 10"</p><p> -26% 0FF </p><p>$183.70</p><a href="https://www.amazon.com/dp/B002NQN0MY?tag=eloabder-20&linkCode=osi&th=1&psc=1">View Product</a></div><div class="product"><a href="https://www.amazon.com/dp/B0CZP59DNQ?tag=eloabder-20&linkCode=osi&th=1&psc=1"><img src="https://m.media-amazon.com/images/I/41T9b8zapyL._SL500_.jpg" alt="Product Image"></a><p>1.2-Quart Touch Screen Automatic Ice Cream Maker with Compressor, No Pre-freezing, 4 Modes Frozen Yogurt Machine with LCD Display & Timer, Electric Sorbet Maker Gelato Maker, Keep Cool Function</p><p> -17% 0FF </p><p>$115.99</p><a href="https://www.amazon.com/dp/B0CZP59DNQ?tag=eloabder-20&linkCode=osi&th=1&psc=1">View Product</a></div><div class="product"><a href="https://www.amazon.com/dp/B00N63J432?tag=eloabder-20&linkCode=osi&th=1&psc=1"><img src="https://m.media-amazon.com/images/I/41wEAeSx4UL._SL500_.jpg" alt="Product Image"></a><p>Whynter Ice Cream Maker Machine Automatic 2.1 Qt with Built-in Compressor, LCD Digital Display & Timer, No Pre-Freezing, ICM-200LS, Stainless Steel</p><p> -14% 0FF </p><p>$256.79</p><a href="https://www.amazon.com/dp/B00N63J432?tag=eloabder-20&linkCode=osi&th=1&psc=1">View Product</a></div>

<div class="product"><a href="https://www.amazon.com/dp/B0DC68RRGT?tag=eloabder-20&linkCode=osi&th=1&psc=1"><img src="https://m.media-amazon.com/images/I/51VZAdAIKxL._SL500_.jpg" alt="Product Image"></a><p>Upgrade Pizza Oven,12 Inch Electric Pizza Oven Indoor Portable,Stone Pizza Oven,1200W Portable Countertop Pizza Ovens with Viewing Window</p><p> -10% 0FF </p><p>$179.99</p><a href="https://www.amazon.com/dp/B0DC68RRGT?tag=eloabder-20&linkCode=osi&th=1&psc=1">View Product</a></div><div class="product"><a href="https://www.amazon.com/dp/B0CZ4GLJ5Z?tag=eloabder-20&linkCode=osi&th=1&psc=1"><img src="https://m.media-amazon.com/images/I/51t+B-N3asL._SL500_.jpg" alt="Product Image"></a><p>PIEZANO Crispy Crust Pizza Oven by Granitestone – Electric Pizza Oven Indoor Portable, 12 Inch Indoor Pizza Oven Countertop, Pizza Maker Heats up to 800˚F for Stone Baked Pizza at Home - Red</p><p> -35% 0FF </p><p>$129.99</p><a href="https://www.amazon.com/dp/B0CZ4GLJ5Z?tag=eloabder-20&linkCode=osi&th=1&psc=1">View Product</a></div><div class="product"><a href="https://www.amazon.com/dp/B0CQ5M9FFT?tag=eloabder-20&linkCode=osi&th=1&psc=1"><img src="https://m.media-amazon.com/images/I/311GBQPr5lL._SL500_.jpg" alt="Product Image"></a><p>Cuisinart Indoor Pizza Oven – Bake 12” Pizzas in Minutes – Portable Countertop Pizza Oven – Matte Black Stainless Steel - CPZ-120MB</p><p> -50% 0FF </p><p>$199.95</p><a href="https://www.amazon.com/dp/B0CQ5M9FFT?tag=eloabder-20&linkCode=osi&th=1&psc=1">View Product</a></div><div class="product"><a href="https://www.amazon.com/dp/B0CGMGK7GK?tag=eloabder-20&linkCode=osi&th=1&psc=1"><img src="https://m.media-amazon.com/images/I/41-rJaq3d2L._SL500_.jpg" alt="Product Image"></a><p>CHEFMAN Indoor Pizza Oven - Makes 12 Inch Pizzas in Minutes, Heats up to 800°F - Countertop Electric Pizza Maker with 5 Touchscreen Presets, Pizza Stone and Peel Included - Stainless Black</p><p> -45% 0FF </p><p>$219.98</p><a href="https://www.amazon.com/dp/B0CGMGK7GK?tag=eloabder-20&linkCode=osi&th=1&psc=1">View Product</a></div><div class="product"><a href="https://www.amazon.com/dp/B0CS79GLB4?tag=eloabder-20&linkCode=osi&th=1&psc=1"><img src="https://m.media-amazon.com/images/I/41VR6CcjGiL._SL500_.jpg" alt="Product Image"></a><p>KitchenAid Digital Countertop Oven with Air Fry & Pizza Stone, KCO128CU, Contour Silver</p><p> -21% 0FF </p><p>$219.99</p><a href="https://www.amazon.com/dp/B0CS79GLB4?tag=eloabder-20&linkCode=osi&th=1&psc=1">View Product</a></div><div class="product"><a href="https://www.amazon.com/dp/B0DJW43ZLQ?tag=eloabder-20&linkCode=osi&th=1&psc=1"><img src="https://m.media-amazon.com/images/I/41Sh2kNi-oL._SL500_.jpg" alt="Product Image"></a><p>Pizza Oven, 12-Inch Pizza Oven Indoor, 1200W Portable Pizza Maker, Electric Pizza Oven with Timer, Temperature Controller, Suitable for Home, Outdoor, Pizza Shop</p><p> -37% 0FF </p><p>$119.99</p><a href="https://www.amazon.com/dp/B0DJW43ZLQ?tag=eloabder-20&linkCode=osi&th=1&psc=1">View Product</a></div><div class="product"><a href="https://www.amazon.com/dp/B0D3RX91T1?tag=eloabder-20&linkCode=osi&th=1&psc=1"><img src="https://m.media-amazon.com/images/I/41e96oobueL._SL500_.jpg" alt="Product Image"></a><p>Chefman Everything Maker & Pizza Oven – 1440W Countertop Electric Pizza Maker with 12” Nonstick Cooking Plates, Make Pizza, Quesadillas, Omelettes and More, with Indicator Lights and Vertical Storage</p><p> -30% 0FF </p><p>$41.99</p><a href="https://www.amazon.com/dp/B0D3RX91T1?tag=eloabder-20&linkCode=osi&th=1&psc=1">View Product</a></div>
<div class="product"><a href="https://www.amazon.com/dp/B0BCFHN228?tag=eloabder-20&linkCode=osi&th=1&psc=1"><img src="https://m.media-amazon.com/images/I/51EI-QKzMqL._SL500_.jpg" alt="Product Image"></a><p>Pressing Cloth for Ironing Scorch Mesh, Heat Resistant Ironing Cloth Protective Insulation Pad, Saving Ironing Protector Mesh Cloth (White - 2 Pack)</p><p> -16% 0FF </p><p>$7.59</p><a href="https://www.amazon.com/dp/B0BCFHN228?tag=eloabder-20&linkCode=osi&th=1&psc=1">View Product</a></div>
<div class="product"><a href="https://www.amazon.com/dp/B099J26M9V?tag=eloabder-20&linkCode=osi&th=1&psc=1"><img src="https://m.media-amazon.com/images/I/51VUj081IkL._SL500_.jpg" alt="Product Image"></a><p>The Original Korcci 3 Quart Microwave Glass Popcorn Popper, Borosilicate Glass, Dishwasher Safe, 3-in-1 Silicone Lid, BPA Free, Family Size (Blue)</p><p> -15% 0FF </p><p>$16.09</p><a href="https://www.amazon.com/dp/B099J26M9V?tag=eloabder-20&linkCode=osi&th=1&psc=1">View Product</a></div><div class="product"><a href="https://www.amazon.com/dp/B01LZZGH3R?tag=eloabder-20&linkCode=osi&th=1&psc=1"><img src="https://m.media-amazon.com/images/I/51zn6nlVyZL._SL500_.jpg" alt="Product Image"></a><p>BELLA Electric Skillet and Frying Pan with Glass Lid, Nonstick Coating, Cool Touch Handles, Removable Heating Probe, Dishwasher Safe, 12 x 12 inch, Copper</p><p> -23% 0FF </p><p>$26.99</p><a href="https://www.amazon.com/dp/B01LZZGH3R?tag=eloabder-20&linkCode=osi&th=1&psc=1">View Product</a></div>
<div class="product"><a href="https://www.amazon.com/dp/B0DCRZ8NKH?tag=eloabder-20&linkCode=osi&th=1&psc=1"><img src="https://m.media-amazon.com/images/I/41AZ4+X3MsL._SL500_.jpg" alt="Product Image"></a><p>Coffee Filter Holder, Coffee Filter Storage, Filter Paper Holder for Counter Table Napkin Holder Coffee Filter Paper Rack Coffee Bar Gifts Coffee Paper Container for Office Home Kitchen Restaurant</p><p> -13% 0FF </p><p>$6.99</p><a href="https://www.amazon.com/dp/B0DCRZ8NKH?tag=eloabder-20&linkCode=osi&th=1&psc=1">View Product</a></div>
<div class="product"><a href="https://www.amazon.com/dp/B0D3WPZSRF?tag=eloabder-20&linkCode=osi&th=1&psc=1"><img src="https://m.media-amazon.com/images/I/41QGqRpS8hL._SL500_.jpg" alt="Product Image"></a><p>Gypie Coffee Bar Organizer Countertop, 2 Tier Coffee Syrup Organizer Stand Nespresso Coffee Bar Syrup Rack for Coffee Station, Spice Rack for Kitchen, Black</p><p> -57% 0FF </p><p>$9.99</p><a href="https://www.amazon.com/dp/B0D3WPZSRF?tag=eloabder-20&linkCode=osi&th=1&psc=1">View Product</a></div><div class="product"><a href="https://www.amazon.com/dp/B0BKH17CG9?tag=eloabder-20&linkCode=osi&th=1&psc=1"><img src="https://m.media-amazon.com/images/I/41a4dM5cDTL._SL500_.jpg" alt="Product Image"></a><p>Electric Salt and Pepper Grinder Set - Automatic Salt and Pepper Grinder Set Rechargeable - Light Up Electronic Salt and Pepper Shakers with LED Light, Electric Pepper Grinder & Salt Grinder, Set of 2</p><p> -14% 0FF </p><p>$29.99</p><a href="https://www.amazon.com/dp/B0BKH17CG9?tag=eloabder-20&linkCode=osi&th=1&psc=1">View Product</a></div><div class="product"><a href="https://www.amazon.com/dp/B0DD9KVMFN?tag=eloabder-20&linkCode=osi&th=1&psc=1"><img src="https://m.media-amazon.com/images/I/51C8Rw1wopL._SL500_.jpg" alt="Product Image"></a><p>Urban Aura Spice & Herb Grinder, (Black) -Suitable Kitchen (2.5In)</p><p> -5% 0FF </p><p>$9.49</p><a href="https://www.amazon.com/dp/B0DD9KVMFN?tag=eloabder-20&linkCode=osi&th=1&psc=1">View Product</a></div><div class="product"><a href="https://www.amazon.com/dp/B08M4FD4WR?tag=eloabder-20&linkCode=osi&th=1&psc=1"><img src="https://m.media-amazon.com/images/I/51Jzqb5OvzL._SL500_.jpg" alt="Product Image"></a><p>Magic Mill Food Dehydrator Machine | 5 Stackable Stainless Steel Trays Jerky Dryer with Digital Adjustable Timer & Temperature Control - Electric Food Preserver for Fruits, Veggies, Meats & Dog Treats</p><p> -12% 0FF </p><p>$52.99</p><a href="https://www.amazon.com/dp/B08M4FD4WR?tag=eloabder-20&linkCode=osi&th=1&psc=1">View Product</a></div>
<div class="product"><a href="https://www.amazon.com/dp/B001AAHW6E?tag=eloabder-20&linkCode=osi&th=1&psc=1"><img src="https://m.media-amazon.com/images/I/31q3kq-dcJL._SL500_.jpg" alt="Product Image"></a><p>Whirlpool 2179404KRA Beverage Rack for Refrigerators, White – Replaces 2179404KR</p><p> -23% 0FF </p><p>$19.00</p><a href="https://www.amazon.com/dp/B001AAHW6E?tag=eloabder-20&linkCode=osi&th=1&psc=1">View Product</a></div><div class="product"><a href="https://www.amazon.com/dp/B08BJ9RPSS?tag=eloabder-20&linkCode=osi&th=1&psc=1"><img src="https://m.media-amazon.com/images/I/41mLJ0zepPL._SL500_.jpg" alt="Product Image"></a><p>BLACK+DECKER 24 Bottle Wine Fridge with LED Display, Compressor Cooling Wine Cooler Refrigerator with Interior Light, Temperature Controlled Wine Bottle Chiller with Fridge Wine Rack</p><p> -8% 0FF </p><p>$227.82</p><a href="https://www.amazon.com/dp/B08BJ9RPSS?tag=eloabder-20&linkCode=osi&th=1&psc=1">View Product</a></div>
<div class="product"><a href="https://www.amazon.com/dp/B09S5YHJZV?tag=eloabder-20&linkCode=osi&th=1&psc=1"><img src="https://m.media-amazon.com/images/I/41qbqyQ7jDL._SL500_.jpg" alt="Product Image"></a><p>Philips Sparkling Water Maker Soda Maker Machine for Home Carbonating with BPA free PET 1L Carbonating Bottle, Compatible with Any Screw-in 60L CO2 Exchange Carbonator(NOT Included), Grey Plastic</p><p> -17% 0FF </p><p>$49.99</p><a href="https://www.amazon.com/dp/B09S5YHJZV?tag=eloabder-20&linkCode=osi&th=1&psc=1">View Product</a></div>
<div class="product"><a href="https://www.amazon.com/dp/B000U8L1KU?tag=eloabder-20&linkCode=osi&th=1&psc=1"><img src="https://m.media-amazon.com/images/I/31Tcg4WHrrL._SL500_.jpg" alt="Product Image"></a><p>Thermos 34-Ounce Vacuum Insulated Stainless Steel Carafe</p><p> -13% 0FF </p><p>$42.99</p><a href="https://www.amazon.com/dp/B000U8L1KU?tag=eloabder-20&linkCode=osi&th=1&psc=1">View Product</a></div><div class="product"><a href="https://www.amazon.com/dp/B01MRGIZE9?tag=eloabder-20&linkCode=osi&th=1&psc=1"><img src="https://m.media-amazon.com/images/I/41-8Fhz+uGL._SL500_.jpg" alt="Product Image"></a><p>Airpot Coffee Dispenser with Pump - 102 oz Insulated Stainless Steel Coffee Carafe - Thermal Beverage Dispenser - Thermos Urn for Hot/Cold Water, Party Chocolate Drinks</p><p> -32% 0FF </p><p>$40.99</p><a href="https://www.amazon.com/dp/B01MRGIZE9?tag=eloabder-20&linkCode=osi&th=1&psc=1">View Product</a></div><div class="product"><a href="https://www.amazon.com/dp/B01F8P78IS?tag=eloabder-20&linkCode=osi&th=1&psc=1"><img src="https://m.media-amazon.com/images/I/51mk2cW-ajL._SL500_.jpg" alt="Product Image"></a><p>Thermal Coffee Carafe 68oz / 2L - 12 Hours Hot Beverage Dispenser, Insulated Stainless Steel Carafe for Hot Liquids, Coffee Carafes For Keeping Hot Coffee Dispenser for Parties -Large Tea Carafe Flask</p><p> -23% 0FF </p><p>$29.95</p><a href="https://www.amazon.com/dp/B01F8P78IS?tag=eloabder-20&linkCode=osi&th=1&psc=1">View Product</a></div>
<div class="product"><a href="https://www.amazon.com/dp/B0CJJQ7QQR?tag=eloabder-20&linkCode=osi&th=1&psc=1"><img src="https://m.media-amazon.com/images/I/41T7fb2zFLL._SL500_.jpg" alt="Product Image"></a><p>MUMSUNG Sandwich Cutter and Sealer for Kids, DIY Decruster Square Round Heart Pocket Sandwiches, Great for Breakfast Sandwich Maker, Lunchbox and Bento Box</p><p> -67% 0FF </p><p>$7.99</p><a href="https://www.amazon.com/dp/B0CJJQ7QQR?tag=eloabder-20&linkCode=osi&th=1&psc=1">View Product</a></div><div class="product"><a href="https://www.amazon.com/dp/B07KNKS1GC?tag=eloabder-20&linkCode=osi&th=1&psc=1"><img src="https://m.media-amazon.com/images/I/41A7lL8x93L._SL500_.jpg" alt="Product Image"></a><p>DCIGNA 1.2L Mini Rice Cooker, Electric Lunch Box, Travel, Small, Removable Non-stick Pot, Keep Warm Function, Suitable For 1-2 People - For Cooking Soup, Rice, Stews, Grains & Oatmeal</p><p> -35% 0FF </p><p>$25.99</p><a href="https://www.amazon.com/dp/B07KNKS1GC?tag=eloabder-20&linkCode=osi&th=1&psc=1">View Product</a></div><div class="product"><a href="https://www.amazon.com/dp/B083W2RWNL?tag=eloabder-20&linkCode=osi&th=1&psc=1"><img src="https://m.media-amazon.com/images/I/41+rZ7Ja9xL._SL500_.jpg" alt="Product Image"></a><p>HotLogic Max XP Large Portable Electric Lunch Box Food Heater - Expandable Food Warmer Tote and Heated Lunchbox for Adults Work/Car/Home - Cook, Reheat, and Keep Your Food Warm - BLACK - 120V</p><p> -13% 0FF </p><p>$78.27</p><a href="https://www.amazon.com/dp/B083W2RWNL?tag=eloabder-20&linkCode=osi&th=1&psc=1">View Product</a></div><div class="product"><a href="https://www.amazon.com/dp/B0CSW9FXB4?tag=eloabder-20&linkCode=osi&th=1&psc=1"><img src="https://m.media-amazon.com/images/I/41OrYzmJBML._SL500_.jpg" alt="Product Image"></a><p>ZPU Egg Holder Camping, 1Pcs 4 Grid Egg Container for Camping, Plastic Egg Carrier for Camping Picnic Travel Outdoor Refrigerator Kitchen, Shockproof Egg Storage Case, Clear White</p><p> -20% 0FF </p><p>$7.99</p><a href="https://www.amazon.com/dp/B0CSW9FXB4?tag=eloabder-20&linkCode=osi&th=1&psc=1">View Product</a></div>

<div class="product"><a href="https://www.amazon.com/dp/B0BVMYRKRL?tag=eloabder-20&linkCode=osi&th=1&psc=1"><img src="https://m.media-amazon.com/images/I/318s-4hULIL._SL500_.jpg" alt="Product Image"></a><p>Nextmug - Temperature-Controlled, Self-Heating Coffee Mug (Burgundy - 14 oz.)</p><p> -23% 0FF </p><p>$99.95</p><a href="https://www.amazon.com/dp/B0BVMYRKRL?tag=eloabder-20&linkCode=osi&th=1&psc=1">View Product</a></div><div class="product"><a href="https://www.amazon.com/dp/B0DB1DP2KL?tag=eloabder-20&linkCode=osi&th=1&psc=1"><img src="https://m.media-amazon.com/images/I/410VzytA0BL._SL500_.jpg" alt="Product Image"></a><p>Civexa Rechargeable Self Heating Coffee Mug, Fastest Heating & Highest Temperature, 14 Oz App-Controlled Heated Coffee Mug, 1°F Precise Temperature Control Smart Mug Warmer with 150 Min Battery Life</p><p> -33% 0FF </p><p>$79.99</p><a href="https://www.amazon.com/dp/B0DB1DP2KL?tag=eloabder-20&linkCode=osi&th=1&psc=1">View Product</a></div><div class="product"><a href="https://www.amazon.com/dp/B0BYTZ9Q6D?tag=eloabder-20&linkCode=osi&th=1&psc=1"><img src="https://m.media-amazon.com/images/I/41Qw-6ekfQL._SL500_.jpg" alt="Product Image"></a><p>ikago Smart Heated Coffee Mug Warmer & Mug Set - Heated Mug Warmer with Auto Shut Off, 1°F Precise Temperature Control Mug Warmer, Electric Coffee Mug Warmer for Desk, Birthday Gifts for Women and Men</p><p> -14% 0FF </p><p>$59.99</p><a href="https://www.amazon.com/dp/B0BYTZ9Q6D?tag=eloabder-20&linkCode=osi&th=1&psc=1">View Product</a></div><div class="product"><a href="https://www.amazon.com/dp/B0DHTR1H32?tag=eloabder-20&linkCode=osi&th=1&psc=1"><img src="https://m.media-amazon.com/images/I/31sESCtRb7L._SL500_.jpg" alt="Product Image"></a><p>Mug Warmer,Coffee Mug Warmer with 3-Temp Settings,304 Stainless Steel Coffee Warmer with Digital Display, 2-12H Timer Setting Mug Warmer for Desk, Coffee Cup Warmer As Ideal Gift for Coffee Lovers</p><p> -43% 0FF </p><p>$12.59</p><a href="https://www.amazon.com/dp/B0DHTR1H32?tag=eloabder-20&linkCode=osi&th=1&psc=1">View Product</a></div><div class="product"><a href="https://www.amazon.com/dp/B0DHTVV633?tag=eloabder-20&linkCode=osi&th=1&psc=1"><img src="https://m.media-amazon.com/images/I/31WBjhkZIKL._SL500_.jpg" alt="Product Image"></a><p>Mug Warmer,Coffee Mug Warmer with 3 Adjustable Temperature Settings,Coffee Warmer with 2-12H Auto Shutoff Functions,Easy to Clean Mug Warmer for Desk,Coffee Cup Warmer for Ideal Coffee Gifts</p><p> -19% 0FF </p><p>$12.99</p><a href="https://www.amazon.com/dp/B0DHTVV633?tag=eloabder-20&linkCode=osi&th=1&psc=1">View Product</a></div>
<div class="product"><a href="https://www.amazon.com/dp/B0CT5V2ZHR?tag=eloabder-20&linkCode=osi&th=1&psc=1"><img src="https://m.media-amazon.com/images/I/41QSTztkWYL._SL500_.jpg" alt="Product Image"></a><p>Car Electric Kettle: 12V/24V Portable Water Boiler Heated Travel Mug,Multiple Temperature Adjustable Coffee Tea Truck Cup with 304 Stainless Steel Dry Burn Protection & Handy Cup Bag</p><p> -22% 0FF </p><p>$35.99</p><a href="https://www.amazon.com/dp/B0CT5V2ZHR?tag=eloabder-20&linkCode=osi&th=1&psc=1">View Product</a></div><div class="product"><a href="https://www.amazon.com/dp/B09DFM7L6P?tag=eloabder-20&linkCode=osi&th=1&psc=1"><img src="https://m.media-amazon.com/images/I/41EHKsNXzxL._SL500_.jpg" alt="Product Image"></a><p>Muggo 12 oz Self-Heating Coffee Mug with 3 Hour Battery Life, Tea, Coffee, & Hot Beverage Warmer, Heated Travel Mug(L)</p><p> -20% 0FF </p><p>$79.99</p><a href="https://www.amazon.com/dp/B09DFM7L6P?tag=eloabder-20&linkCode=osi&th=1&psc=1">View Product</a></div><div class="product"><a href="https://www.amazon.com/dp/B0DJFBF3SH?tag=eloabder-20&linkCode=osi&th=1&psc=1"><img src="https://m.media-amazon.com/images/I/41IHoQ5MTsL._SL500_.jpg" alt="Product Image"></a><p>Ninja Pod & Grounds Specialty Single-Serve Coffee Maker, K-Cup Pod Compatible, Brews Grounds, Compact Design, Built-In Milk Frother, 56-oz. Reservoir, 6-oz. Cup to 24-oz. Mug Sizes, Stone, PB051ST</p><p> -20% 0FF </p><p>$79.99</p><a href="https://www.amazon.com/dp/B0DJFBF3SH?tag=eloabder-20&linkCode=osi&th=1&psc=1">View Product</a></div><div class="product"><a href="https://www.amazon.com/dp/B0CSDRZSGG?tag=eloabder-20&linkCode=osi&th=1&psc=1"><img src="https://m.media-amazon.com/images/I/31DLZl5VZVL._SL500_.jpg" alt="Product Image"></a><p>Ninja Hot & Iced XL Coffee Maker with Rapid Cold Brew, 4 Brew Styles, 8 Sizes Small Cup to Travel Mug, Single-Serve Coffee Brewer, 12-Cup Carafe, Permanent Filter, Removable Reservoir, Black, CM371</p><p> -33% 0FF </p><p>$99.95</p><a href="https://www.amazon.com/dp/B0CSDRZSGG?tag=eloabder-20&linkCode=osi&th=1&psc=1">View Product</a></div>
<div class="product"><a href="https://www.amazon.com/dp/B0855FZHRW?tag=eloabder-20&linkCode=osi&th=1&psc=1"><img src="https://m.media-amazon.com/images/I/41fTL2yJ5sL._SL500_.jpg" alt="Product Image"></a><p>Ovente 1.7 Liter, BPA-Free Electric Glass Hot Water Kettle with Stainless-Steel Infuser and ProntoFill Technology, Teapot Infuser Perfect for Tea (KG733S+FGK27B)</p><p> -15% 0FF </p><p>$49.57</p><a href="https://www.amazon.com/dp/B0855FZHRW?tag=eloabder-20&linkCode=osi&th=1&psc=1">View Product</a></div>

<div class="product"><a href="https://www.amazon.com/dp/B0C32T9JP5?tag=eloabder-20&linkCode=osi&th=1&psc=1"><img src="https://m.media-amazon.com/images/I/51i64SI1wsL._SL500_.jpg" alt="Product Image"></a><p>HONGBAKE Air Fryer Basket for Oven, 15.6"x11.6" Nonstick Air Fry Crisper Tray with Baking Pan, 2 Pieces Air Frying Accessories, Wide Edge, Gray</p><p> -25% 0FF </p><p>$15.99</p><a href="https://www.amazon.com/dp/B0C32T9JP5?tag=eloabder-20&linkCode=osi&th=1&psc=1">View Product</a></div><div class="product"><a href="https://www.amazon.com/dp/B089YSGMMG?tag=eloabder-20&linkCode=osi&th=1&psc=1"><img src="https://m.media-amazon.com/images/I/51aUBaF3HdL._SL500_.jpg" alt="Product Image"></a><p>Chef Pomodoro Air Fryer Tray for Oven, Copper Crisper Tray, Air Fryer Pans for Toaster Oven, Air Fryer Basket and Tray 2-Piece Set, Air Fryer Baking Pan, Air Fryer basket for Oven (Rectangle)</p><p> -33% 0FF </p><p>$19.99</p><a href="https://www.amazon.com/dp/B089YSGMMG?tag=eloabder-20&linkCode=osi&th=1&psc=1">View Product</a></div><div class="product"><a href="https://www.amazon.com/dp/B0BQ9VBZBH?tag=eloabder-20&linkCode=osi&th=1&psc=1"><img src="https://m.media-amazon.com/images/I/516B1UlyAqL._SL500_.jpg" alt="Product Image"></a><p>Oven Liners for Bottom of Oven with Baking Sheet Liner | Heat Resistant Oven Liners for Bottom of Electric Oven and Teflon Sheets for Baking | Reusable Oven Matt Liner for Bottom of Electric Oven.</p><p> -23% 0FF </p><p>$9.99</p><a href="https://www.amazon.com/dp/B0BQ9VBZBH?tag=eloabder-20&linkCode=osi&th=1&psc=1">View Product</a></div>

<div class="product"><a href="https://www.amazon.com/dp/B08BSP4GL1?tag=eloabder-20&linkCode=osi&th=1&psc=1"><img src="https://m.media-amazon.com/images/I/41gWrVLe75L._SL500_.jpg" alt="Product Image"></a><p>Elite Gourmet EBM8103B Programmable Bread Maker Machine 3 Loaf Sizes, 19 Menu Functions Gluten Free White Wheat Rye French and more, 2 Lbs, Black</p><p> -13% 0FF </p><p>$64.97</p><a href="https://www.amazon.com/dp/B08BSP4GL1?tag=eloabder-20&linkCode=osi&th=1&psc=1">View Product</a></div><div class="product"><a href="https://www.amazon.com/dp/B0CJKNWCG1?tag=eloabder-20&linkCode=osi&th=1&psc=1"><img src="https://m.media-amazon.com/images/I/31wlh9Y94-L._SL500_.jpg" alt="Product Image"></a><p>Silicone Bread Maker, Foldable Nonstick Silicone Bread Pan Easy Release Microwave Dishwasher for Kitchen</p><p> -7% 0FF </p><p>$11.59</p><a href="https://www.amazon.com/dp/B0CJKNWCG1?tag=eloabder-20&linkCode=osi&th=1&psc=1">View Product</a></div>
<div class="product"><a href="https://www.amazon.com/dp/B0BY833XLS?tag=eloabder-20&linkCode=osi&th=1&psc=1"><img src="https://m.media-amazon.com/images/I/41aFMPym+YL._SL500_.jpg" alt="Product Image"></a><p>AWEELON 2 Pcs Silicone Air Fryer Egg Pan Reusable Air Fryer Egg Mold,Non-Stick Air Fryer Baking Pan 3 Cavity Silicone Muffin Pans for Baking Hamburger Bun Pan Air Fryer Accessories</p><p> -10% 0FF </p><p>$8.98</p><a href="https://www.amazon.com/dp/B0BY833XLS?tag=eloabder-20&linkCode=osi&th=1&psc=1">View Product</a></div><div class="product"><a href="https://www.amazon.com/dp/B088TPLBQB?tag=eloabder-20&linkCode=osi&th=1&psc=1"><img src="https://m.media-amazon.com/images/I/31tsE8At5ZL._SL500_.jpg" alt="Product Image"></a><p>SELPONT Pastry Tamper- Wooden Pastry- Double Ended- Dough Tart Tamper- Baking Tool- Shaping Kitchen Tool</p><p> -25% 0FF </p><p>$8.99</p><a href="https://www.amazon.com/dp/B088TPLBQB?tag=eloabder-20&linkCode=osi&th=1&psc=1">View Product</a></div>
<div class="product"><a href="https://www.amazon.com/dp/B01M5JDU2A?tag=eloabder-20&linkCode=osi&th=1&psc=1"><img src="https://m.media-amazon.com/images/I/314-+mGNoUL._SL500_.jpg" alt="Product Image"></a><p>Gotham Steel Round Baking Pan Nonstick Bakeware, Round Cake Pan, – Large 9.5” x 9.5” x 2” Size, Even Heat & Non-Warp Technology, Ultra Nonstick Ceramic Coating, Dishwasher Safe, Brownish</p><p> -18% 0FF </p><p>$16.32</p><a href="https://www.amazon.com/dp/B01M5JDU2A?tag=eloabder-20&linkCode=osi&th=1&psc=1">View Product</a></div><div class="product"><a href="https://www.amazon.com/dp/B0CM67SP45?tag=eloabder-20&linkCode=osi&th=1&psc=1"><img src="https://m.media-amazon.com/images/I/31gSvPX0j5L._SL500_.jpg" alt="Product Image"></a><p>Air Fryer Cake Pan,Pizza Pan and Baking Cake Barrel,Nonstick Coating Backing Fit for HD9925 HD9860 HD9905 01,Dishwasher Safe, Black(22cm)</p><p> -43% 0FF </p><p>$11.88</p><a href="https://www.amazon.com/dp/B0CM67SP45?tag=eloabder-20&linkCode=osi&th=1&psc=1">View Product</a></div>
<div class="product"><a href="https://www.amazon.com/dp/B005XOYUSQ?tag=eloabder-20&linkCode=osi&th=1&psc=1"><img src="https://m.media-amazon.com/images/I/51l6VUhtL1L._SL500_.jpg" alt="Product Image"></a><p>Toas-Tite Sandwich Grill - Handheld Pie Iron, Sandwich Maker, Hand Toaster, Panini and Sandwich Press for Hand Made Hot Sandwiches and Pies - Perfect for Stovetop, Grill and Campfire</p><p> -6% 0FF </p><p>$29.95</p><a href="https://www.amazon.com/dp/B005XOYUSQ?tag=eloabder-20&linkCode=osi&th=1&psc=1">View Product</a></div><div class="product"><a href="https://www.amazon.com/dp/B0C9HX4TLP?tag=eloabder-20&linkCode=osi&th=1&psc=1"><img src="https://m.media-amazon.com/images/I/41j6he2SJ8L._SL500_.jpg" alt="Product Image"></a><p>AILITOR Double Pie Iron Sandwich Maker for Camping, Cast Iron Campfire Pie Cooker, Campfire Cooking Equipment Mountain Pie Maker</p><p> -25% 0FF </p><p>$29.99</p><a href="https://www.amazon.com/dp/B0C9HX4TLP?tag=eloabder-20&linkCode=osi&th=1&psc=1">View Product</a></div><div class="product"><a href="https://www.amazon.com/dp/B0BQ6RF42G?tag=eloabder-20&linkCode=osi&th=1&psc=1"><img src="https://m.media-amazon.com/images/I/415JIGFbKAL._SL500_.jpg" alt="Product Image"></a><p>AILITOR Campfire Sandwich Maker Cast Iron Pack of 4 - Pudgy Pie Maker for Camping, Mountain Pie Cooker</p><p> -5% 0FF </p><p>$94.99</p><a href="https://www.amazon.com/dp/B0BQ6RF42G?tag=eloabder-20&linkCode=osi&th=1&psc=1">View Product</a></div>
<div class="product"><a href="https://www.amazon.com/dp/B00KBUGQNY?tag=eloabder-20&linkCode=osi&th=1&psc=1"><img src="https://m.media-amazon.com/images/I/41XqQqVDzML._SL500_.jpg" alt="Product Image"></a><p>Wilton Candy Melts Candy And Chocolate Melting Pot, 2.5 Cups Capacity, Assorted Colors, Plastic</p><p> -24% 0FF </p><p>$32.99</p><a href="https://www.amazon.com/dp/B00KBUGQNY?tag=eloabder-20&linkCode=osi&th=1&psc=1">View Product</a></div>

<div class="product"><a href="https://www.amazon.com/dp/B07XXMSZ9T?tag=eloabder-20&linkCode=osi&th=1&psc=1"><img src="https://m.media-amazon.com/images/I/31QYFgrmuuL._SL500_.jpg" alt="Product Image"></a><p>MACONEE 12inch Universal Microwave Crisper Pan/Microwave Cookware Crispy Plate Fry Pan, Microwave Cooker for Reheat Frozen Pizza, Chicken Nuggets French Toast with Crisp Effect!</p><p> -5% 0FF </p><p>$34.99</p><a href="https://www.amazon.com/dp/B07XXMSZ9T?tag=eloabder-20&linkCode=osi&th=1&psc=1">View Product</a></div><div class="product"><a href="https://www.amazon.com/dp/B0C95D475H?tag=eloabder-20&linkCode=osi&th=1&psc=1"><img src="https://m.media-amazon.com/images/I/41KfKdcdDbL._SL500_.jpg" alt="Product Image"></a><p>Cuisinart Indoor Pizza Oven – Bake 12” Pizzas in Minutes – Portable Countertop Pizza Oven – Stainless Steel - CPZ-120</p><p> -53% 0FF </p><p>$187.49</p><a href="https://www.amazon.com/dp/B0C95D475H?tag=eloabder-20&linkCode=osi&th=1&psc=1">View Product</a></div><div class="product"><a href="https://www.amazon.com/dp/B0D9HYLN56?tag=eloabder-20&linkCode=osi&th=1&psc=1"><img src="https://m.media-amazon.com/images/I/51KRbs4TdkL._SL500_.jpg" alt="Product Image"></a><p>Presto 03434 Pizzaz Plus Rotating Oven - 12-Inch, Countertop Pizza Oven, Nonstick Tray, Top and Bottom Heating Elements, Easy to Clean, Green/Gold</p><p> -7% 0FF </p><p>$79.00</p><a href="https://www.amazon.com/dp/B0D9HYLN56?tag=eloabder-20&linkCode=osi&th=1&psc=1">View Product</a></div>
<div class="product"><a href="https://www.amazon.com/dp/B077YR9FFG?tag=eloabder-20&linkCode=osi&th=1&psc=1"><img src="https://m.media-amazon.com/images/I/51O2k+YPICL._SL500_.jpg" alt="Product Image"></a><p>Chefman Panini Press Grill and Gourmet Sandwich Maker Non-Stick Coated Plates, Opens 180 Degrees to Fit Any Type or Size of Food, Stainless Steel Surface and Removable Drip Tray, 4 Slice, Black</p><p> -20% 0FF </p><p>$39.96</p><a href="https://www.amazon.com/dp/B077YR9FFG?tag=eloabder-20&linkCode=osi&th=1&psc=1">View Product</a></div><div class="product"><a href="https://www.amazon.com/dp/B0039UU9TU?tag=eloabder-20&linkCode=osi&th=1&psc=1"><img src="https://m.media-amazon.com/images/I/41zMBCGEaoL._SL500_.jpg" alt="Product Image"></a><p>Lodge LPP3 Cast Iron Square Ribbed Panini Press, 8.25-inch</p><p> -7% 0FF </p><p>$29.61</p><a href="https://www.amazon.com/dp/B0039UU9TU?tag=eloabder-20&linkCode=osi&th=1&psc=1">View Product</a></div>
<div class="product"><a href="https://www.amazon.com/dp/B0BMV2R7NH?tag=eloabder-20&linkCode=osi&th=1&psc=1"><img src="https://m.media-amazon.com/images/I/41AU0s48sEL._SL500_.jpg" alt="Product Image"></a><p>Audecook Hot Pot Electric 2L, Cermic Glaze Non-Stick Frying Pan 8 Inch, Portable Travel Cooker for Ramen/Steak/Fried Rice/Oatmeal/Soup, with Dual Power Control (Silicone Spatula Included)</p><p> -24% 0FF </p><p>$37.99</p><a href="https://www.amazon.com/dp/B0BMV2R7NH?tag=eloabder-20&linkCode=osi&th=1&psc=1">View Product</a></div><div class="product"><a href="https://www.amazon.com/dp/B0B7FHK2H7?tag=eloabder-20&linkCode=osi&th=1&psc=1"><img src="https://m.media-amazon.com/images/I/31dqzuWr2sL._SL500_.jpg" alt="Product Image"></a><p>Audecook Hot Pot Electric with Steamer, 1.8L Portable Mini Travel Cooker, Multifunctional Non-Stick Electric Skillet for Stir Fry/Stew/Steam, Perfect for Ramen Noodles/Pasta/Egg/Soup/Oatmeal (White)</p><p> -28% 0FF </p><p>$32.98</p><a href="https://www.amazon.com/dp/B0B7FHK2H7?tag=eloabder-20&linkCode=osi&th=1&psc=1">View Product</a></div>
<div class="product"><a href="https://www.amazon.com/dp/B0002HAEKW?tag=eloabder-20&linkCode=osi&th=1&psc=1"><img src="https://m.media-amazon.com/images/I/31pTwD5u8wL._SL500_.jpg" alt="Product Image"></a><p>Farberware Classic Series Stainless Steel 8-Quart Covered Straining Stockpot with Lid, Stainless Steel Pot with Lid, Silver</p><p> -39% 0FF </p><p>$36.49</p><a href="https://www.amazon.com/dp/B0002HAEKW?tag=eloabder-20&linkCode=osi&th=1&psc=1">View Product</a></div><div class="product"><a href="https://www.amazon.com/dp/B08HR7H63D?tag=eloabder-20&linkCode=osi&th=1&psc=1"><img src="https://m.media-amazon.com/images/I/41kHWurprEL._SL500_.jpg" alt="Product Image"></a><p>Bayou Classic 200-490 30-qt Aluminum Turkey Fryer Kit Features 30-qt Aluminum Stockpot w/ Lid Lift Hook and Rack 1-oz Seasoning Injector 12-in Fry Thermometer 19-in Tall Steel Cooker w/ 4-in Burner</p><p> -6% 0FF </p><p>$157.63 ($157.63 / Count)</p><a href="https://www.amazon.com/dp/B08HR7H63D?tag=eloabder-20&linkCode=osi&th=1&psc=1">View Product</a></div>
<div class="product"><a href="https://www.amazon.com/dp/B0CV4NYDQL?tag=eloabder-20&linkCode=osi&th=1&psc=1"><img src="https://m.media-amazon.com/images/I/41ySRkI3DsL._SL500_.jpg" alt="Product Image"></a><p>Enameled Cast Iron Bread Pan With Lid 9 Piece Complete Bread Baking Set | Dutch Oven for Bread Baking | 10 Inch Bread Oven with Lid | Thick Enamel | Silicone Baking Mat | Banneton | 6 Quart (Red)</p><p> -10% 0FF </p><p>$89.99</p><a href="https://www.amazon.com/dp/B0CV4NYDQL?tag=eloabder-20&linkCode=osi&th=1&psc=1">View Product</a></div><div class="product"><a href="https://www.amazon.com/dp/B0C8WN349L?tag=eloabder-20&linkCode=osi&th=1&psc=1"><img src="https://m.media-amazon.com/images/I/41Fv7R5VoHL._SL500_.jpg" alt="Product Image"></a><p>Ninja Combi All-in-One Multicooker, Oven, & Air Fryer, Complete Meals in 15 Mins, 14-in-1 Functions, Combi Cooker + Air Fry, Bake, Roast, Slow Cook and More, 3 Accessories, Stainless Steel, SFP701</p><p> -22% 0FF </p><p>$179.99</p><a href="https://www.amazon.com/dp/B0C8WN349L?tag=eloabder-20&linkCode=osi&th=1&psc=1">View Product</a></div>





<div class="product"><a href="https://www.amazon.com/dp/B07GV78ZKK?tag=eloabder-20&linkCode=osi&th=1&psc=1"><img src="https://m.media-amazon.com/images/I/31zntCfjdLL._SL500_.jpg" alt="Product Image"></a><p>COMFEE' EM720CPL-PM Countertop Microwave Oven with Sound On/Off, ECO Mode and Easy One-Touch Buttons, 0.7 Cu Ft/700W, Pearl White</p><p> -17% 0FF </p><p>$68.39</p><a href="https://www.amazon.com/dp/B07GV78ZKK?tag=eloabder-20&linkCode=osi&th=1&psc=1">View Product</a></div>
<div class="product"><a href="https://www.amazon.com/dp/B07XMJMCS3?tag=eloabder-20&linkCode=osi&th=1&psc=1"><img src="https://m.media-amazon.com/images/I/419J3Xx48mL._SL500_.jpg" alt="Product Image"></a><p>Elite Gourmet ETO-4510M French Door 47.5Qt, 18-Slice Convection Oven 4-Control Knobs, Bake Broil Toast Rotisserie Keep Warm, Includes 2 x 14" Pizza Racks, Stainless Steel</p><p> -31% 0FF </p><p>$124.99</p><a href="https://www.amazon.com/dp/B07XMJMCS3?tag=eloabder-20&linkCode=osi&th=1&psc=1">View Product</a></div><div class="product"><a href="https://www.amazon.com/dp/B08BXX69K4?tag=eloabder-20&linkCode=osi&th=1&psc=1"><img src="https://m.media-amazon.com/images/I/41D3YEcmwdL._SL500_.jpg" alt="Product Image"></a><p>Ninja DT201 Foodi 10-in-1 XL Pro Air Fry Digital Countertop Convection Toaster Oven with Dehydrate and Reheat, 1800 Watts, Stainless Steel Finish, Silver</p><p> -23% 0FF </p><p>$229.99</p><a href="https://www.amazon.com/dp/B08BXX69K4?tag=eloabder-20&linkCode=osi&th=1&psc=1">View Product</a></div>
<div class="product"><a href="https://www.amazon.com/dp/B0CS3V8M9H?tag=eloabder-20&linkCode=osi&th=1&psc=1"><img src="https://m.media-amazon.com/images/I/412jHCGGR+L._SL500_.jpg" alt="Product Image"></a><p>Ninja Air Fryer Pro XL 6-in-1 with 6.5 QT Capacity, Max Crisp, Air Fry, Air Roast, Bake, Reheat, Dehydrate, Max Crisp Technology with 450F, Nonstick Basket & Crisper Plate, Grey, AF181</p><p> -47% 0FF </p><p>$89.99</p><a href="https://www.amazon.com/dp/B0CS3V8M9H?tag=eloabder-20&linkCode=osi&th=1&psc=1">View Product</a></div>
<div class="product"><a href="https://www.amazon.com/dp/B0B1QSBB8G?tag=eloabder-20&linkCode=osi&th=1&psc=1"><img src="https://m.media-amazon.com/images/I/51cRMyJi-bL._SL500_.jpg" alt="Product Image"></a><p>Ronco ST5000PLAT Digital Showtime Rotisserie, Platinum Edition, Cooks Food Perfectly Every Time, 3 Cooking Modes: Roast, Sear, and No Heat Rotation, Stainless Steel</p><p> -15% 0FF </p><p>$144.99</p><a href="https://www.amazon.com/dp/B0B1QSBB8G?tag=eloabder-20&linkCode=osi&th=1&psc=1">View Product</a></div><div class="product"><a href="https://www.amazon.com/dp/B08JQNN9SY?tag=eloabder-20&linkCode=osi&th=1&psc=1"><img src="https://m.media-amazon.com/images/I/51rWVbBIf+L._SL500_.jpg" alt="Product Image"></a><p>Ronco Showtime EZ-Store Large Capacity Rotisserie & BBQ Oven, Digital Controls, Compact Storage, Perfect Preset Rotation Speed, Self-Basting, Auto Shutoff, Includes Multipurpose Basket, red</p><p> -10% 0FF </p><p>$139.99</p><a href="https://www.amazon.com/dp/B08JQNN9SY?tag=eloabder-20&linkCode=osi&th=1&psc=1">View Product</a></div><div class="product"><a href="https://www.amazon.com/dp/B00IGGJKRY?tag=eloabder-20&linkCode=osi&th=1&psc=1"><img src="https://m.media-amazon.com/images/I/41ZyPJxqGNL._SL500_.jpg" alt="Product Image"></a><p>Ronco 5500 Series Rotisserie Oven, Black</p><p> -7% 0FF </p><p>$139.99</p><a href="https://www.amazon.com/dp/B00IGGJKRY?tag=eloabder-20&linkCode=osi&th=1&psc=1">View Product</a></div><div class="product"><a href="https://www.amazon.com/dp/B016VZYWNS?tag=eloabder-20&linkCode=osi&th=1&psc=1"><img src="https://m.media-amazon.com/images/I/41GY0IMde0L._SL500_.jpg" alt="Product Image"></a><p>NutriChef Vertical Countertop Rotisserie Oven Roaster, Rotating Shawarma And Kebab Machine with Skewer and Rack, Basket Tower, Roasting Rack, Poultry Tower, Drip Tray, For Meat Chicken Turkey Lamb</p><p> -8% 0FF </p><p>$110.28</p><a href="https://www.amazon.com/dp/B016VZYWNS?tag=eloabder-20&linkCode=osi&th=1&psc=1">View Product</a></div><div class="product"><a href="https://www.amazon.com/dp/B01MAWQSW5?tag=eloabder-20&linkCode=osi&th=1&psc=1"><img src="https://m.media-amazon.com/images/I/51hurfu3V2L._SL500_.jpg" alt="Product Image"></a><p>Nutrichef Vertical Countertop Oven with Rotisserie, Bake, Broil, & Kebab Rack Functions - Adjustable Settings - 2 Shelves - 1500W - Thanksgiving Turkey - Includes Grill, Kebab skewer racks & bake pan</p><p> -15% 0FF </p><p>$88.80</p><a href="https://www.amazon.com/dp/B01MAWQSW5?tag=eloabder-20&linkCode=osi&th=1&psc=1">View Product</a></div>
<div class="product"><a href="https://www.amazon.com/dp/B0BJ7VBZ2N?tag=eloabder-20&linkCode=osi&th=1&psc=1"><img src="https://m.media-amazon.com/images/I/31YfjzhQJiL._SL500_.jpg" alt="Product Image"></a><p>LG LRFLC2706S 27 Cu. Ft. French Door Smart Refrigerator in Stainless Steel</p><p> -22% 0FF </p><p>$1,645.31</p><a href="https://www.amazon.com/dp/B0BJ7VBZ2N?tag=eloabder-20&linkCode=osi&th=1&psc=1">View Product</a></div><div class="product"><a href="https://www.amazon.com/dp/B0CL9K8VTH?tag=eloabder-20&linkCode=osi&th=1&psc=1"><img src="https://m.media-amazon.com/images/I/219HZ+NJ2UL._SL500_.jpg" alt="Product Image"></a><p>THFRIONE 18.1 Cu. Ft 36" Inch W. Refrigerator with Ice & Water Dispenser, Inverter Compressor, Auto Defrost, Gray Stainless Steel Finish – Perfect for Kitchens, Homes, or Offices</p><p> -25% 0FF </p><p>$1,499.99</p><a href="https://www.amazon.com/dp/B0CL9K8VTH?tag=eloabder-20&linkCode=osi&th=1&psc=1">View Product</a></div><div class="product"><a href="https://www.amazon.com/dp/B0C2X116TR?tag=eloabder-20&linkCode=osi&th=1&psc=1"><img src="https://m.media-amazon.com/images/I/21W4R5jV3GL._SL500_.jpg" alt="Product Image"></a><p>LG LRFXC2606S 25.5 Cu. Ft. Stainless Steel French Door Smart Refrigerator</p><p> -29% 0FF </p><p>$1,843.47</p><a href="https://www.amazon.com/dp/B0C2X116TR?tag=eloabder-20&linkCode=osi&th=1&psc=1">View Product</a></div><div class="product"><a href="https://www.amazon.com/dp/B07ZL2VL1Q?tag=eloabder-20&linkCode=osi&th=1&psc=1"><img src="https://m.media-amazon.com/images/I/316q4gNbayL._SL500_.jpg" alt="Product Image"></a><p>GE Profile PVD28BYNFS 27.6 Cu.Ft. Stainless French Door Smart Refrigerator</p><p> -44% 0FF </p><p>$2,345.73</p><a href="https://www.amazon.com/dp/B07ZL2VL1Q?tag=eloabder-20&linkCode=osi&th=1&psc=1">View Product</a></div>
<div class="product"><a href="https://www.amazon.com/dp/B0CFG3VR82?tag=eloabder-20&linkCode=osi&th=1&psc=1"><img src="https://m.media-amazon.com/images/I/41mL7IdNaaL._SL500_.jpg" alt="Product Image"></a><p>4986ER0004F Washer Door Boot Gasket - Boot Seal with Drain Port Compatible with LG and Kenmore Replaces: PS3524977, 1377588, 4986ER0004J, 4986ER0004K, AH3524977, 4986ER0004M, 4986ER0004N, EA3524977</p><p> -19% 0FF </p><p>$29.98</p><a href="https://www.amazon.com/dp/B0CFG3VR82?tag=eloabder-20&linkCode=osi&th=1&psc=1">View Product</a></div><div class="product"><a href="https://www.amazon.com/dp/B0CSNKFMHZ?tag=eloabder-20&linkCode=osi&th=1&psc=1"><img src="https://m.media-amazon.com/images/I/41FWvdtKijL._SL500_.jpg" alt="Product Image"></a><p>Upgraded DC97-16140P DC97-19755A Washer Door Gasket Boot Seal Bellow Diaphragm Compatible with Samsung Front Load Washer Door Seal WF45N5300AW/US WF45M5500AZ/A5 WF45K6200AW/A2 WF45K6300AW/A2 Parts</p><p> -13% 0FF </p><p>$45.77</p><a href="https://www.amazon.com/dp/B0CSNKFMHZ?tag=eloabder-20&linkCode=osi&th=1&psc=1">View Product</a></div>
<div class="product"><a href="https://www.amazon.com/dp/B0C4PRS41W?tag=eloabder-20&linkCode=osi&th=1&psc=1"><img src="https://m.media-amazon.com/images/I/41Xc8Et+m2L._SL500_.jpg" alt="Product Image"></a><p>ROVSUN 13.2LB Portable Clothes Dryer, 3.5 Cu.Ft High End Front Load Tumble Laundry Dryer with LCD Touch Screen, Stainless Steel Tub for Apartment, Home, Dorm-110V, Luxury Grey</p><p> -6% 0FF </p><p>$289.99</p><a href="https://www.amazon.com/dp/B0C4PRS41W?tag=eloabder-20&linkCode=osi&th=1&psc=1">View Product</a></div><div class="product"><a href="https://www.amazon.com/dp/B0BV6M9MB8?tag=eloabder-20&linkCode=osi&th=1&psc=1"><img src="https://m.media-amazon.com/images/I/31UNxYC9C6L._SL500_.jpg" alt="Product Image"></a><p>BLACK+DECKER Compact Clothes Dryer, 1.5 Cu. Ft. 850W Electric Dryer, 120V Vented Portable Dryer with Stainless Steel Drum, Mini Dryer for 3.3 lbs. of Laundry for Standard Wall Outlet</p><p> -6% 0FF </p><p>$244.07</p><a href="https://www.amazon.com/dp/B0BV6M9MB8?tag=eloabder-20&linkCode=osi&th=1&psc=1">View Product</a></div>
<div class="product"><a href="https://www.amazon.com/dp/B09QGHYFY3?tag=eloabder-20&linkCode=osi&th=1&psc=1"><img src="https://m.media-amazon.com/images/I/51WzNNtcNxL._SL500_.jpg" alt="Product Image"></a><p>VEVOR Commercial Convection Oven, 66L/60Qt, Half-Size Conventional Oven Countertop, 1800W 4-Tier Toaster w/Front Glass Door, w/Trays Wire Racks Clip Gloves, 120V</p><p> -8% 0FF </p><p>$459.99</p><a href="https://www.amazon.com/dp/B09QGHYFY3?tag=eloabder-20&linkCode=osi&th=1&psc=1">View Product</a></div><div class="product"><a href="https://www.amazon.com/dp/B0BZ52FLKC?tag=eloabder-20&linkCode=osi&th=1&psc=1"><img src="https://m.media-amazon.com/images/I/51xS1rDuyiL._SL500_.jpg" alt="Product Image"></a><p>Emeril Lagasse Dual Zone 360 Air Fryer Oven Combo with French Door, 25 QT Extra Large Cook Two Foods in Different Ways, Up to 60% Faster from Frozen to Finish</p><p> -12% 0FF </p><p>$264.50</p><a href="https://www.amazon.com/dp/B0BZ52FLKC?tag=eloabder-20&linkCode=osi&th=1&psc=1">View Product</a></div><div class="product"><a href="https://www.amazon.com/dp/B0BRL9F8HV?tag=eloabder-20&linkCode=osi&th=1&psc=1"><img src="https://m.media-amazon.com/images/I/41OVh-RKLgL._SL500_.jpg" alt="Product Image"></a><p>Ninja DCT451 12-in-1 Smart Double Oven with FlexDoor, Thermometer, FlavorSeal, Smart Finish, Rapid Top Convection and Air Fry Bottom , Stainless Steel (pack of 1)</p><p> -20% 0FF </p><p>$279.99</p><a href="https://www.amazon.com/dp/B0BRL9F8HV?tag=eloabder-20&linkCode=osi&th=1&psc=1">View Product</a></div>

<div class="product"><a href="https://www.amazon.com/dp/B0773QXFH3?tag=eloabder-20&linkCode=osi&th=1&psc=1"><img src="https://m.media-amazon.com/images/I/41OitXu8hQL._SL500_.jpg" alt="Product Image"></a><p>BLACK+DECKER BCD6W 6 Place Setting ENERGY STAR Portable Compact Countertop Dishwasher</p><p> -20% 0FF </p><p>$319.99</p><a href="https://www.amazon.com/dp/B0773QXFH3?tag=eloabder-20&linkCode=osi&th=1&psc=1">View Product</a></div><div class="product"><a href="https://www.amazon.com/dp/B09QSV4FCC?tag=eloabder-20&linkCode=osi&th=1&psc=1"><img src="https://m.media-amazon.com/images/I/51vfWTq8xAL._SL500_.jpg" alt="Product Image"></a><p>IAGREEA Portable Countertop Dishwasher, 7 Washing Programs Compact Mini Dishwasher, No Hook Needed, Anti-Leakage, Fruit & Vegetable Soaking, For 4 Sets of Tableware</p><p> -9% 0FF </p><p>$209.99</p><a href="https://www.amazon.com/dp/B09QSV4FCC?tag=eloabder-20&linkCode=osi&th=1&psc=1">View Product</a></div>




<div class="product"><a href="https://www.amazon.com/dp/B07D4821JB?tag=eloabder-20&linkCode=osi&th=1&psc=1"><img src="https://m.media-amazon.com/images/I/31KcsQlzOiL._SL500_.jpg" alt="Product Image"></a><p>GE Smart Countertop Microwave Oven | Complete with Scan-to-Cook Technology and Wifi-Connectivity | 0.9 Cubic Feet Capacity, 900 Watts | Home & Kitchen Essentials | Stainless Steel</p><p> -9% 0FF </p><p>$145.00</p><a href="https://www.amazon.com/dp/B07D4821JB?tag=eloabder-20&linkCode=osi&th=1&psc=1">View Product</a></div><div class="product"><a href="https://www.amazon.com/dp/B08PK7WZC1?tag=eloabder-20&linkCode=osi&th=1&psc=1"><img src="https://m.media-amazon.com/images/I/31FW1VCDrSL._SL500_.jpg" alt="Product Image"></a><p>Toshiba ML-EM62P(SS) Large Countertop Microwave with Smart Sensor, 6 Menus, Auto Defrost, ECO Mode, Mute Option & 16.5" Position Memory Turntable, 2.2 Cu Ft, 1200W, Stainless Steel</p><p> -5% 0FF </p><p>$199.99</p><a href="https://www.amazon.com/dp/B08PK7WZC1?tag=eloabder-20&linkCode=osi&th=1&psc=1">View Product</a></div><div class="product"><a href="https://www.amazon.com/dp/B081ZS7VSM?tag=eloabder-20&linkCode=osi&th=1&psc=1"><img src="https://m.media-amazon.com/images/I/41q6iIrj2lL._SL500_.jpg" alt="Product Image"></a><p>Breville BMO870BSS1BUC1 the Combi Wave 3 in 1 Microwave, Brushed Stainless Steel</p><p> -20% 0FF </p><p>$399.95</p><a href="https://www.amazon.com/dp/B081ZS7VSM?tag=eloabder-20&linkCode=osi&th=1&psc=1">View Product</a></div><div class="product"><a href="https://www.amazon.com/dp/B089WC2P2K?tag=eloabder-20&linkCode=osi&th=1&psc=1"><img src="https://m.media-amazon.com/images/I/418Op+Eo8TL._SL500_.jpg" alt="Product Image"></a><p>TOSHIBA 4-in-1 ML-EC42P(SS) Countertop Microwave Oven, Smart Sensor, Convection, Air Fryer Combo, Mute Function, Position Memory 13.6" Turntable, 1.5 Cu Ft, 1000W, Silver</p><p> -16% 0FF </p><p>$214.99</p><a href="https://www.amazon.com/dp/B089WC2P2K?tag=eloabder-20&linkCode=osi&th=1&psc=1">View Product</a></div>
<div class="product"><a href="https://www.amazon.com/dp/B0CZNV2YJK?tag=eloabder-20&linkCode=osi&th=1&psc=1"><img src="https://m.media-amazon.com/images/I/41cLBczHUgL._SL500_.jpg" alt="Product Image"></a><p>Aeitto Blender, Blenders for Kitchen with 1500-Watt Motor, 68 Oz Large Capacity, Countertop Professional Blenders for Ice Crush, Frozen Drinks, Black</p><p> -73% 0FF </p><p>$89.99</p><a href="https://www.amazon.com/dp/B0CZNV2YJK?tag=eloabder-20&linkCode=osi&th=1&psc=1">View Product</a></div><div class="product"><a href="https://www.amazon.com/dp/B00939FV8K?tag=eloabder-20&linkCode=osi&th=1&psc=1"><img src="https://m.media-amazon.com/images/I/418t4FONikL._SL500_.jpg" alt="Product Image"></a><p>Ninja BL660 Professional Compact Smoothie & Food Processing Blender, 1100-Watts, 3 Functions -for Frozen Drinks, Smoothies, Sauces, & More, 72-oz.* Pitcher, (2) 16-oz. To-Go Cups & Spout Lids, Gray</p><p> -17% 0FF </p><p>$99.00</p><a href="https://www.amazon.com/dp/B00939FV8K?tag=eloabder-20&linkCode=osi&th=1&psc=1">View Product</a></div><div class="product"><a href="https://www.amazon.com/dp/B0CDCTBMKX?tag=eloabder-20&linkCode=osi&th=1&psc=1"><img src="https://m.media-amazon.com/images/I/41AxPEPZViL._SL500_.jpg" alt="Product Image"></a><p>Ninja TB201 Detect Power Blender Pro, BlendSense Technology, For Smoothies, Shakes & More, 1800 Peak Watts, 72 oz. Pitcher, Blender, Black</p><p> -7% 0FF </p><p>$129.99</p><a href="https://www.amazon.com/dp/B0CDCTBMKX?tag=eloabder-20&linkCode=osi&th=1&psc=1">View Product</a></div><div class="product"><a href="https://www.amazon.com/dp/B08F2PWT72?tag=eloabder-20&linkCode=osi&th=1&psc=1"><img src="https://m.media-amazon.com/images/I/21Abxpp-dvL._SL500_.jpg" alt="Product Image"></a><p>KitchenAid Variable Speed Corded Hand Blender KHBV53, Charcoal Grey</p><p> -25% 0FF </p><p>$44.95</p><a href="https://www.amazon.com/dp/B08F2PWT72?tag=eloabder-20&linkCode=osi&th=1&psc=1">View Product</a></div>


<div class="product"><a href="https://www.amazon.com/dp/B010TSWBEA?tag=eloabder-20&linkCode=osi&th=1&psc=1"><img src="https://m.media-amazon.com/images/I/21S-tgi3mHL._SL500_.jpg" alt="Product Image"></a><p>SMEG 2 Slice Toaster with 6 Presets and Defrost Function and Removable Crumb Tray TSF01SSMUS, Stainless Steel</p><p> -21% 0FF </p><p>$196.97</p><a href="https://www.amazon.com/dp/B010TSWBEA?tag=eloabder-20&linkCode=osi&th=1&psc=1">View Product</a></div><div class="product"><a href="https://www.amazon.com/dp/B00COMHC12?tag=eloabder-20&linkCode=osi&th=1&psc=1"><img src="https://m.media-amazon.com/images/I/31x2kZuLOcL._SL500_.jpg" alt="Product Image"></a><p>Breville the 'A Bit More' Toaster 2-Slice, BTA720XL, Brushed Stainless Steel</p><p> -25% 0FF </p><p>$89.95</p><a href="https://www.amazon.com/dp/B00COMHC12?tag=eloabder-20&linkCode=osi&th=1&psc=1">View Product</a></div><div class="product"><a href="https://www.amazon.com/dp/B00140SC64?tag=eloabder-20&linkCode=osi&th=1&psc=1"><img src="https://m.media-amazon.com/images/I/31AsHl4-4ZL._SL500_.jpg" alt="Product Image"></a><p>Breville Smart Toaster, 2-Slice, Brushed Aluminum</p><p> -6% 0FF </p><p>$149.95</p><a href="https://www.amazon.com/dp/B00140SC64?tag=eloabder-20&linkCode=osi&th=1&psc=1">View Product</a></div><div class="product"><a href="https://www.amazon.com/dp/B0964BFH62?tag=eloabder-20&linkCode=osi&th=1&psc=1"><img src="https://m.media-amazon.com/images/I/41Nw+vaMaiL._SL500_.jpg" alt="Product Image"></a><p>Café Express Finish 2-Slice Toaster | Extra-Wide Slots, Extra Lift for Waffles, Pastries, Texas Toast & More | 4 Pre-Set Functions, 8 Shade Options | Countertop Kitchen Essentials | Matte Black</p><p> -23% 0FF </p><p>$99.00</p><a href="https://www.amazon.com/dp/B0964BFH62?tag=eloabder-20&linkCode=osi&th=1&psc=1">View Product</a></div><div class="product"><a href="https://www.amazon.com/dp/B0876235F1?tag=eloabder-20&linkCode=osi&th=1&psc=1"><img src="https://m.media-amazon.com/images/I/41y-KW18W1L._SL500_.jpg" alt="Product Image"></a><p>Haden Heritage 4 Slice Wide Slot Stainless Steel Toaster with Adjustable Browning Control & Non-Slip Feet, Ivory & Chrome</p><p> -29% 0FF </p><p>$89.95</p><a href="https://www.amazon.com/dp/B0876235F1?tag=eloabder-20&linkCode=osi&th=1&psc=1">View Product</a></div>
<div class="product"><a href="https://www.amazon.com/dp/B0C7VMZ9FG?tag=eloabder-20&linkCode=osi&th=1&psc=1"><img src="https://m.media-amazon.com/images/I/31JHVY8m1-L._SL500_.jpg" alt="Product Image"></a><p>Breez Max | Smart AC Controller | WiFi Thermostat for Mini-Split, Window, Portable ACS/Heat Pumps | AI-Based Tech | Free App, No Subscriptions | Alexa, Google, Siri Shortcuts, IFTTT (White)</p><p> -22% 0FF </p><p>$124.99</p><a href="https://www.amazon.com/dp/B0C7VMZ9FG?tag=eloabder-20&linkCode=osi&th=1&psc=1">View Product</a></div>



<div class="product"><a href="https://www.amazon.com/dp/B09H1CGRTV?tag=eloabder-20&linkCode=osi&th=1&psc=1"><img src="https://m.media-amazon.com/images/I/31uEPVcJ8RL._SL500_.jpg" alt="Product Image"></a><p>FOTILE ChefCubii 4-in-1 Countertop Convection Steam Oven, Air Fryer, Dehydrator with True Convection Bake, Steam-Bake, Broil, 40 Preset Menu and Steam Self-Clean, 1 CFT</p><p> -20% 0FF </p><p>$399.00</p><a href="https://www.amazon.com/dp/B09H1CGRTV?tag=eloabder-20&linkCode=osi&th=1&psc=1">View Product</a></div><div class="product"><a href="https://www.amazon.com/dp/B0CZ3HSTP8?tag=eloabder-20&linkCode=osi&th=1&psc=1"><img src="https://m.media-amazon.com/images/I/41rIMFdCNsL._SL500_.jpg" alt="Product Image"></a><p>Secura Multifunction Air Fryer Steam Oven, 13 Quart Compact Oven with Convection Bake, Airfryer, Rapid Steam, Ferment, Dehydrator Combo, Nutritious & Delicious Food Steamer for Cooking (Mint Green)</p><p> -18% 0FF </p><p>$120.00</p><a href="https://www.amazon.com/dp/B0CZ3HSTP8?tag=eloabder-20&linkCode=osi&th=1&psc=1">View Product</a></div><div class="product"><a href="https://www.amazon.com/dp/B08YDJJ48N?tag=eloabder-20&linkCode=osi&th=1&psc=1"><img src="https://m.media-amazon.com/images/I/31eWtCxG5PL._SL500_.jpg" alt="Product Image"></a><p>Whynter TSO-488GB Grande 40 Quart Capacity Counter-Top Multi-Function Convection Steam Oven, Black Stainless Steel</p><p> -26% 0FF </p><p>$320.08</p><a href="https://www.amazon.com/dp/B08YDJJ48N?tag=eloabder-20&linkCode=osi&th=1&psc=1">View Product</a></div>
<div class="product"><a href="https://www.amazon.com/dp/B0B12ZBHLZ?tag=eloabder-20&linkCode=osi&th=1&psc=1"><img src="https://m.media-amazon.com/images/I/41aMbPd8AmL._SL500_.jpg" alt="Product Image"></a><p>Sensibo Air PRO - Air Conditioner Smart Controller & Air Quality Sensor. Smart Thermostat for Mini Split, Window, Portable AC. Temp & Humidity Sensors. Google, Alexa, Siri & Apple HomeKit Compatible</p><p> -31% 0FF </p><p>$149.00</p><a href="https://www.amazon.com/dp/B0B12ZBHLZ?tag=eloabder-20&linkCode=osi&th=1&psc=1">View Product</a></div><div class="product"><a href="https://www.amazon.com/dp/B0BQH2SL9Q?tag=eloabder-20&linkCode=osi&th=1&psc=1"><img src="https://m.media-amazon.com/images/I/31CwRCRuFWL._SL500_.jpg" alt="Product Image"></a><p>Feit Electric Smart Indoor WiFi Temperature and Humidity Sensor for Precision Environment Control, Wireless, Digital Remote App Control, Get Notification Alerts and No Hub Required - Temp/WiFi</p><p> -16% 0FF </p><p>$39.30</p><a href="https://www.amazon.com/dp/B0BQH2SL9Q?tag=eloabder-20&linkCode=osi&th=1&psc=1">View Product</a></div><div class="product"><a href="https://www.amazon.com/dp/B0B5GPM54S?tag=eloabder-20&linkCode=osi&th=1&psc=1"><img src="https://m.media-amazon.com/images/I/31sAt4ZNQRL._SL500_.jpg" alt="Product Image"></a><p>YoLink X3 Version Temperature & Humidity Sensor, Supports App Real-Time Data Refresh, Alexa, IFTTT, Home Assistant Integration - YoLink Hub Required</p><p> -20% 0FF </p><p>$39.99</p><a href="https://www.amazon.com/dp/B0B5GPM54S?tag=eloabder-20&linkCode=osi&th=1&psc=1">View Product</a></div><div class="product"><a href="https://www.amazon.com/dp/B09Y873L1Z?tag=eloabder-20&linkCode=osi&th=1&psc=1"><img src="https://m.media-amazon.com/images/I/41iuXKDZtVL._SL500_.jpg" alt="Product Image"></a><p>WiFi Temperature Humidity Monitor: Upgraded Smart Temperature and Humidity Sensor with Large Backlit LCD Screen & App Alerts, Indoor Thermometer Hygrometer Compatible with Alexa Google Assistant</p><p> -23% 0FF </p><p>$20.68</p><a href="https://www.amazon.com/dp/B09Y873L1Z?tag=eloabder-20&linkCode=osi&th=1&psc=1">View Product</a></div>
<div class="product"><a href="https://www.amazon.com/dp/B002HDLBTC?tag=eloabder-20&linkCode=osi&th=1&psc=1"><img src="https://m.media-amazon.com/images/I/514U5jbXZXL._SL500_.jpg" alt="Product Image"></a><p>BREW EXPRESS - 10 CUP BUILT-IN-THE-WALL - SELF FILLING COFFEE SYSTEM</p><p> -16% 0FF </p><p>$753.00 ($75.30 / Count)</p><a href="https://www.amazon.com/dp/B002HDLBTC?tag=eloabder-20&linkCode=osi&th=1&psc=1">View Product</a></div><div class="product"><a href="https://www.amazon.com/dp/B07HCMRJZD?tag=eloabder-20&linkCode=osi&th=1&psc=1"><img src="https://m.media-amazon.com/images/I/41GaMhDDegL._SL500_.jpg" alt="Product Image"></a><p>WOLF GOURMET Programmable Coffee Maker System with 10 Cup Thermal Carafe, Built-In Grounds Scale, Removable Reservoir, Red Knob, Stainless Steel (WGCM100S)</p><p> -18% 0FF </p><p>$449.95</p><a href="https://www.amazon.com/dp/B07HCMRJZD?tag=eloabder-20&linkCode=osi&th=1&psc=1">View Product</a></div>



<div class="product"><a href="https://www.amazon.com/dp/B00P387SGS?tag=eloabder-20&linkCode=osi&th=1&psc=1"><img src="https://m.media-amazon.com/images/I/31PaPGs7ucL._SL500_.jpg" alt="Product Image"></a><p>Avanti ERU200P3S ERU200 20" Electric Range Oven with Framed Glass Door, in Stainless Steel</p><p> -25% 0FF </p><p>$584.10</p><a href="https://www.amazon.com/dp/B00P387SGS?tag=eloabder-20&linkCode=osi&th=1&psc=1">View Product</a></div><div class="product"><a href="https://www.amazon.com/dp/B0CGMC72GG?tag=eloabder-20&linkCode=osi&th=1&psc=1"><img src="https://m.media-amazon.com/images/I/41VO4jA5L0L._SL500_.jpg" alt="Product Image"></a><p>Kenmore Front Control Electric Range Oven with 5 Cooktop Elements with 7 Cooking Power Options, True Convection, Steam and Self Clean, Freestanding Oven, 4.8 cu. ft. Capacity Stainless Steel</p><p> -15% 0FF </p><p>$1,099.99</p><a href="https://www.amazon.com/dp/B0CGMC72GG?tag=eloabder-20&linkCode=osi&th=1&psc=1">View Product</a></div><div class="product"><a href="https://www.amazon.com/dp/B00P3821II?tag=eloabder-20&linkCode=osi&th=1&psc=1"><img src="https://m.media-amazon.com/images/I/31VtoYu+-YL._SL500_.jpg" alt="Product Image"></a><p>Avanti ERU240P1B ERU240 24" Electric Range Oven with Framed Glass Door, in Black</p><p> -12% 0FF </p><p>$612.07</p><a href="https://www.amazon.com/dp/B00P3821II?tag=eloabder-20&linkCode=osi&th=1&psc=1">View Product</a></div><div class="product"><a href="https://www.amazon.com/dp/B098H6P9YG?tag=eloabder-20&linkCode=osi&th=1&psc=1"><img src="https://m.media-amazon.com/images/I/3173fk+5oHL._SL500_.jpg" alt="Product Image"></a><p>Premium Levella 20" Electric Range with 4 Coil Burners and 2.2 Cu. Ft. Oven Capacity in White</p><p> -7% 0FF </p><p>$699.00</p><a href="https://www.amazon.com/dp/B098H6P9YG?tag=eloabder-20&linkCode=osi&th=1&psc=1">View Product</a></div><div class="product"><a href="https://www.amazon.com/dp/B07HY4RYPD?tag=eloabder-20&linkCode=osi&th=1&psc=1"><img src="https://m.media-amazon.com/images/I/41+Y7YbWcuL._SL500_.jpg" alt="Product Image"></a><p>OVENTE Electric Countertop Double Burner, 1700W Cooktop with 7.25" and 6.10" Cast Iron Hot Plates, Temperature Control, Portable Cooking Stove and Easy to Clean Stainless Steel Base, Black BGS102B</p><p> -34% 0FF </p><p>$26.99</p><a href="https://www.amazon.com/dp/B07HY4RYPD?tag=eloabder-20&linkCode=osi&th=1&psc=1">View Product</a></div><div class="product"><a href="https://www.amazon.com/dp/B01EBC40BW?tag=eloabder-20&linkCode=osi&th=1&psc=1"><img src="https://m.media-amazon.com/images/I/31EF03Y41gL._SL500_.jpg" alt="Product Image"></a><p>GE Appliances JB645DKWW, White</p><p> -9% 0FF </p><p>$759.72</p><a href="https://www.amazon.com/dp/B01EBC40BW?tag=eloabder-20&linkCode=osi&th=1&psc=1">View Product</a></div>
<div class="product"><a href="https://www.amazon.com/dp/B0B8F38J2B?tag=eloabder-20&linkCode=osi&th=1&psc=1"><img src="https://m.media-amazon.com/images/I/31hyxdIlB5L._SL500_.jpg" alt="Product Image"></a><p>GreenPan Elite 8 - in -1 Programmable 6QT Electric Slow Cooker, Dishwasher Safe Lid & Removable Crock, PFAS-Free Healthy Ceramic Nonstick Multi-Cooker, Sear, Sauté/Brown, Steam Basket, Roast, White</p><p> -24% 0FF </p><p>$190.22</p><a href="https://www.amazon.com/dp/B0B8F38J2B?tag=eloabder-20&linkCode=osi&th=1&psc=1">View Product</a></div>

<div class="product"><a href="https://www.amazon.com/dp/B0BG677TXS?tag=eloabder-20&linkCode=osi&th=1&psc=1"><img src="https://m.media-amazon.com/images/I/31xwg0S1m1L._SL500_.jpg" alt="Product Image"></a><p>Samsung WW25B6900AW/A2 2.5 cu. ft. Smart Dial Front Load Washer</p><p> -27% 0FF </p><p>$798.00</p><a href="https://www.amazon.com/dp/B0BG677TXS?tag=eloabder-20&linkCode=osi&th=1&psc=1">View Product</a></div><div class="product"><a href="https://www.amazon.com/dp/B098FBB9KF?tag=eloabder-20&linkCode=osi&th=1&psc=1"><img src="https://m.media-amazon.com/images/I/31BJNXlaIoL._SL500_.jpg" alt="Product Image"></a><p>SAMSUNG 6.0 Cu Ft. Smart Dial Front Load Washer, Wash 2 Loads in 1 Large Capacity Machine, FlexWash, 28 Minute Super Speed Clothes Washing, Steam Stain Removal, WV60A9900AV/A5, Brushed Black</p><p> -6% 0FF </p><p>$1,794.00</p><a href="https://www.amazon.com/dp/B098FBB9KF?tag=eloabder-20&linkCode=osi&th=1&psc=1">View Product</a></div><div class="product"><a href="https://www.amazon.com/dp/B0CG21R3R3?tag=eloabder-20&linkCode=osi&th=1&psc=1"><img src="https://m.media-amazon.com/images/I/41wWRqV3hNL._SL500_.jpg" alt="Product Image"></a><p>Samsung 5.4 Cu. Ft. Smart Top Load Washer with Active Wave Agitator in White</p><p> -30% 0FF </p><p>$698.11</p><a href="https://www.amazon.com/dp/B0CG21R3R3?tag=eloabder-20&linkCode=osi&th=1&psc=1">View Product</a></div><div class="product"><a href="https://www.amazon.com/dp/B0B9GCYNTQ?tag=eloabder-20&linkCode=osi&th=1&psc=1"><img src="https://m.media-amazon.com/images/I/31-hInDefjL._SL500_.jpg" alt="Product Image"></a><p>SAMSUNG 4.6 Cu Ft AI Smart Dial Front Load Washer, Large Capacity Machine, Stackable for Small Spaces, 28 Min Super Speed Clothes Washing, Energy Star Certified, WF46BG6500AVUS, Brushed Black</p><p> -46% 0FF </p><p>$699.97</p><a href="https://www.amazon.com/dp/B0B9GCYNTQ?tag=eloabder-20&linkCode=osi&th=1&psc=1">View Product</a></div><div class="product"><a href="https://www.amazon.com/dp/B09RHLVMN3?tag=eloabder-20&linkCode=osi&th=1&psc=1"><img src="https://m.media-amazon.com/images/I/41f7mMz70DL._SL500_.jpg" alt="Product Image"></a><p>Samsung WF45T6000WPR White Front Load Laundry Package</p><p> -26% 0FF </p><p>$1,258.99</p><a href="https://www.amazon.com/dp/B09RHLVMN3?tag=eloabder-20&linkCode=osi&th=1&psc=1">View Product</a></div><div class="product"><a href="https://www.amazon.com/dp/B0DHYRW1S1?tag=eloabder-20&linkCode=osi&th=1&psc=1"><img src="https://m.media-amazon.com/images/I/31XhNU9yg2L._SL500_.jpg" alt="Product Image"></a><p>Samsung WH46DBH100EWA3 Bespoke AI Laundry Hub Large Capacity 4.6 Single Unit Steam Wash and 7.6 cu. ft. Electric White Washer and Dryer</p><p> -11% 0FF </p><p>$1,598.11</p><a href="https://www.amazon.com/dp/B0DHYRW1S1?tag=eloabder-20&linkCode=osi&th=1&psc=1">View Product</a></div><div class="product"><a href="https://www.amazon.com/dp/B0C5BGBSTS?tag=eloabder-20&linkCode=osi&th=1&psc=1"><img src="https://m.media-amazon.com/images/I/31osGMkChUL._SL500_.jpg" alt="Product Image"></a><p>LG WM6700HBA 5.0 Cu. Ft. Black Steel Front Load HE Stackable Smart Washer</p><p> -32% 0FF </p><p>$948.11</p><a href="https://www.amazon.com/dp/B0C5BGBSTS?tag=eloabder-20&linkCode=osi&th=1&psc=1">View Product</a></div>
<div class="product"><a href="https://www.amazon.com/dp/B099FM9Q3F?tag=eloabder-20&linkCode=osi&th=1&psc=1"><img src="https://m.media-amazon.com/images/I/31BJ8l-fdHL._SL500_.jpg" alt="Product Image"></a><p>SAMSUNG 7.5 Cu. Ft. Smart Dial Electric Dryer with FlexDry, Dry 2 Loads in 1 Large Capacity Machine, Super Speed 30 Minute Clothes Drying Cycle, WiFi Connected Control, DVE60A9900V/A3, Brushed Black</p><p> -10% 0FF </p><p>$899.99</p><a href="https://www.amazon.com/dp/B099FM9Q3F?tag=eloabder-20&linkCode=osi&th=1&psc=1">View Product</a></div><div class="product"><a href="https://www.amazon.com/dp/B0C72WLSJ1?tag=eloabder-20&linkCode=osi&th=1&psc=1"><img src="https://m.media-amazon.com/images/I/41Xh3Pcm43L._SL500_.jpg" alt="Product Image"></a><p>GE Profile PFQ97HSPVDS 28 Inch Smart Front Load Washer/Dryer Combo with 4.8 cu.ft. Capacity, 12 Wash Cycles, 14 Dryer Cycles</p><p> -17% 0FF </p><p>$1,915.00</p><a href="https://www.amazon.com/dp/B0C72WLSJ1?tag=eloabder-20&linkCode=osi&th=1&psc=1">View Product</a></div>
<div class="product"><a href="https://www.amazon.com/dp/B08BXXQ37X?tag=eloabder-20&linkCode=osi&th=1&psc=1"><img src="https://m.media-amazon.com/images/I/41rYTYUWK2L._SL500_.jpg" alt="Product Image"></a><p>Ninja DT251 Foodi 10-in-1 Smart XL Air Fry Oven, Bake, Broil, Toast, Roast, Digital Toaster, Thermometer, True Surround Convection up to 450°F, includes 6 trays & Recipe Guide, Silver</p><p> -24% 0FF </p><p>$249.95</p><a href="https://www.amazon.com/dp/B08BXXQ37X?tag=eloabder-20&linkCode=osi&th=1&psc=1">View Product</a></div><div class="product"><a href="https://www.amazon.com/dp/B0CLP1YV8V?tag=eloabder-20&linkCode=osi&th=1&psc=1"><img src="https://m.media-amazon.com/images/I/41SB1d44IAL._SL500_.jpg" alt="Product Image"></a><p>COSORI Smart 13-in-1 Air Fryer Toaster Oven Combo, Airfryer Rotisserie Sous Vide Convection Oven Countertop, Bake, Broil, Roast, Dehydrate, 134 Recipes & 4 Accessories, 32QT, Silver, Stainless Steel</p><p> -12% 0FF </p><p>$149.99</p><a href="https://www.amazon.com/dp/B0CLP1YV8V?tag=eloabder-20&linkCode=osi&th=1&psc=1">View Product</a></div>
<div class="product"><a href="https://www.amazon.com/dp/B09WPS1JQT?tag=eloabder-20&linkCode=osi&th=1&psc=1"><img src="https://m.media-amazon.com/images/I/213pWPsDBsL._SL500_.jpg" alt="Product Image"></a><p>SHARP Smart Dishwasher Works with Alexa. Includes LED Interior lights, Stainless Steel interior, Heated Dry with Fan Assist, Wash Zone cleans half load on either rack, Adjustable Third Rack</p><p> -28% 0FF </p><p>$649.99</p><a href="https://www.amazon.com/dp/B09WPS1JQT?tag=eloabder-20&linkCode=osi&th=1&psc=1">View Product</a></div><div class="product"><a href="https://www.amazon.com/dp/B0B9GJFNLX?tag=eloabder-20&linkCode=osi&th=1&psc=1"><img src="https://m.media-amazon.com/images/I/41rhOWVP2YL._SL500_.jpg" alt="Product Image"></a><p>BLITZHOME Portable Dishwasher Countertop, WIFI Smart Dishwasher, Compact Dishwashers with 5L Built-in Water Tank, 6 Programs, 360° Dual Spray, High-Temp& Air-Dry Function, Fruit Cleaning</p><p> -5% 0FF </p><p>$265.94</p><a href="https://www.amazon.com/dp/B0B9GJFNLX?tag=eloabder-20&linkCode=osi&th=1&psc=1">View Product</a></div><div class="product"><a href="https://www.amazon.com/dp/B0B9GDD4VS?tag=eloabder-20&linkCode=osi&th=1&psc=1"><img src="https://m.media-amazon.com/images/I/31vXK+e-zxL._SL500_.jpg" alt="Product Image"></a><p>SAMSUNG Smart 44dBA Dishwasher w/ StormWash+, AutoRelease Door, Quiet Operation, 3 Dish Racks, Pre Blast Cycle, Energy Star Certified, DW80B6060US/AA, Fingerprint Resistant Stainless Steel</p><p> -5% 0FF </p><p>$949.00</p><a href="https://www.amazon.com/dp/B0B9GDD4VS?tag=eloabder-20&linkCode=osi&th=1&psc=1">View Product</a></div><div class="product"><a href="https://www.amazon.com/dp/B0BDNRN39R?tag=eloabder-20&linkCode=osi&th=1&psc=1"><img src="https://m.media-amazon.com/images/I/21YrlEfylNL._SL500_.jpg" alt="Product Image"></a><p>Samsung DW80B7070AP 42 dBA Bespoke Smart Dishwasher - Bespoke Panel Ready</p><p> -10% 0FF </p><p>$1,029.72</p><a href="https://www.amazon.com/dp/B0BDNRN39R?tag=eloabder-20&linkCode=osi&th=1&psc=1">View Product</a></div><div class="product"><a href="https://www.amazon.com/dp/B0CFPTPD7N?tag=eloabder-20&linkCode=osi&th=1&psc=1"><img src="https://m.media-amazon.com/images/I/31JMPn7cM2L._SL500_.jpg" alt="Product Image"></a><p>Kenmore 24" Built-In Stainless Steel Tub Dishwasher with EasyFlex 3rd Rack, SmartWash, UltraWash Plus, TurboDry, and Adjustable Rack, Energy Star Certified, Fingerprint Resistant Stainless Steel</p><p> -38% 0FF </p><p>$499.99</p><a href="https://www.amazon.com/dp/B0CFPTPD7N?tag=eloabder-20&linkCode=osi&th=1&psc=1">View Product</a></div>
<div class="product"><a href="https://www.amazon.com/dp/B07X2732ZN?tag=eloabder-20&linkCode=osi&th=1&psc=1"><img src="https://m.media-amazon.com/images/I/414+VuqxfCL._SL500_.jpg" alt="Product Image"></a><p>Winco EMW-1000ST Commercial-Grade Microwave Oven, .9 Cubic Feet, Silver</p><p> -7% 0FF </p><p>$278.22</p><a href="https://www.amazon.com/dp/B07X2732ZN?tag=eloabder-20&linkCode=osi&th=1&psc=1">View Product</a></div><div class="product"><a href="https://www.amazon.com/dp/B0C1QP9ZH9?tag=eloabder-20&linkCode=osi&th=1&psc=1"><img src="https://m.media-amazon.com/images/I/41fZkBs64aL._SL500_.jpg" alt="Product Image"></a><p>Winco Commercial-Grade Planetary Mixer with Hub, 20 Liter</p><p> -18% 0FF </p><p>$1,112.49</p><a href="https://www.amazon.com/dp/B0C1QP9ZH9?tag=eloabder-20&linkCode=osi&th=1&psc=1">View Product</a></div><div class="product"><a href="https://www.amazon.com/dp/B0716Q44T2?tag=eloabder-20&linkCode=osi&th=1&psc=1"><img src="https://m.media-amazon.com/images/I/41jw7AxptIL._SL500_.jpg" alt="Product Image"></a><p>Weston Pro Series Electric Meat Grinder, Commercial Grade, 1120 Watts, 1.5 HP, 14lbs. Per Minute, Stainless Steel (10-2201-W)</p><p> -13% 0FF </p><p>$659.99</p><a href="https://www.amazon.com/dp/B0716Q44T2?tag=eloabder-20&linkCode=osi&th=1&psc=1">View Product</a></div>
<div class="product"><a href="https://www.amazon.com/dp/B0BG3BPRBS?tag=eloabder-20&linkCode=osi&th=1&psc=1"><img src="https://m.media-amazon.com/images/I/41EKP3Rd4FL._SL500_.jpg" alt="Product Image"></a><p>KITCHENAID Fitted Tilt-Head Solid Stand Mixer Cover with Storage Pocket, Quilted 100% Cotton, Milkshake, 14.4"x18"x10"</p><p> -57% 0FF </p><p>$19.50</p><a href="https://www.amazon.com/dp/B0BG3BPRBS?tag=eloabder-20&linkCode=osi&th=1&psc=1">View Product</a></div>
<div class="product"><a href="https://www.amazon.com/dp/B08F72TY67?tag=eloabder-20&linkCode=osi&th=1&psc=1"><img src="https://m.media-amazon.com/images/I/515c8kJ6iaL._SL500_.jpg" alt="Product Image"></a><p>MegaWise Vacuum Sealer Machine | 80kPa Suction Power| Bags and Cutter Included | Compact One-Touch Automatic Food Sealer with External Vacuum System | Dry Moist Fresh Modes for All Saving needs</p><p> -10% 0FF </p><p>$35.99</p><a href="https://www.amazon.com/dp/B08F72TY67?tag=eloabder-20&linkCode=osi&th=1&psc=1">View Product</a></div><div class="product"><a href="https://www.amazon.com/dp/B08L8YZ9LG?tag=eloabder-20&linkCode=osi&th=1&psc=1"><img src="https://m.media-amazon.com/images/I/316EFEDqU6S._SL500_.jpg" alt="Product Image"></a><p>VOBAGA Coffee Mug Warmer, Electric Coffee Warmer for Office Desk Accessories with Auto Shut Off, 3 Temperature Setting Smart Cup Warmer for Heating Coffee, Beverage, Milk and Tea (No Mug)</p><p> -38% 0FF </p><p>$24.97</p><a href="https://www.amazon.com/dp/B08L8YZ9LG?tag=eloabder-20&linkCode=osi&th=1&psc=1">View Product</a></div><div class="product"><a href="https://www.amazon.com/dp/B0CCTPNZD4?tag=eloabder-20&linkCode=osi&th=1&psc=1"><img src="https://m.media-amazon.com/images/I/41F5VlaiwOL._SL500_.jpg" alt="Product Image"></a><p>Coffee Mug Warmer, Smart Candle Warmer, Electric Cup Warmer with Aluminum Metal Panel for Office, Desk Accessories, Electric Beverage Warmer for Cocoa, Milk, for Coworkers Friends,</p><p> -50% 0FF </p><p>$9.99</p><a href="https://www.amazon.com/dp/B0CCTPNZD4?tag=eloabder-20&linkCode=osi&th=1&psc=1">View Product</a></div>
<div class="product"><a href="https://www.amazon.com/dp/B0BKLVF1DM?tag=eloabder-20&linkCode=osi&th=1&psc=1"><img src="https://m.media-amazon.com/images/I/41NUOnE9h0L._SL500_.jpg" alt="Product Image"></a><p>Café Couture Oven with 14 essential cooking modes, including Air Fry, CrispFinish, Bake, Broil, Roast, Toast, Pizza, WiFi & Smart Connected, Voice Control, Countertop Small Appliances, Matte White</p><p> -27% 0FF </p><p>$329.00</p><a href="https://www.amazon.com/dp/B0BKLVF1DM?tag=eloabder-20&linkCode=osi&th=1&psc=1">View Product</a></div><div class="product"><a href="https://www.amazon.com/dp/B09649DDTN?tag=eloabder-20&linkCode=osi&th=1&psc=1"><img src="https://m.media-amazon.com/images/I/41iMySSuDkL._SL500_.jpg" alt="Product Image"></a><p>GE Profile Opal 2.0 with 0.75 Gallon Tank, Chewable Crunchable Countertop Nugget Ice Maker, Scoop included, 38 lbs in 24 hours, Pellet Ice Machine with WiFi & Smart Connected, Black Stainless Steel</p><p> -17% 0FF </p><p>$498.98</p><a href="https://www.amazon.com/dp/B09649DDTN?tag=eloabder-20&linkCode=osi&th=1&psc=1">View Product</a></div><div class="product"><a href="https://www.amazon.com/dp/B0DGFSYHXL?tag=eloabder-20&linkCode=osi&th=1&psc=1"><img src="https://m.media-amazon.com/images/I/41JYWoYr-WL._SL500_.jpg" alt="Product Image"></a><p>2024 Upgrade Cord Organizer For Kitchen Appliances,4 Pack Cord Organizer for Appliances,Kitchen Appliance Cord Organizer Stick On,Self-Adhesive Cord Organizer</p><p> -30% 0FF </p><p>$6.99</p><a href="https://www.amazon.com/dp/B0DGFSYHXL?tag=eloabder-20&linkCode=osi&th=1&psc=1">View Product</a></div><div class="product"><a href="https://www.amazon.com/dp/B09SBW246Y?tag=eloabder-20&linkCode=osi&th=1&psc=1"><img src="https://m.media-amazon.com/images/I/41FsMr2XLML._SL500_.jpg" alt="Product Image"></a><p>GE Profile Opal 2.0, Chewable Crunchable Countertop Nugget Ice Maker, Scoop included, 38 lbs in 24 hours, Pellet Ice Machine with WiFi & Smart Connected, Stainless Steel</p><p> -18% 0FF </p><p>$449.00</p><a href="https://www.amazon.com/dp/B09SBW246Y?tag=eloabder-20&linkCode=osi&th=1&psc=1">View Product</a></div>
<div class="product"><a href="https://www.amazon.com/dp/B0C2FF4JD1?tag=eloabder-20&linkCode=osi&th=1&psc=1"><img src="https://m.media-amazon.com/images/I/41hiBJ9xLAL._SL500_.jpg" alt="Product Image"></a><p>Ninja BC151BK Blast Portable Blender, Cordless, 18oz. Vessel, Personal Blender-for Shakes & Smoothies, BPA Free, Leakproof-Lid & Sip Spout, USB-C Rechargeable, Dishwasher Safe Parts, Black</p><p> -33% 0FF </p><p>$39.99</p><a href="https://www.amazon.com/dp/B0C2FF4JD1?tag=eloabder-20&linkCode=osi&th=1&psc=1">View Product</a></div><div class="product"><a href="https://www.amazon.com/dp/B089TQWJKK?tag=eloabder-20&linkCode=osi&th=1&psc=1"><img src="https://m.media-amazon.com/images/I/319-1n4eaeL._SL500_.jpg" alt="Product Image"></a><p>Ninja DZ201 Foodi 8 Quart 6-in-1 DualZone 2-Basket Air Fryer with 2 Independent Frying Baskets, Match Cook & Smart Finish to Roast, Broil, Dehydrate & More for Quick, Easy Meals, Grey</p><p> -15% 0FF </p><p>$169.99</p><a href="https://www.amazon.com/dp/B089TQWJKK?tag=eloabder-20&linkCode=osi&th=1&psc=1">View Product</a></div>
<div class="product"><a href="https://www.amazon.com/dp/B0CMJQC2M3?tag=eloabder-20&linkCode=osi&th=1&psc=1"><img src="https://m.media-amazon.com/images/I/216CCwa5bJL._SL500_.jpg" alt="Product Image"></a><p>Summit Appliance FFBF235PL 24" Wide Bottom Freezer Refrigerator, Energy Star, LED Lighting, Stainless Steel (RHD)</p><p> -41% 0FF </p><p>$1,086.96</p><a href="https://www.amazon.com/dp/B0CMJQC2M3?tag=eloabder-20&linkCode=osi&th=1&psc=1">View Product</a></div><div class="product"><a href="https://www.amazon.com/dp/B096RYWSQM?tag=eloabder-20&linkCode=osi&th=1&psc=1"><img src="https://m.media-amazon.com/images/I/31uENxnUdBL._SL500_.jpg" alt="Product Image"></a><p>COMFEE’ Portable Mini Dishwasher, Energy Star, Countertop, 6 Place Settings, with 8 Washing Programs, Speed, Baby-Care, ECO& Glass, Dish Washer for Dorm, RV& Apartment, White</p><p> -10% 0FF </p><p>$259.99</p><a href="https://www.amazon.com/dp/B096RYWSQM?tag=eloabder-20&linkCode=osi&th=1&psc=1">View Product</a></div>
<div class="product"><a href="https://www.amazon.com/dp/B0CPLVLFK2?tag=eloabder-20&linkCode=osi&th=1&psc=1"><img src="https://m.media-amazon.com/images/I/41TevXHn-zL._SL500_.jpg" alt="Product Image"></a><p>Immersion Blender Handheld Corded Hand Blender 1100W, Trigger Variable Speed 5 in 1 Stick Blender, Emulsion Blender with Chopper, Whisk and Frother for Soup, Baby Food and Smoothies</p><p> -49% 0FF </p><p>$39.99</p><a href="https://www.amazon.com/dp/B0CPLVLFK2?tag=eloabder-20&linkCode=osi&th=1&psc=1">View Product</a></div>
<div class="product"><a href="https://www.amazon.com/dp/B00IE76Q7M?tag=eloabder-20&linkCode=osi&th=1&psc=1"><img src="https://m.media-amazon.com/images/I/41yTd6+03lS._SL500_.jpg" alt="Product Image"></a><p>Reynolds Kitchens Premium Slow Cooker Liners - 13 x 21 Inch, 6 Count</p><p> -40% 0FF </p><p>$3.48 ($0.58 / Count)</p><a href="https://www.amazon.com/dp/B00IE76Q7M?tag=eloabder-20&linkCode=osi&th=1&psc=1">View Product</a></div><div class="product"><a href="https://www.amazon.com/dp/B08QJ8SHGV?tag=eloabder-20&linkCode=osi&th=1&psc=1"><img src="https://m.media-amazon.com/images/I/51e1ld7+QuL._SL500_.jpg" alt="Product Image"></a><p>Sealegend 2 Pieces Dryer Vent Cleaner Kit Dryer Lint Vacuum Attachment, Dryer Vent Cleaning Lint Remover 2 Hoses Tools for Home Improvement</p><p> -6% 0FF </p><p>$14.99</p><a href="https://www.amazon.com/dp/B08QJ8SHGV?tag=eloabder-20&linkCode=osi&th=1&psc=1">View Product</a></div><div class="product"><a href="https://www.amazon.com/dp/B09KT67BL1?tag=eloabder-20&linkCode=osi&th=1&psc=1"><img src="https://m.media-amazon.com/images/I/41GfIj83V6L._SL500_.jpg" alt="Product Image"></a><p>HomeHacks 2-Pack Large Laundry Basket, Waterproof, Freestanding Laundry Hamper, Collapsible Tall Clothes Hamper with Extended Handles for Clothes Toys in the Dorm and Family-(Gradient Grey, 75L)</p><p> -20% 0FF </p><p>$19.99 ($10.00 / Count)</p><a href="https://www.amazon.com/dp/B09KT67BL1?tag=eloabder-20&linkCode=osi&th=1&psc=1">View Product</a></div><div class="product"><a href="https://www.amazon.com/dp/B08YQYB7VF?tag=eloabder-20&linkCode=osi&th=1&psc=1"><img src="https://m.media-amazon.com/images/I/410P1mYng8L._SL500_.jpg" alt="Product Image"></a><p>600W Electric Hand Mixer Kitchen Handheld Mixer 10 Speed Powerful with Turbo for Baking Cake Lightweight & Personal Electric Mixer with Egg Baking Beaters Dough Hooks, Whipping Mixing Cookies</p><p> -25% 0FF </p><p>$37.49</p><a href="https://www.amazon.com/dp/B08YQYB7VF?tag=eloabder-20&linkCode=osi&th=1&psc=1">View Product</a></div>



<div class="product"><a href="https://www.amazon.com/dp/B09SBRGSFH?tag=eloabder-20&linkCode=osi&th=1&psc=1"><img src="https://m.media-amazon.com/images/I/51B+TheiNvL._SL500_.jpg" alt="Product Image"></a><p>Ninja SS151 TWISTi Blender DUO, High-Speed 1600 WP Smoothie Maker & Nutrient Extractor* 5 Functions Smoothie, Spreads & More, smartTORQUE, 34-oz. Pitcher & (2) To-Go Cups, Gray</p><p> -29% 0FF </p><p>$99.99</p><a href="https://www.amazon.com/dp/B09SBRGSFH?tag=eloabder-20&linkCode=osi&th=1&psc=1">View Product</a></div>






<div class="product"><a href="https://www.amazon.com/dp/B0DFP72QBQ?tag=eloabder-20&linkCode=osi&th=1&psc=1"><img src="https://m.media-amazon.com/images/I/41WTRq99coL._SL500_.jpg" alt="Product Image"></a><p>UV Countertop Reverse Osmosis System Water Filter, 5 Stage RO Water Filtration System, NSF/ANSI 58 Certified, 5:1 Pure to Drain, Water Purifier for Home(No Installation Required)</p><p> -83% 0FF </p><p>$299.99</p><a href="https://www.amazon.com/dp/B0DFP72QBQ?tag=eloabder-20&linkCode=osi&th=1&psc=1">View Product</a></div><div class="product"><a href="https://www.amazon.com/dp/B0D2HLT8ZB?tag=eloabder-20&linkCode=osi&th=1&psc=1"><img src="https://m.media-amazon.com/images/I/51I3hzCxgfL._SL500_.jpg" alt="Product Image"></a><p>Hydrosip H6 Hydrogen Water Bottle – Hydrogen Water Bottle Generator Up to 3000ppb – Rich Hydrogen-Infused Water – SPE/PEM Technology – Portable Electric Water Ionizer Bottle – Quick Hydrogen Infusion</p><p> -20% 0FF </p><p>$79.99</p><a href="https://www.amazon.com/dp/B0D2HLT8ZB?tag=eloabder-20&linkCode=osi&th=1&psc=1">View Product</a></div>













<div class="product"><a href="https://www.amazon.com/dp/B0CB8QWHZ4?tag=eloabder-20&linkCode=osi&th=1&psc=1"><img src="https://m.media-amazon.com/images/I/31iiEl+sr-L._SL500_.jpg" alt="Product Image"></a><p>EIFHYT Ceiling Fan Pull Chain with Decorative 2 Pcs 3 mm 12 inch Frosted Light Bulb and Fan Cord extender Chains for Mounted Ceiling Fans and Light Fixtures (Nickel)</p><p> -50% 0FF </p><p>$3.49</p><a href="https://www.amazon.com/dp/B0CB8QWHZ4?tag=eloabder-20&linkCode=osi&th=1&psc=1">View Product</a></div>








<div class="product"><a href="https://www.amazon.com/dp/B07DRM9YXL?tag=eloabder-20&linkCode=osi&th=1&psc=1"><img src="https://m.media-amazon.com/images/I/51yigLl6c+L._SL500_.jpg" alt="Product Image"></a><p>NutriChef Electric Carving Turkey Slicer Kitchen Knife | For Thanksgiving | Portable Electrical Food Cutter Knife Set with Carving Blades & Wood Carving Stand | Cuts Meat, Bread, Cheese & Fruit</p><p> -19% 0FF </p><p>$28.38</p><a href="https://www.amazon.com/dp/B07DRM9YXL?tag=eloabder-20&linkCode=osi&th=1&psc=1">View Product</a></div><div class="product"><a href="https://www.amazon.com/dp/B091LZV4TF?tag=eloabder-20&linkCode=osi&th=1&psc=1"><img src="https://m.media-amazon.com/images/I/51UKNfHOeRL._SL500_.jpg" alt="Product Image"></a><p>Homaider Electric Knife for Carving Meat, Turkey, Bread & More. Serving Fork and Carving Blades Included</p><p> -14% 0FF </p><p>$59.99</p><a href="https://www.amazon.com/dp/B091LZV4TF?tag=eloabder-20&linkCode=osi&th=1&psc=1">View Product</a></div><div class="product"><a href="https://www.amazon.com/dp/B0C1TBT4D4?tag=eloabder-20&linkCode=osi&th=1&psc=1"><img src="https://m.media-amazon.com/images/I/31iw4Pxk70L._SL500_.jpg" alt="Product Image"></a><p>BLACK+DECKER Comfort Grip™ Electric Knife With Storage Case, Black</p><p> -23% 0FF </p><p>$23.19</p><a href="https://www.amazon.com/dp/B0C1TBT4D4?tag=eloabder-20&linkCode=osi&th=1&psc=1">View Product</a></div><div class="product"><a href="https://www.amazon.com/dp/B0D736YM74?tag=eloabder-20&linkCode=osi&th=1&psc=1"><img src="https://m.media-amazon.com/images/I/41-TimjHH+L._SL500_.jpg" alt="Product Image"></a><p>KEENSTAR Electric Knife for Carving Meat, Turkey, Bread, 150W Electric Knife Set with 2 Serrated Stainless Steel Blades & Serving Fork for Slicing Poultry, Ham & More, Ergonomic Handle & Safety Lock</p><p> -29% 0FF </p><p>$39.99</p><a href="https://www.amazon.com/dp/B0D736YM74?tag=eloabder-20&linkCode=osi&th=1&psc=1">View Product</a></div>

<div class="product"><a href="https://www.amazon.com/dp/B0B3S5GWX7?tag=eloabder-20&linkCode=osi&th=1&psc=1"><img src="https://m.media-amazon.com/images/I/31oa3VJk1OL._SL500_.jpg" alt="Product Image"></a><p>Ninja DG551 Foodi Smart XL 6-in-1 Indoor Grill with Air Fry, Roast, Bake, Broil, & Dehydrate, Foodi Smart Thermometer, 2nd Generation, Black/Silver</p><p> -39% 0FF </p><p>$169.99</p><a href="https://www.amazon.com/dp/B0B3S5GWX7?tag=eloabder-20&linkCode=osi&th=1&psc=1">View Product</a></div><div class="product"><a href="https://www.amazon.com/dp/B089ZT66H9?tag=eloabder-20&linkCode=osi&th=1&psc=1"><img src="https://m.media-amazon.com/images/I/41cjUnZlkdL._SL500_.jpg" alt="Product Image"></a><p>COSORI Air Fryer Pro Smart 5.8QT that Roast, Bake, 3-Way Control, 12-IN-1 Customizable Functions, Online Recipes, Detachable Basket, Works with Alexa & Google Assistant</p><p> -14% 0FF </p><p>$119.99</p><a href="https://www.amazon.com/dp/B089ZT66H9?tag=eloabder-20&linkCode=osi&th=1&psc=1">View Product</a></div><div class="product"><a href="https://www.amazon.com/dp/B0D8S8TN1C?tag=eloabder-20&linkCode=osi&th=1&psc=1"><img src="https://m.media-amazon.com/images/I/41iDgb-syML._SL500_.jpg" alt="Product Image"></a><p>Touch screen Toaster 2 slice, Stainless Steel Digital Timer Toaster with Sound Function, 6 Bread Types & 6 Shade Settings, Smart Extra Wide Slots Toaster with Bagel, Defrost Functions (grey)</p><p> -65% 0FF </p><p>$69.99</p><a href="https://www.amazon.com/dp/B0D8S8TN1C?tag=eloabder-20&linkCode=osi&th=1&psc=1">View Product</a></div><div class="product"><a href="https://www.amazon.com/dp/B0CZ898D5Z?tag=eloabder-20&linkCode=osi&th=1&psc=1"><img src="https://m.media-amazon.com/images/I/41OsoqP7bkL._SL500_.jpg" alt="Product Image"></a><p>Tastee Air Fryer, 8-in-1 Compact 5.5QT AirFryers, 450°F Digital Airfryer Dehydrator with Dual-sensor Smart Probe, 24 Presets One-touch Cooking, In-app Recipes with Window, Dishwasher-safe & Non-stick</p><p> -20% 0FF </p><p>$119.99</p><a href="https://www.amazon.com/dp/B0CZ898D5Z?tag=eloabder-20&linkCode=osi&th=1&psc=1">View Product</a></div><div class="product"><a href="https://www.amazon.com/dp/B0863JB424?tag=eloabder-20&linkCode=osi&th=1&psc=1"><img src="https://m.media-amazon.com/images/I/41lR3pmJiqL._SL500_.jpg" alt="Product Image"></a><p>CHEF iQ Smart Pressure Cooker 10 Cooking Functions & 18 Features, Built-in Scale, 1000+ Presets & Times & Temps w/App for 600+ Foolproof Guided Recipes, Rice & Slow Electric MultiCooker, 6 Qt</p><p> -15% 0FF </p><p>$169.94</p><a href="https://www.amazon.com/dp/B0863JB424?tag=eloabder-20&linkCode=osi&th=1&psc=1">View Product</a></div>

<div class="product"><a href="https://www.amazon.com/dp/B0B4PPHG8G?tag=eloabder-20&linkCode=osi&th=1&psc=1"><img src="https://m.media-amazon.com/images/I/31TiuN4BCdL._SL500_.jpg" alt="Product Image"></a><p>Ninja MC1001 Foodi PossibleCooker PRO 8.5 Quart Multi-Cooker, with 8-in-1 Slow Cooker, Dutch Oven, Steamer, Glass Lid Integrated Spoon, Nonstick, Oven Safe Pot to 500°F, Sea Salt Gray</p><p> -33% 0FF </p><p>$99.99</p><a href="https://www.amazon.com/dp/B0B4PPHG8G?tag=eloabder-20&linkCode=osi&th=1&psc=1">View Product</a></div><div class="product"><a href="https://www.amazon.com/dp/B0CSZ7WBYW?tag=eloabder-20&linkCode=osi&th=1&psc=1"><img src="https://m.media-amazon.com/images/I/41s2+VsF0YL._SL500_.jpg" alt="Product Image"></a><p>Ninja Air Fryer Pro 4-in-1 with 5 QT Capacity, Air Fry, Roast, Reheat, Dehydrate, Air Crisp Technology with 400F for hot, crispy results in just minutes, Nonstick Basket & Crisper Plate, Grey, AF141</p><p> -33% 0FF </p><p>$79.99</p><a href="https://www.amazon.com/dp/B0CSZ7WBYW?tag=eloabder-20&linkCode=osi&th=1&psc=1">View Product</a></div><div class="product"><a href="https://www.amazon.com/dp/B0C2FP4XNJ?tag=eloabder-20&linkCode=osi&th=1&psc=1"><img src="https://m.media-amazon.com/images/I/41PezlA3GrL._SL500_.jpg" alt="Product Image"></a><p>Ninja BC151EM Blast Portable Blender, Cordless, 18oz. Vessel, Personal Blender-for Shakes & Smoothies, BPA Free, Leakproof-Lid & Sip Spout, USB-C Rechargeable, Dishwasher Safe Parts, Forest Green</p><p> -33% 0FF </p><p>$39.99</p><a href="https://www.amazon.com/dp/B0C2FP4XNJ?tag=eloabder-20&linkCode=osi&th=1&psc=1">View Product</a></div><div class="product"><a href="https://www.amazon.com/dp/B097F4QKVY?tag=eloabder-20&linkCode=osi&th=1&psc=1"><img src="https://m.media-amazon.com/images/I/41P6OTX4B7L._SL500_.jpg" alt="Product Image"></a><p>Crock-Pot 7-Quart Slow Cooker, Portable Programmable with Timer, Locking Lid, Stainless Steel; an Essential Kitchen Appliance, Perfect for Families and Gatherings</p><p> -5% 0FF </p><p>$85.89</p><a href="https://www.amazon.com/dp/B097F4QKVY?tag=eloabder-20&linkCode=osi&th=1&psc=1">View Product</a></div><div class="product"><a href="https://www.amazon.com/dp/B0CHX9K2TV?tag=eloabder-20&linkCode=osi&th=1&psc=1"><img src="https://m.media-amazon.com/images/I/31dshLScRcL._SL500_.jpg" alt="Product Image"></a><p>nutribullet Personal Blender for Shakes, Smoothies, Food Prep, and Frozen Blending, 24 Ounces, 600 Watt, Gray, (NBR-0601)</p><p> -7% 0FF </p><p>$64.99</p><a href="https://www.amazon.com/dp/B0CHX9K2TV?tag=eloabder-20&linkCode=osi&th=1&psc=1">View Product</a></div><div class="product"><a href="https://www.amazon.com/dp/B0C33CHG99?tag=eloabder-20&linkCode=osi&th=1&psc=1"><img src="https://m.media-amazon.com/images/I/411O3FS3VIL._SL500_.jpg" alt="Product Image"></a><p>COSORI Air Fryer 9-in-1, Compact & Large 6-Qt, Fast Turbo Modes, 90-450°F Evenly Results with Precise Temperature Control, 95% Less Oil, Roast, Bake, Dry, Reheat, Frozen, Broil, Proof, Grey</p><p> -25% 0FF </p><p>$89.99</p><a href="https://www.amazon.com/dp/B0C33CHG99?tag=eloabder-20&linkCode=osi&th=1&psc=1">View Product</a></div><div class="product"><a href="https://www.amazon.com/dp/B0CFYX3946?tag=eloabder-20&linkCode=osi&th=1&psc=1"><img src="https://m.media-amazon.com/images/I/4155yrEZMWL._SL500_.jpg" alt="Product Image"></a><p>KitchenAid 5-Speed Ultra Power Hand Mixer - KHM512, Contour Silver</p><p> -25% 0FF </p><p>$44.99</p><a href="https://www.amazon.com/dp/B0CFYX3946?tag=eloabder-20&linkCode=osi&th=1&psc=1">View Product</a></div><div class="product"><a href="https://www.amazon.com/dp/B0C5Z8VCHX?tag=eloabder-20&linkCode=osi&th=1&psc=1"><img src="https://m.media-amazon.com/images/I/51h2oWq8I7L._SL500_.jpg" alt="Product Image"></a><p>Chefman Electric Kettle, 1.8L 1500W, Hot Water Boiler, Removable Lid for Easy Cleaning, Auto Shut Off, Boil-Dry Protection, Stainless Steel Filter, BPA Free, Borosilicate Glass Electric Tea Kettle</p><p> -18% 0FF </p><p>$22.99</p><a href="https://www.amazon.com/dp/B0C5Z8VCHX?tag=eloabder-20&linkCode=osi&th=1&psc=1">View Product</a></div><div class="product"><a href="https://www.amazon.com/dp/B098RD17LG?tag=eloabder-20&linkCode=osi&th=1&psc=1"><img src="https://m.media-amazon.com/images/I/41KlEtq4iCL._SL500_.jpg" alt="Product Image"></a><p>Ninja Blender, For-Smoothies, Salsa, Shakes, Slush, and-Frozen Drinks, Blender, Pitcher, and-Lid, Blender for-Kitchen, Crushes Ice, Fruit, and-Veggies, 1000-Watt, Dishwasher Safe, Black, NJ601AMZ​</p><p> -20% 0FF </p><p>$79.99</p><a href="https://www.amazon.com/dp/B098RD17LG?tag=eloabder-20&linkCode=osi&th=1&psc=1">View Product</a></div>
<div class="product"><a href="https://www.amazon.com/dp/B00939I7EK?tag=eloabder-20&linkCode=osi&th=1&psc=1"><img src="https://m.media-amazon.com/images/I/51U2RFBCh2L._SL500_.jpg" alt="Product Image"></a><p>Ninja BL770 Mega Kitchen System, 1500W, 4 Functions for Smoothies, Processing, Dough, Drinks & More, with 72 Blender Pitcher, 64 Processor Bowl, (2) 16-oz. to-Go, Black, with 2 Nutri Cups + Lids</p><p> -20% 0FF </p><p>$159.99</p><a href="https://www.amazon.com/dp/B00939I7EK?tag=eloabder-20&linkCode=osi&th=1&psc=1">View Product</a></div><div class="product"><a href="https://www.amazon.com/dp/B00NGV4506?tag=eloabder-20&linkCode=osi&th=1&psc=1"><img src="https://m.media-amazon.com/images/I/41zuo8-35WL._SL500_.jpg" alt="Product Image"></a><p>Ninja BL610 Professional 72 Oz Countertop 1000-Watt Base and Total Crushing Technology for Smoothies, Ice and Frozen Fruit, Black, Blender + Pitcher</p><p> -40% 0FF </p><p>$59.99</p><a href="https://www.amazon.com/dp/B00NGV4506?tag=eloabder-20&linkCode=osi&th=1&psc=1">View Product</a></div><div class="product"><a href="https://www.amazon.com/dp/B0855B5Z6F?tag=eloabder-20&linkCode=osi&th=1&psc=1"><img src="https://m.media-amazon.com/images/I/419Om7ZCluL._SL500_.jpg" alt="Product Image"></a><p>Ninja BN701 Professional Plus Blender, 1400 Peak Watts, 3 Functions for Smoothies, Frozen Drinks & Ice Cream with Auto IQ, 72-oz.* Total Crushing Pitcher & Lid, Dark Grey</p><p> -46% 0FF </p><p>$64.61 ($64.61 / Count)</p><a href="https://www.amazon.com/dp/B0855B5Z6F?tag=eloabder-20&linkCode=osi&th=1&psc=1">View Product</a></div><div class="product"><a href="https://www.amazon.com/dp/B012T634SM?tag=eloabder-20&linkCode=osi&th=1&psc=1"><img src="https://m.media-amazon.com/images/I/41BKzSi-ifL._SL500_.jpg" alt="Product Image"></a><p>Magic Bullet Blender, Small, Silver, 11 Piece Set</p><p> -20% 0FF </p><p>$39.88</p><a href="https://www.amazon.com/dp/B012T634SM?tag=eloabder-20&linkCode=osi&th=1&psc=1">View Product</a></div><div class="product"><a href="https://www.amazon.com/dp/B0D3Y7T31M?tag=eloabder-20&linkCode=osi&th=1&psc=1"><img src="https://m.media-amazon.com/images/I/41ffeHw82SL._SL500_.jpg" alt="Product Image"></a><p>magic bullet Combo Blender, 48oz Pitcher, Blending Cup, Simple Speed Dial – MBF50200</p><p> -20% 0FF </p><p>$39.99</p><a href="https://www.amazon.com/dp/B0D3Y7T31M?tag=eloabder-20&linkCode=osi&th=1&psc=1">View Product</a></div><div class="product"><a href="https://www.amazon.com/dp/B0CDW6J1W8?tag=eloabder-20&linkCode=osi&th=1&psc=1"><img src="https://m.media-amazon.com/images/I/51F2suuOG5L._SL500_.jpg" alt="Product Image"></a><p>KOIOS Smoothie Blender, 900W Personal Blender for Shakes and Smoothies Kitchen with 2 No-BPA 22oz Portable Blender Cups, Single Serve Smoothies Maker Mixer for Juices, Nutritious Recipe (Grey Blue)</p><p> -20% 0FF </p><p>$39.99</p><a href="https://www.amazon.com/dp/B0CDW6J1W8?tag=eloabder-20&linkCode=osi&th=1&psc=1">View Product</a></div>
<div class="product"><a href="https://www.amazon.com/dp/B071WCB1T6?tag=eloabder-20&linkCode=osi&th=1&psc=1"><img src="https://m.media-amazon.com/images/I/31jdX6frIBL._SL500_.jpg" alt="Product Image"></a><p>TOSHIBA EM131A5C-BS Countertop Microwave Ovens 1.2 Cu Ft, 12.4" Removable Turntable Smart Humidity Sensor 12 Auto Menus Mute Function ECO Mode Easy Clean Interior Black Color 1100W</p><p> -7% 0FF </p><p>$129.99</p><a href="https://www.amazon.com/dp/B071WCB1T6?tag=eloabder-20&linkCode=osi&th=1&psc=1">View Product</a></div><div class="product"><a href="https://www.amazon.com/dp/B0D292ZK9W?tag=eloabder-20&linkCode=osi&th=1&psc=1"><img src="https://m.media-amazon.com/images/I/31TTpRBhabL._SL500_.jpg" alt="Product Image"></a><p>GE GCST10A1WSS 3-in-1 Microwave Oven, 1,050 Watts Air Fryer, Broiler & Convection Mode, Kitchen Essentials for The Countertop or Dorm Room, Child-Lock Technology 1.0 Cu. Ft, Stainless Steel</p><p> -13% 0FF </p><p>$189.99</p><a href="https://www.amazon.com/dp/B0D292ZK9W?tag=eloabder-20&linkCode=osi&th=1&psc=1">View Product</a></div><div class="product"><a href="https://www.amazon.com/dp/B0D294MHR5?tag=eloabder-20&linkCode=osi&th=1&psc=1"><img src="https://m.media-amazon.com/images/I/31jA3nuhQWL._SL500_.jpg" alt="Product Image"></a><p>GE GCST07N1WSS Microwave Oven, 700-watt 6 Auto Cooking Settings, Kitchen Essentials for The Countertop, Dorm Room or Apartment, Child-Lock Technology 0.7 Cu. Ft, Stainless Steel</p><p> -9% 0FF </p><p>$99.00</p><a href="https://www.amazon.com/dp/B0D294MHR5?tag=eloabder-20&linkCode=osi&th=1&psc=1">View Product</a></div><div class="product"><a href="https://www.amazon.com/dp/B000M9EFNM?tag=eloabder-20&linkCode=osi&th=1&psc=1"><img src="https://m.media-amazon.com/images/I/41iWuh-A2fL._SL500_.jpg" alt="Product Image"></a><p>Emerson MW7302B Compact Countertop Microwave Oven with Touch Control, LED Display, 700W, 10 Power Levels, 6 Auto Menus, Glass Turntable and Child Safe Lock, 0.7 Cu., Ft. Black</p><p> -28% 0FF </p><p>$72.03</p><a href="https://www.amazon.com/dp/B000M9EFNM?tag=eloabder-20&linkCode=osi&th=1&psc=1">View Product</a></div>
<div class="product"><a href="https://www.amazon.com/dp/B082PMYZ2X?tag=eloabder-20&linkCode=osi&th=1&psc=1"><img src="https://m.media-amazon.com/images/I/3172vOXiAeL._SL500_.jpg" alt="Product Image"></a><p>RCA RFR725 2 Door Apartment Size Refrigerator with Freezer, Stainless,7.5 cu ft</p><p> -15% 0FF </p><p>$298.00</p><a href="https://www.amazon.com/dp/B082PMYZ2X?tag=eloabder-20&linkCode=osi&th=1&psc=1">View Product</a></div><div class="product"><a href="https://www.amazon.com/dp/B09RWFZTWW?tag=eloabder-20&linkCode=osi&th=1&psc=1"><img src="https://m.media-amazon.com/images/I/51jiYOTMybL._SL500_.jpg" alt="Product Image"></a><p>Upstreman 3.2 Cu.Ft Mini Fridge with Freezer, Single Door Mini Fridge, Dorm Fridge, Adjustable Thermostat, Mini Refrigerator for Bedroom, Office, Dorm, Black-BR321</p><p> -22% 0FF </p><p>$139.99</p><a href="https://www.amazon.com/dp/B09RWFZTWW?tag=eloabder-20&linkCode=osi&th=1&psc=1">View Product</a></div><div class="product"><a href="https://www.amazon.com/dp/B07QCQX8WR?tag=eloabder-20&linkCode=osi&th=1&psc=1"><img src="https://m.media-amazon.com/images/I/319YWFzYC1L._SL500_.jpg" alt="Product Image"></a><p>SAMSUNG RF28R7201SR 28 Cu. Ft. Stainless 4-Door French Door Refrigerator</p><p> -9% 0FF </p><p>$1,499.22</p><a href="https://www.amazon.com/dp/B07QCQX8WR?tag=eloabder-20&linkCode=osi&th=1&psc=1">View Product</a></div><div class="product"><a href="https://www.amazon.com/dp/B00QEUGW5M?tag=eloabder-20&linkCode=osi&th=1&psc=1"><img src="https://m.media-amazon.com/images/I/21RdnrqGpZL._SL500_.jpg" alt="Product Image"></a><p>Avanti FF18D3S-4 FF18D cu.ft. Apartment Size Refrigerator​, Full Fridge Free Technology Prevents Frost Build-up with Adjustable Shelves, Door Bins & Crisper Drawers, 18 cu. ft, Stainless Steel</p><p> -35% 0FF </p><p>$549.99</p><a href="https://www.amazon.com/dp/B00QEUGW5M?tag=eloabder-20&linkCode=osi&th=1&psc=1">View Product</a></div><div class="product"><a href="https://www.amazon.com/dp/B0CVS8WRPX?tag=eloabder-20&linkCode=osi&th=1&psc=1"><img src="https://m.media-amazon.com/images/I/21EtSdN39DL._SL500_.jpg" alt="Product Image"></a><p>Kenmore 46-75525 29.88 Inch Counter-Depth French Door Refrigerator/Freezer with Fingerprint-Resistant Stainless Steel, Ice Maker, Quiet and Energy Efficient Inverter Compressor, 17.5 cu. ft.</p><p> -15% 0FF </p><p>$1,099.99</p><a href="https://www.amazon.com/dp/B0CVS8WRPX?tag=eloabder-20&linkCode=osi&th=1&psc=1">View Product</a></div>
<div class="product"><a href="https://www.amazon.com/dp/B0D1CXL52G?tag=eloabder-20&linkCode=osi&th=1&psc=1"><img src="https://m.media-amazon.com/images/I/41b3JzpXjNL._SL500_.jpg" alt="Product Image"></a><p>Ninja Flip Toaster Oven&Air Fryer, 8-in-1 Functionality, Flip Up&Away Capability for Storage Space, LargeCapacity, Air Fry Basket, SheetPan, Wire Rack&Removable Crumb Tray, Stainless,1800 watts, SP151</p><p> -35% 0FF </p><p>$129.99</p><a href="https://www.amazon.com/dp/B0D1CXL52G?tag=eloabder-20&linkCode=osi&th=1&psc=1">View Product</a></div><div class="product"><a href="https://www.amazon.com/dp/B07SCGY2H6?tag=eloabder-20&linkCode=osi&th=1&psc=1"><img src="https://m.media-amazon.com/images/I/51lqoRxpKAL._SL500_.jpg" alt="Product Image"></a><p>Ninja SP101 Digital Air Fry Countertop Oven with 8-in-1 Functionality, Flip Up & Away Capability for Storage Space, with Air Fry Basket, Wire Rack & Crumb Tray, Silver</p><p> -41% 0FF </p><p>$129.99</p><a href="https://www.amazon.com/dp/B07SCGY2H6?tag=eloabder-20&linkCode=osi&th=1&psc=1">View Product</a></div><div class="product"><a href="https://www.amazon.com/dp/B0BMDFVL5D?tag=eloabder-20&linkCode=osi&th=1&psc=1"><img src="https://m.media-amazon.com/images/I/41MIOfXMwnL._SL500_.jpg" alt="Product Image"></a><p>Elite Gourmet ETO2530M Double French Door Countertop Toaster Oven, Bake, Broil, Toast, Keep Warm, Fits 12" pizza, 25L capacity, Stainless Steel & Black</p><p> -13% 0FF </p><p>$78.27</p><a href="https://www.amazon.com/dp/B0BMDFVL5D?tag=eloabder-20&linkCode=osi&th=1&psc=1">View Product</a></div><div class="product"><a href="https://www.amazon.com/dp/B08DL8WH9V?tag=eloabder-20&linkCode=osi&th=1&psc=1"><img src="https://m.media-amazon.com/images/I/51Zh5HMM-bL._SL500_.jpg" alt="Product Image"></a><p>CHEFMAN Multifunctional Digital Air Fryer+ Rotisserie, Dehydrator, Convection Oven, 17 Touch Screen Presets Fry, Roast, Dehydrate, Bake, XL 10L Family Size, Auto Shutoff, Large Easy-View Window, Black</p><p> -29% 0FF </p><p>$99.99</p><a href="https://www.amazon.com/dp/B08DL8WH9V?tag=eloabder-20&linkCode=osi&th=1&psc=1">View Product</a></div>
<div class="product"><a href="https://www.amazon.com/dp/B072P11H8L?tag=eloabder-20&linkCode=osi&th=1&psc=1"><img src="https://m.media-amazon.com/images/I/41FgU05M+eL._SL500_.jpg" alt="Product Image"></a><p>Amazon Basics 2 Slice Extra Wide Slot Toaster with Bagel Function, Removable Crumb Tray, 6 Browning Settings, Frozen Food Setting, Cancel Button, 900W, Black & Silver.</p><p> -13% 0FF </p><p>$19.99</p><a href="https://www.amazon.com/dp/B072P11H8L?tag=eloabder-20&linkCode=osi&th=1&psc=1">View Product</a></div><div class="product"><a href="https://www.amazon.com/dp/B091SQRKVG?tag=eloabder-20&linkCode=osi&th=1&psc=1"><img src="https://m.media-amazon.com/images/I/41VUCnZHzhL._SL500_.jpg" alt="Product Image"></a><p>Mueller UltraToast Full Stainless Steel Toaster 4 Slice, Long Extra-Wide Slots with Removable Tray, Cancel/Defrost/Reheat Functions, 6 Browning Levels with LED Display, Kitchen Essentials & Gadgets</p><p> -33% 0FF </p><p>$39.99</p><a href="https://www.amazon.com/dp/B091SQRKVG?tag=eloabder-20&linkCode=osi&th=1&psc=1">View Product</a></div><div class="product"><a href="https://www.amazon.com/dp/B08NWGNQPS?tag=eloabder-20&linkCode=osi&th=1&psc=1"><img src="https://m.media-amazon.com/images/I/41Rl2b7N4yL._SL500_.jpg" alt="Product Image"></a><p>GE 2 Slice Stainless Steel Toaster, Extra Wide Slots for Toasting Bagels, Breads, Waffles & More, 7 Adjustable Shade Settings, Removable Crumb Tray, Countertop Kitchen Essentials, 850 Watts</p><p> -14% 0FF </p><p>$41.99</p><a href="https://www.amazon.com/dp/B08NWGNQPS?tag=eloabder-20&linkCode=osi&th=1&psc=1">View Product</a></div>
<div class="product"><a href="https://www.amazon.com/dp/B09715G57M?tag=eloabder-20&linkCode=osi&th=1&psc=1"><img src="https://m.media-amazon.com/images/I/31bbfFmQvAL._SL500_.jpg" alt="Product Image"></a><p>Keurig K-Express Single Serve K-Cup Pod Coffee Maker, 3 Brew Sizes, Strong Button Feature, 42oz Removable Reservoir, Black</p><p> -33% 0FF </p><p>$59.99</p><a href="https://www.amazon.com/dp/B09715G57M?tag=eloabder-20&linkCode=osi&th=1&psc=1">View Product</a></div><div class="product"><a href="https://www.amazon.com/dp/B07S98411N?tag=eloabder-20&linkCode=osi&th=1&psc=1"><img src="https://m.media-amazon.com/images/I/41SOX63H-GL._SL500_.jpg" alt="Product Image"></a><p>Ninja 12-Cup Programmable Coffee Brewer, 2 Brew Styles, Adjustable Warm Plate, 60oz Water Reservoir, Delay Brew - Black/Stainless Steel</p><p> -13% 0FF </p><p>$69.99 ($69.99 / count)</p><a href="https://www.amazon.com/dp/B07S98411N?tag=eloabder-20&linkCode=osi&th=1&psc=1">View Product</a></div><div class="product"><a href="https://www.amazon.com/dp/B0D8LXRHQ8?tag=eloabder-20&linkCode=osi&th=1&psc=1"><img src="https://m.media-amazon.com/images/I/41rogzNp62L._SL500_.jpg" alt="Product Image"></a><p>Keurig K-Duo Hot & Iced Single Serve & Carafe Coffee Maker, MultiStream Technology, 72oz Reservoir (Gen 2)</p><p> -25% 0FF </p><p>$149.99</p><a href="https://www.amazon.com/dp/B0D8LXRHQ8?tag=eloabder-20&linkCode=osi&th=1&psc=1">View Product</a></div><div class="product"><a href="https://www.amazon.com/dp/B0BM3C13B6?tag=eloabder-20&linkCode=osi&th=1&psc=1"><img src="https://m.media-amazon.com/images/I/41Vyq25e3QL._SL500_.jpg" alt="Product Image"></a><p>Mueller 12-Cup Drip Coffee Maker - Borosilicate Carafe, Auto-Off, Reusable Filter, Anti-Drip, Keep-Warm Function, Clear Water Level Window Coffee Machine, Ideal for Home or Office</p><p> -48% 0FF </p><p>$25.87 ($2.16 / Count)</p><a href="https://www.amazon.com/dp/B0BM3C13B6?tag=eloabder-20&linkCode=osi&th=1&psc=1">View Product</a></div><div class="product"><a href="https://www.amazon.com/dp/B07GV2S1GS?tag=eloabder-20&linkCode=osi&th=1&psc=1"><img src="https://m.media-amazon.com/images/I/310Vh-Nnu7L._SL500_.jpg" alt="Product Image"></a><p>Keurig K-Mini Single Serve K-Cup Pod Coffee Maker, 6 to 12oz Brew size, with Cord Storage, Perfect for Small Spaces, Black</p><p> -40% 0FF </p><p>$59.99</p><a href="https://www.amazon.com/dp/B07GV2S1GS?tag=eloabder-20&linkCode=osi&th=1&psc=1">View Product</a></div><div class="product"><a href="https://www.amazon.com/dp/B018UQ5AMS?tag=eloabder-20&linkCode=osi&th=1&psc=1"><img src="https://m.media-amazon.com/images/I/41ZbZptck9L._SL500_.jpg" alt="Product Image"></a><p>Keurig K-Classic Single Serve K-Cup Pod Coffee Maker, with 3 Brew Sizes, 48oz Removable Reservoir, Black</p><p> -7% 0FF </p><p>$139.99</p><a href="https://www.amazon.com/dp/B018UQ5AMS?tag=eloabder-20&linkCode=osi&th=1&psc=1">View Product</a></div>
<div class="product"><a href="https://www.amazon.com/dp/B09ST4M8VF?tag=eloabder-20&linkCode=osi&th=1&psc=1"><img src="https://m.media-amazon.com/images/I/31QlZXvnG0L._SL500_.jpg" alt="Product Image"></a><p>COMFEE’ Countertop Dishwasher, Energy Star Portable Dishwasher, 6 Place Settings & 8 Washing Programs, Speed, Baby-Care, ECO& Glass, Dish Washer for Dorm, RV& Apartment, Black</p><p> -13% 0FF </p><p>$259.99</p><a href="https://www.amazon.com/dp/B09ST4M8VF?tag=eloabder-20&linkCode=osi&th=1&psc=1">View Product</a></div><div class="product"><a href="https://www.amazon.com/dp/B089YD3Z91?tag=eloabder-20&linkCode=osi&th=1&psc=1"><img src="https://m.media-amazon.com/images/I/4149SRZHueL._SL500_.jpg" alt="Product Image"></a><p>NOVETE Portable Countertop Dishwashers, Compact Dishwashers with 5 L Built-in Water Tank & Inlet Hose, 5 Washing Programs, Baby Care, Air-Dry Function and LED Light for Small Apartments</p><p> -31% 0FF </p><p>$291.70</p><a href="https://www.amazon.com/dp/B089YD3Z91?tag=eloabder-20&linkCode=osi&th=1&psc=1">View Product</a></div><div class="product"><a href="https://www.amazon.com/dp/B0CVX5GBY5?tag=eloabder-20&linkCode=osi&th=1&psc=1"><img src="https://m.media-amazon.com/images/I/41Dnq4IKwbL._SL500_.jpg" alt="Product Image"></a><p>EUHOMY Mini Portable Dishwasher Countertop Compact Dishwashers, Tabletop Small Dishwasher with 5L Built-in Water Tank with 6 Modes and Baby Care for Apartments& RVs, No Hookup Needed</p><p> -19% 0FF </p><p>$217.99</p><a href="https://www.amazon.com/dp/B0CVX5GBY5?tag=eloabder-20&linkCode=osi&th=1&psc=1">View Product</a></div><div class="product"><a href="https://www.amazon.com/dp/B0C84MCVWM?tag=eloabder-20&linkCode=osi&th=1&psc=1"><img src="https://m.media-amazon.com/images/I/21-RrSOli4L._SL500_.jpg" alt="Product Image"></a><p>Midea MDF18A1AST Built-in Dishwasher with 8 Place Settings, 6 Washing Programs, Stainless Steel Tub, Heated Dry, Energy Star</p><p> -10% 0FF </p><p>$449.00</p><a href="https://www.amazon.com/dp/B0C84MCVWM?tag=eloabder-20&linkCode=osi&th=1&psc=1">View Product</a></div><div class="product"><a href="https://www.amazon.com/dp/B0BSHF9LXB?tag=eloabder-20&linkCode=osi&th=1&psc=1"><img src="https://m.media-amazon.com/images/I/11eYYssjgEL._SL500_.jpg" alt="Product Image"></a><p>Honeywell 18 Inch Dishwasher with 8 Place settings, 6 Washing Programs, Stainless Steel Tub, UL/Energy Star- Stainless Steel</p><p> -11% 0FF </p><p>$399.99</p><a href="https://www.amazon.com/dp/B0BSHF9LXB?tag=eloabder-20&linkCode=osi&th=1&psc=1">View Product</a></div><div class="product"><a href="https://www.amazon.com/dp/B08SBR12S7?tag=eloabder-20&linkCode=osi&th=1&psc=1"><img src="https://m.media-amazon.com/images/I/41LD2A+P9ZL._SL500_.jpg" alt="Product Image"></a><p>Hermitlux Countertop Dishwasher, 5 Washing Programs Portable Dishwasher With 5-Liter Built-in Water Tank For Glass Door</p><p> -21% 0FF </p><p>$275.99</p><a href="https://www.amazon.com/dp/B08SBR12S7?tag=eloabder-20&linkCode=osi&th=1&psc=1">View Product</a></div><div class="product"><a href="https://www.amazon.com/dp/B09QCJ6TDZ?tag=eloabder-20&linkCode=osi&th=1&psc=1"><img src="https://m.media-amazon.com/images/I/41vntFM8FeL._SL500_.jpg" alt="Product Image"></a><p>COMFEE' Portable Mini Dishwasher Countertop with 5L Built-in Water Tank for Apartments& RVs, No Hookup Needed, 6 Programs, 360° Dual Spray, 162℉ High-Temp& Air-Dry Function</p><p> -10% 0FF </p><p>$269.99</p><a href="https://www.amazon.com/dp/B09QCJ6TDZ?tag=eloabder-20&linkCode=osi&th=1&psc=1">View Product</a></div><div class="product"><a href="https://www.amazon.com/dp/B0CFPJ57KP?tag=eloabder-20&linkCode=osi&th=1&psc=1"><img src="https://m.media-amazon.com/images/I/31Wtz+lzyfL._SL500_.jpg" alt="Product Image"></a><p>Kenmore 24" Built-In Stainless Steel Tub Dishwasher with EasyFlex 3rd Rack, SmartWash, UltraWash Plus, TurboDry, MoreSpace Adjustable Rack, Energy Star Certified, Fingerprint Resistant Stainless Steel</p><p> -38% 0FF </p><p>$499.99</p><a href="https://www.amazon.com/dp/B0CFPJ57KP?tag=eloabder-20&linkCode=osi&th=1&psc=1">View Product</a></div><div class="product"><a href="https://www.amazon.com/dp/B0BZGXYQ4S?tag=eloabder-20&linkCode=osi&th=1&psc=1"><img src="https://m.media-amazon.com/images/I/31HoqlDBJHL._SL500_.jpg" alt="Product Image"></a><p>FOTILE Stainless Steel Kitchen In-Sink Dishwasher Combination, Heavy Gauge Bowl Dish Sanitizing, Energy-saving, and Powerful Cleaning Countertop Dishwasher (SD2F-P3)</p><p> -27% 0FF </p><p>$799.00</p><a href="https://www.amazon.com/dp/B0BZGXYQ4S?tag=eloabder-20&linkCode=osi&th=1&psc=1">View Product</a></div>
<div class="product"><a href="https://www.amazon.com/dp/B075KLJXKZ?tag=eloabder-20&linkCode=osi&th=1&psc=1"><img src="https://m.media-amazon.com/images/I/31-WjP7B6vL._SL500_.jpg" alt="Product Image"></a><p>Kenmore Top-Load Washer with Dual Action Agitator, Stainless Steel Top Loader Laundry Washing Machine, 3.5 cu. ft. Capacity White</p><p> -31% 0FF </p><p>$499.99</p><a href="https://www.amazon.com/dp/B075KLJXKZ?tag=eloabder-20&linkCode=osi&th=1&psc=1">View Product</a></div><div class="product"><a href="https://www.amazon.com/dp/B07DC5YQW8?tag=eloabder-20&linkCode=osi&th=1&psc=1"><img src="https://m.media-amazon.com/images/I/31DuF7NeLHL._SL500_.jpg" alt="Product Image"></a><p>Kenmore 20362 Triple Action Agitator Top-Load Washer, 3.8 cu. ft, White</p><p> -10% 0FF </p><p>$629.98</p><a href="https://www.amazon.com/dp/B07DC5YQW8?tag=eloabder-20&linkCode=osi&th=1&psc=1">View Product</a></div><div class="product"><a href="https://www.amazon.com/dp/B0D8SZ4CTC?tag=eloabder-20&linkCode=osi&th=1&psc=1"><img src="https://m.media-amazon.com/images/I/31DIwBVEFHL._SL500_.jpg" alt="Product Image"></a><p>Euhomy 1.03cu.ft Portable Washer, 8.8LBS Capacity Small Portable Washing Machine with 10 Programs 5 Water Levels, Drain Pump and LED Display,Compact Washer for Apartments, RVs, Homes, Light Gray</p><p> -18% 0FF </p><p>$195.99</p><a href="https://www.amazon.com/dp/B0D8SZ4CTC?tag=eloabder-20&linkCode=osi&th=1&psc=1">View Product</a></div><div class="product"><a href="https://www.amazon.com/dp/B0CNXQK4TF?tag=eloabder-20&linkCode=osi&th=1&psc=1"><img src="https://m.media-amazon.com/images/I/41P5otQCAGL._SL500_.jpg" alt="Product Image"></a><p>COSTWAY Portable Washing Machine, Twin Tub 26lbs Capacity Laundry Washer, 18lbs Washer and 8lbs Spinner Combo with Timer Knobs, Built-in Drain Pump, Compact Washer for Home Dorm Apartment (Grey+White)</p><p> -16% 0FF </p><p>$159.99</p><a href="https://www.amazon.com/dp/B0CNXQK4TF?tag=eloabder-20&linkCode=osi&th=1&psc=1">View Product</a></div><div class="product"><a href="https://www.amazon.com/dp/B08B4L4CGG?tag=eloabder-20&linkCode=osi&th=1&psc=1"><img src="https://m.media-amazon.com/images/I/31X47q9sDGL._SL500_.jpg" alt="Product Image"></a><p>Comfee Portable Washing Machine, 0.9 cu.ft Compact Washer With LED Display, 5 Wash Cycles, 2 Built-in Rollers, Space Saving Full-Automatic Washer</p><p> -7% 0FF </p><p>$230.58</p><a href="https://www.amazon.com/dp/B08B4L4CGG?tag=eloabder-20&linkCode=osi&th=1&psc=1">View Product</a></div><div class="product"><a href="https://www.amazon.com/dp/B07HKXVQYC?tag=eloabder-20&linkCode=osi&th=1&psc=1"><img src="https://m.media-amazon.com/images/I/41-Ze3RD3lL._SL500_.jpg" alt="Product Image"></a><p>Giantex Portable Washing Machine, Full Automatic Washer and Dryer Combo, with Built-in Pump Drain 8 LBS Capacity Compact Laundry Washer Spin Dryer for Apartment RV Dorm</p><p> -29% 0FF </p><p>$229.99</p><a href="https://www.amazon.com/dp/B07HKXVQYC?tag=eloabder-20&linkCode=osi&th=1&psc=1">View Product</a></div><div class="product"><a href="https://www.amazon.com/dp/B0CXXPQ2NT?tag=eloabder-20&linkCode=osi&th=1&psc=1"><img src="https://m.media-amazon.com/images/I/414dhY400cL._SL500_.jpg" alt="Product Image"></a><p>28Lbs Portable Washing Machine, Twin Tub Washing Machine Laundry Compact Washer spinner Combo with Drain Pump and Spin Cycle, 18Lbs Washer and 10Lbs Spinner dryer for Apartments RVs and Dorms</p><p> -9% 0FF </p><p>$73.00</p><a href="https://www.amazon.com/dp/B0CXXPQ2NT?tag=eloabder-20&linkCode=osi&th=1&psc=1">View Product</a></div>
<div class="product"><a href="https://www.amazon.com/dp/B07D87K6BQ?tag=eloabder-20&linkCode=osi&th=1&psc=1"><img src="https://m.media-amazon.com/images/I/31KxNVdMpwL._SL500_.jpg" alt="Product Image"></a><p>Kenmore 29" Front Load Electric Dryer with Wrinkle Guard and 7.0 Cubic Ft. Total Capacity, White</p><p> -10% 0FF </p><p>$629.98</p><a href="https://www.amazon.com/dp/B07D87K6BQ?tag=eloabder-20&linkCode=osi&th=1&psc=1">View Product</a></div><div class="product"><a href="https://www.amazon.com/dp/B075KLNLJ8?tag=eloabder-20&linkCode=osi&th=1&psc=1"><img src="https://m.media-amazon.com/images/I/31jFwM6jvRL._SL500_.jpg" alt="Product Image"></a><p>Kenmore Electric Dryer with Wrinkle Guard and Auto Dry, Electric Laundry Drying Machine 6.5 cu. Ft. Capacity White</p><p> -6% 0FF </p><p>$565.42</p><a href="https://www.amazon.com/dp/B075KLNLJ8?tag=eloabder-20&linkCode=osi&th=1&psc=1">View Product</a></div><div class="product"><a href="https://www.amazon.com/dp/B00EAY540S?tag=eloabder-20&linkCode=osi&th=1&psc=1"><img src="https://m.media-amazon.com/images/I/41S7hlrXcNL._SL500_.jpg" alt="Product Image"></a><p>Panda 110V 850W Electric Compact Portable Clothes Laundry Dryer with Stainless Steel Tub Apartment Size 1.5 cu.ft</p><p> -21% 0FF </p><p>$197.35</p><a href="https://www.amazon.com/dp/B00EAY540S?tag=eloabder-20&linkCode=osi&th=1&psc=1">View Product</a></div>
<div class="product"><a href="https://www.amazon.com/dp/B08QDL1XTC?tag=eloabder-20&linkCode=osi&th=1&psc=1"><img src="https://m.media-amazon.com/images/I/51ROwLDwkYL._SL500_.jpg" alt="Product Image"></a><p>Breeze Stop Surround Insulation Side Panels White for Window AC Unit Indoor Air Conditioner Cover for Winter and Summer</p><p> -6% 0FF </p><p>$32.99</p><a href="https://www.amazon.com/dp/B08QDL1XTC?tag=eloabder-20&linkCode=osi&th=1&psc=1">View Product</a></div><div class="product"><a href="https://www.amazon.com/dp/B07QKSV72H?tag=eloabder-20&linkCode=osi&th=1&psc=1"><img src="https://m.media-amazon.com/images/I/519a0zWyYIL._SL500_.jpg" alt="Product Image"></a><p>MODERN WAVE Central Air Conditioner Cover for Outside Units 36 x 36 - Top Universal Outdoor AC Cover Defender (Mesh, 36" x 36")</p><p> -20% 0FF </p><p>$23.99</p><a href="https://www.amazon.com/dp/B07QKSV72H?tag=eloabder-20&linkCode=osi&th=1&psc=1">View Product</a></div><div class="product"><a href="https://www.amazon.com/dp/B09DNRZNGB?tag=eloabder-20&linkCode=osi&th=1&psc=1"><img src="https://m.media-amazon.com/images/I/3126w0nnulL._SL500_.jpg" alt="Product Image"></a><p>Mrrihand Central Air Conditioner Cover for Outside Units Waterproof Heavy Duty AC Unit for Outdoor Large AC Cover for Winter (32"X32"X36")-Balck</p><p> -5% 0FF </p><p>$24.69</p><a href="https://www.amazon.com/dp/B09DNRZNGB?tag=eloabder-20&linkCode=osi&th=1&psc=1">View Product</a></div><div class="product"><a href="https://www.amazon.com/dp/B07VBMHCSS?tag=eloabder-20&linkCode=osi&th=1&psc=1"><img src="https://m.media-amazon.com/images/I/419VzItl1yL._SL500_.jpg" alt="Product Image"></a><p>Window Air Conditioner Cover Outdoor, Luxiv Outside Window AC Unit Cover Black Dust-proof Waterproof AC Cover Outdoor Window AC Protection Cover (21Wx16Dx15H)</p><p> -25% 0FF </p><p>$14.99</p><a href="https://www.amazon.com/dp/B07VBMHCSS?tag=eloabder-20&linkCode=osi&th=1&psc=1">View Product</a></div><div class="product"><a href="https://www.amazon.com/dp/B078SPPXZ7?tag=eloabder-20&linkCode=osi&th=1&psc=1"><img src="https://m.media-amazon.com/images/I/41LD7qFfJbL._SL500_.jpg" alt="Product Image"></a><p>Foozet Indoor Air Conditioner Cover Double Insulation, Medium Beige</p><p> -23% 0FF </p><p>$19.98</p><a href="https://www.amazon.com/dp/B078SPPXZ7?tag=eloabder-20&linkCode=osi&th=1&psc=1">View Product</a></div><div class="product"><a href="https://www.amazon.com/dp/B097PS8MM9?tag=eloabder-20&linkCode=osi&th=1&psc=1"><img src="https://m.media-amazon.com/images/I/31YIYuB91VL._SL500_.jpg" alt="Product Image"></a><p>BROSYDA Central Large Air Conditioner Cover for Outside Units, Waterproof & Windproof Outdoor AC Units Cover Black (30"x30"x32" Inch)</p><p> -12% 0FF </p><p>$24.99</p><a href="https://www.amazon.com/dp/B097PS8MM9?tag=eloabder-20&linkCode=osi&th=1&psc=1">View Product</a></div><div class="product"><a href="https://www.amazon.com/dp/B07Z7G7739?tag=eloabder-20&linkCode=osi&th=1&psc=1"><img src="https://m.media-amazon.com/images/I/51yS0zSIqYL._SL500_.jpg" alt="Product Image"></a><p>Aozzy Central Air Conditioner Covers for Outside Units Heavy Duty Ac Cover for Outdoor Unit Square Winter Withstand The Rain and Snow, Or Nuts Fit Up to 24x24x22 inchs</p><p> -30% 0FF </p><p>$11.89</p><a href="https://www.amazon.com/dp/B07Z7G7739?tag=eloabder-20&linkCode=osi&th=1&psc=1">View Product</a></div>
<div class="product"><a href="https://www.amazon.com/dp/B075GFLQ7K?tag=eloabder-20&linkCode=osi&th=1&psc=1"><img src="https://m.media-amazon.com/images/I/31wtVOr0SvL._SL500_.jpg" alt="Product Image"></a><p>Kenmore Floorcare Upright Bagged Vacuum, Blue/Silver</p><p> -11% 0FF </p><p>$222.56</p><a href="https://www.amazon.com/dp/B075GFLQ7K?tag=eloabder-20&linkCode=osi&th=1&psc=1">View Product</a></div><div class="product"><a href="https://www.amazon.com/dp/B086DBC2NN?tag=eloabder-20&linkCode=osi&th=1&psc=1"><img src="https://m.media-amazon.com/images/I/41gSCJkmrUL._SL500_.jpg" alt="Product Image"></a><p>Yocada Carpet Sweeper Cleaner for Home Office Low Carpets Rugs Undercoat Carpets Pet Hair Dust Scraps Paper Small Rubbish Cleaning with a Brush</p><p> -13% 0FF </p><p>$25.99</p><a href="https://www.amazon.com/dp/B086DBC2NN?tag=eloabder-20&linkCode=osi&th=1&psc=1">View Product</a></div><div class="product"><a href="https://www.amazon.com/dp/B00K316IB6?tag=eloabder-20&linkCode=osi&th=1&psc=1"><img src="https://m.media-amazon.com/images/I/31Xu+nrbO1L._SL500_.jpg" alt="Product Image"></a><p>Bissell 28806 Perfect Sweep Turbo, Grey</p><p> -14% 0FF </p><p>$38.78</p><a href="https://www.amazon.com/dp/B00K316IB6?tag=eloabder-20&linkCode=osi&th=1&psc=1">View Product</a></div><div class="product"><a href="https://www.amazon.com/dp/B085C7CF4J?tag=eloabder-20&linkCode=osi&th=1&psc=1"><img src="https://m.media-amazon.com/images/I/41LmSVowGJL._SL500_.jpg" alt="Product Image"></a><p>Yocada Carpet Sweeper Cleaner for Home Office Low Carpets Rugs Undercoat Carpets Pet Hair Dust Scraps Paper Small Rubbish Cleaning with a Brush Blue</p><p> -13% 0FF </p><p>$25.99</p><a href="https://www.amazon.com/dp/B085C7CF4J?tag=eloabder-20&linkCode=osi&th=1&psc=1">View Product</a></div><div class="product"><a href="https://www.amazon.com/dp/B08SBQBF2R?tag=eloabder-20&linkCode=osi&th=1&psc=1"><img src="https://m.media-amazon.com/images/I/41-haqU+4SL._SL500_.jpg" alt="Product Image"></a><p>Holikme Dryer Vent Cleaner Kit Vacuum Hose Attachment Brush, Lint Remover, Dryer Vent Vacuum Hose, Blue</p><p> -43% 0FF </p><p>$8.49</p><a href="https://www.amazon.com/dp/B08SBQBF2R?tag=eloabder-20&linkCode=osi&th=1&psc=1">View Product</a></div><div class="product"><a href="https://www.amazon.com/dp/B0CQY6MPNG?tag=eloabder-20&linkCode=osi&th=1&psc=1"><img src="https://m.media-amazon.com/images/I/515TS53ns1L._SL500_.jpg" alt="Product Image"></a><p>PetOde 2 Pieces Dryer Vent Cleaner Kit Compatible with All Vacuum Cleaner, Dryer Lint Brush and Vacuum Hose Attachment with Stretch Universal Connector, Quickly Lint Remover</p><p> -25% 0FF </p><p>$8.95</p><a href="https://www.amazon.com/dp/B0CQY6MPNG?tag=eloabder-20&linkCode=osi&th=1&psc=1">View Product</a></div>
<div class="product"><a href="https://www.amazon.com/dp/B00061J2B6?tag=eloabder-20&linkCode=osi&th=1&psc=1"><img src="https://m.media-amazon.com/images/I/41YkPB6bX2L._SL500_.jpg" alt="Product Image"></a><p>Steamfast SF-680 Digital Steam Press with Multiple Fabric Settings and Steam Burst Function,Stainless/Black, Stand</p><p> -13% 0FF </p><p>$279.99</p><a href="https://www.amazon.com/dp/B00061J2B6?tag=eloabder-20&linkCode=osi&th=1&psc=1">View Product</a></div><div class="product"><a href="https://www.amazon.com/dp/B09V7232SK?tag=eloabder-20&linkCode=osi&th=1&psc=1"><img src="https://m.media-amazon.com/images/I/51bSRR0Y3FL._SL500_.jpg" alt="Product Image"></a><p>Mueller Heart Waffle Maker, 5 Belgian Waffle Iron, Adjustable Browning Control, Cool Touch Handle, Compact and Easy to Clean, Great Mother’s Day Gift</p><p> -25% 0FF </p><p>$29.97</p><a href="https://www.amazon.com/dp/B09V7232SK?tag=eloabder-20&linkCode=osi&th=1&psc=1">View Product</a></div><div class="product"><a href="https://www.amazon.com/dp/B072ZNQC2R?tag=eloabder-20&linkCode=osi&th=1&psc=1"><img src="https://m.media-amazon.com/images/I/41rlbw08uYL._SL500_.jpg" alt="Product Image"></a><p>Chefman Rotating Belgian Waffle Maker, 180° Flip Iron w/ Non-Stick Plates, Adjustable Timer, Locking Lid, & Drip Plate, Space Saving Storage, Mess-Free Breakfast, Stainless Steel/Black</p><p> -13% 0FF </p><p>$34.99</p><a href="https://www.amazon.com/dp/B072ZNQC2R?tag=eloabder-20&linkCode=osi&th=1&psc=1">View Product</a></div><div class="product"><a href="https://www.amazon.com/dp/B013WOEC1I?tag=eloabder-20&linkCode=osi&th=1&psc=1"><img src="https://m.media-amazon.com/images/I/41aAsJHqAAL._SL500_.jpg" alt="Product Image"></a><p>Whitmor Deluxe Ironing Board Cover and Pad (Ironing board not included) - Medallion Grey</p><p> -13% 0FF </p><p>$13.49</p><a href="https://www.amazon.com/dp/B013WOEC1I?tag=eloabder-20&linkCode=osi&th=1&psc=1">View Product</a></div><div class="product"><a href="https://www.amazon.com/dp/B07L4Z2X81?tag=eloabder-20&linkCode=osi&th=1&psc=1"><img src="https://m.media-amazon.com/images/I/41PzLyy0OtL._SL500_.jpg" alt="Product Image"></a><p>Chefman Anti-Overflow Belgian Waffle Maker w/Shade Selector, Temperature Control, Mess Free Moat, Round Iron w/Nonstick Plates & Cool Touch Handle, Measuring Cup Included, Black</p><p> -13% 0FF </p><p>$26.09</p><a href="https://www.amazon.com/dp/B07L4Z2X81?tag=eloabder-20&linkCode=osi&th=1&psc=1">View Product</a></div><div class="product"><a href="https://www.amazon.com/dp/B09RX517YJ?tag=eloabder-20&linkCode=osi&th=1&psc=1"><img src="https://m.media-amazon.com/images/I/41qTvdLB3RL._SL500_.jpg" alt="Product Image"></a><p>Elite Gourmet EWM-2207# Electric Non-Stick Belgian Waffle Maker Iron, Breakfast, Sandwiches, Snacks, Burgers and more, 2-Slice, Black</p><p> -13% 0FF </p><p>$13.99</p><a href="https://www.amazon.com/dp/B09RX517YJ?tag=eloabder-20&linkCode=osi&th=1&psc=1">View Product</a></div>
<div class="product"><a href="https://www.amazon.com/dp/B00DEPGY7G?tag=eloabder-20&linkCode=osi&th=1&psc=1"><img src="https://m.media-amazon.com/images/I/41NuCd1uYNL._SL500_.jpg" alt="Product Image"></a><p>OVENTE Glass Electric Kettle Hot Water Boiler 1.5 Liter Borosilicate Glass Fast Boiling Countertop Heater - BPA Free Auto Shut Off Instant Water Heater Kettle for Coffee & Tea Maker - Black KG83B</p><p> -29% 0FF </p><p>$19.99</p><a href="https://www.amazon.com/dp/B00DEPGY7G?tag=eloabder-20&linkCode=osi&th=1&psc=1">View Product</a></div><div class="product"><a href="https://www.amazon.com/dp/B07JZQ1MXT?tag=eloabder-20&linkCode=osi&th=1&psc=1"><img src="https://m.media-amazon.com/images/I/311dZHPh5AL._SL500_.jpg" alt="Product Image"></a><p>Amazon Basics Electric Kettle, Tea Kettle for Hot Water, Coffee & Tea, With Auto Shut-Off, Boil Dry Protection, Strix Thermostat, BPA-Free, 1.8 Quarts (1.7L), 1500W, Glass and Steel, Black & Silver</p><p> -7% 0FF </p><p>$26.99</p><a href="https://www.amazon.com/dp/B07JZQ1MXT?tag=eloabder-20&linkCode=osi&th=1&psc=1">View Product</a></div><div class="product"><a href="https://www.amazon.com/dp/B01LWMWU59?tag=eloabder-20&linkCode=osi&th=1&psc=1"><img src="https://m.media-amazon.com/images/I/41E4k2z3DWL._SL500_.jpg" alt="Product Image"></a><p>Zojirushi Micom Water Boiler and Warmer (135 oz. / 4L, Silver)</p><p> -30% 0FF </p><p>$146.00</p><a href="https://www.amazon.com/dp/B01LWMWU59?tag=eloabder-20&linkCode=osi&th=1&psc=1">View Product</a></div><div class="product"><a href="https://www.amazon.com/dp/B07L5HT585?tag=eloabder-20&linkCode=osi&th=1&psc=1"><img src="https://m.media-amazon.com/images/I/41BL-WlAZkL._SL500_.jpg" alt="Product Image"></a><p>Hamilton Beach 1.7L Electric Kettle, Water Boiler & Heater, LED Indicator, Built-In Mesh Filter, Auto-Shutoff & Boil-Dry Protection, Cordless Serving, Clear Glass (40864)</p><p> -17% 0FF </p><p>$24.99</p><a href="https://www.amazon.com/dp/B07L5HT585?tag=eloabder-20&linkCode=osi&th=1&psc=1">View Product</a></div>
<div class="product"><a href="https://www.amazon.com/dp/B0055522EM?tag=eloabder-20&linkCode=osi&th=1&psc=1"><img src="https://m.media-amazon.com/images/I/51DzXSitquL._SL500_.jpg" alt="Product Image"></a><p>PureGuardian Aquastick, Universal, Genuine Guardian Technologies Antimicrobial Humidifier Treatment, Ultrasonic & Evaporative, Fits All Brands, Reduces Odors, 2 Count (One Pack of Two), GGHS15</p><p> -40% 0FF </p><p>$11.99 ($6.00 / Count)</p><a href="https://www.amazon.com/dp/B0055522EM?tag=eloabder-20&linkCode=osi&th=1&psc=1">View Product</a></div><div class="product"><a href="https://www.amazon.com/dp/B0CQRYKPD4?tag=eloabder-20&linkCode=osi&th=1&psc=1"><img src="https://m.media-amazon.com/images/I/51ADaqkTaOL._SL500_.jpg" alt="Product Image"></a><p>[2 Pack] Humidifier Drops for Cleaning - Food Grade Humidifier Cleaner Slows Buildup & Scaling - Cleans & Deodorizes Water - Suitable for All Humidifier Models - 200+ Day Supply - Made in USA</p><p> -5% 0FF </p><p>$18.99 ($9.50 / Fl Oz)</p><a href="https://www.amazon.com/dp/B0CQRYKPD4?tag=eloabder-20&linkCode=osi&th=1&psc=1">View Product</a></div><div class="product"><a href="https://www.amazon.com/dp/B01J664VSA?tag=eloabder-20&linkCode=osi&th=1&psc=1"><img src="https://m.media-amazon.com/images/I/418M5+TWhnL._SL500_.jpg" alt="Product Image"></a><p>Vornado MD1-0034 Replacement Humidifier Wick (Pack of 2) , White</p><p> -20% 0FF </p><p>$12.00 ($6.00 / Count)</p><a href="https://www.amazon.com/dp/B01J664VSA?tag=eloabder-20&linkCode=osi&th=1&psc=1">View Product</a></div>
<div class="product"><a href="https://www.amazon.com/dp/B0DJ8YM235?tag=eloabder-20&linkCode=osi&th=1&psc=1"><img src="https://m.media-amazon.com/images/I/31-+n3qJwfL._SL500_.jpg" alt="Product Image"></a><p>PSOS Dehumidifier for Home, 118 OZ Water Tank, Dehumidifiers for Room 1000 sq.ft, Dehumidifiers for Bathroom Bedroom Basement with Humidity monitoring, Auto Shut Off, 7 Colors Light(White)</p><p> -40% 0FF </p><p>$89.99</p><a href="https://www.amazon.com/dp/B0DJ8YM235?tag=eloabder-20&linkCode=osi&th=1&psc=1">View Product</a></div><div class="product"><a href="https://www.amazon.com/dp/B0BX4TTZL2?tag=eloabder-20&linkCode=osi&th=1&psc=1"><img src="https://m.media-amazon.com/images/I/31JMYwASsyL._SL500_.jpg" alt="Product Image"></a><p>Hornady Rapid Dry Dehumidifier Stone - Rechargeable Dehumidifier for Gun Safe and Cases, Protect Your Firearms and Valuables from Moisture - Unlimited Use, with Moisture Level Indicator - Item 95898</p><p> -29% 0FF </p><p>$28.37</p><a href="https://www.amazon.com/dp/B0BX4TTZL2?tag=eloabder-20&linkCode=osi&th=1&psc=1">View Product</a></div>
<div class="product"><a href="https://www.amazon.com/dp/B089P1Z38J?tag=eloabder-20&linkCode=osi&th=1&psc=1"><img src="https://m.media-amazon.com/images/I/51YX73Zai2L._SL500_.jpg" alt="Product Image"></a><p>Lasko Air Flex 20" 2-in-1 Box Fan and Air Purifier in One with MERV10 Air Purifying Filter for Cleaner and Cooling Breeze, 3 Speeds, Steel Body, FF305</p><p> -6% 0FF </p><p>$65.79</p><a href="https://www.amazon.com/dp/B089P1Z38J?tag=eloabder-20&linkCode=osi&th=1&psc=1">View Product</a></div><div class="product"><a href="https://www.amazon.com/dp/B0819NMLPH?tag=eloabder-20&linkCode=osi&th=1&psc=1"><img src="https://m.media-amazon.com/images/I/51J1qcl7T+L._SL500_.jpg" alt="Product Image"></a><p>SmoTecQ Ceiling Fan Pull Chain, 120" Rust Proof Copper 3mm Beaded Extension Chains with 12 Matching Connectors, Bronze</p><p> -25% 0FF </p><p>$5.99</p><a href="https://www.amazon.com/dp/B0819NMLPH?tag=eloabder-20&linkCode=osi&th=1&psc=1">View Product</a></div><div class="product"><a href="https://www.amazon.com/dp/B09JBCGK41?tag=eloabder-20&linkCode=osi&th=1&psc=1"><img src="https://m.media-amazon.com/images/I/31O1Cq3aI-L._SL500_.jpg" alt="Product Image"></a><p>Hunter Fan Company 99770 Core Multifunction w/1.9 Remote Control with Receiver, No Size, Dove Grey</p><p> -40% 0FF </p><p>$42.78</p><a href="https://www.amazon.com/dp/B09JBCGK41?tag=eloabder-20&linkCode=osi&th=1&psc=1">View Product</a></div><div class="product"><a href="https://www.amazon.com/dp/B07S5LK7Z8?tag=eloabder-20&linkCode=osi&th=1&psc=1"><img src="https://m.media-amazon.com/images/I/41Wgts+0jEL._SL500_.jpg" alt="Product Image"></a><p>Ceiling Fan Light Switch Zing Ear Pull Chain Switch ZE-109 Fan Light Switch, On-Off Speed with Pull Chain Compatible with Ceiling Light Fans, Lamps and Wall Lights.(Bronze)</p><p> -63% 0FF </p><p>$1.89</p><a href="https://www.amazon.com/dp/B07S5LK7Z8?tag=eloabder-20&linkCode=osi&th=1&psc=1">View Product</a></div><div class="product"><a href="https://www.amazon.com/dp/B0D5M1M37N?tag=eloabder-20&linkCode=osi&th=1&psc=1"><img src="https://m.media-amazon.com/images/I/51yO2OHGQkL._SL500_.jpg" alt="Product Image"></a><p>Butto 10-Pack Ceiling Fan Filters for Blades - Strong Adhesive Ceiling Fan Filters for Common Household Contaminants - Unscented Coconut Carbon Fan Air Purifier Pads to Make Air Fresh and Natural</p><p> -21% 0FF </p><p>$14.98</p><a href="https://www.amazon.com/dp/B0D5M1M37N?tag=eloabder-20&linkCode=osi&th=1&psc=1">View Product</a></div>
<div class="product"><a href="https://www.amazon.com/dp/B0CC8DS2S5?tag=eloabder-20&linkCode=osi&th=1&psc=1"><img src="https://m.media-amazon.com/images/I/41VCzvLZYAL._SL500_.jpg" alt="Product Image"></a><p>KitchekShop Coffee Mug Warmer - Fastest Heating & Highest Temperature, Coffee Cup Warmer for Desk Auto Shut Off, 4 Temp Settings & 1-12H Timer, Smart Electric Beverage Warmer for Coffee, Tea, Water</p><p> -40% 0FF </p><p>$23.99</p><a href="https://www.amazon.com/dp/B0CC8DS2S5?tag=eloabder-20&linkCode=osi&th=1&psc=1">View Product</a></div><div class="product"><a href="https://www.amazon.com/dp/B082MVGP8T?tag=eloabder-20&linkCode=osi&th=1&psc=1"><img src="https://m.media-amazon.com/images/I/31Ui7mtlCOL._SL500_.jpg" alt="Product Image"></a><p>Amazon Basics Electric Kettle, Tea Kettle for Hot Water, Coffee & Tea, With Auto Shut-Off, Boil Dry Protection, Strix Thermostat, BPA-Free, 1.1 Quarts (1.0L), 1500W, Glass and Steel, Black & Silver</p><p> -9% 0FF </p><p>$24.49</p><a href="https://www.amazon.com/dp/B082MVGP8T?tag=eloabder-20&linkCode=osi&th=1&psc=1">View Product</a></div>
<div class="product"><a href="https://www.amazon.com/dp/B0BYR4W4F6?tag=eloabder-20&linkCode=osi&th=1&psc=1"><img src="https://m.media-amazon.com/images/I/31M2ZgX69nL._SL500_.jpg" alt="Product Image"></a><p>Arrojo Gamma Aria Blow Dryer — Dual Ionic hair Dryer for Men and Women — Quietest Hair Dryers in their Class — Speeds to 101mph for Hyper Fast Drying Blow Dryer power</p><p> -6% 0FF </p><p>$165.86</p><a href="https://www.amazon.com/dp/B0BYR4W4F6?tag=eloabder-20&linkCode=osi&th=1&psc=1">View Product</a></div><div class="product"><a href="https://www.amazon.com/dp/B095Y4T72V?tag=eloabder-20&linkCode=osi&th=1&psc=1"><img src="https://m.media-amazon.com/images/I/3190DPU1r7S._SL500_.jpg" alt="Product Image"></a><p>Turbo Power Mega Turbo 2500 Heat Dryer</p><p> -7% 0FF </p><p>$93.44 ($93.44 / Count)</p><a href="https://www.amazon.com/dp/B095Y4T72V?tag=eloabder-20&linkCode=osi&th=1&psc=1">View Product</a></div>
<div class="product"><a href="https://www.amazon.com/dp/B0D4TT37CG?tag=eloabder-20&linkCode=osi&th=1&psc=1"><img src="https://m.media-amazon.com/images/I/51rJj7bo1sL._SL500_.jpg" alt="Product Image"></a><p>250W Professional Electric Cheese Grater for Block Cheese,Automatic Cheese Grater for Potato,Carrots,Salad Shooter Electric Slicer Shredder with 5 Types of Blades,Your Nice Kitchen Helper!</p><p> -8% 0FF </p><p>$66.99</p><a href="https://www.amazon.com/dp/B0D4TT37CG?tag=eloabder-20&linkCode=osi&th=1&psc=1">View Product</a></div>
<div class="product"><a href="https://www.amazon.com/dp/B007WQ9YNO?tag=eloabder-20&linkCode=osi&th=1&psc=1"><img src="https://m.media-amazon.com/images/I/41V32cTWxML._SL500_.jpg" alt="Product Image"></a><p>AROMA Digital Rice Cooker, 4-Cup (Uncooked) / 8-Cup (Cooked), Steamer, Grain Cooker, Multicooker, 2 Qt, Stainless Steel Exterior, ARC-914SBD</p><p> -9% 0FF </p><p>$29.98</p><a href="https://www.amazon.com/dp/B007WQ9YNO?tag=eloabder-20&linkCode=osi&th=1&psc=1">View Product</a></div><div class="product"><a href="https://www.amazon.com/dp/B0752VWV65?tag=eloabder-20&linkCode=osi&th=1&psc=1"><img src="https://m.media-amazon.com/images/I/41s222n8XjL._SL500_.jpg" alt="Product Image"></a><p>Hamilton Beach Digital Programmable Rice Cooker & Food Steamer, 8 Cups Cooked (4 Uncooked), With Steam & Rinse Basket, Stainless Steel (37518)</p><p> -20% 0FF </p><p>$31.99</p><a href="https://www.amazon.com/dp/B0752VWV65?tag=eloabder-20&linkCode=osi&th=1&psc=1">View Product</a></div><div class="product"><a href="https://www.amazon.com/dp/B0979TYRYN?tag=eloabder-20&linkCode=osi&th=1&psc=1"><img src="https://m.media-amazon.com/images/I/31pxVDIb99L._SL500_.jpg" alt="Product Image"></a><p>Aroma Housewares 4-Cups (Cooked) / 1Qt. Rice & Grain Cooker (ARC-302NG), White</p><p> -24% 0FF </p><p>$18.99</p><a href="https://www.amazon.com/dp/B0979TYRYN?tag=eloabder-20&linkCode=osi&th=1&psc=1">View Product</a></div><div class="product"><a href="https://www.amazon.com/dp/B01BUL7FJ6?tag=eloabder-20&linkCode=osi&th=1&psc=1"><img src="https://m.media-amazon.com/images/I/41PX+tkWChL._SL500_.jpg" alt="Product Image"></a><p>Aroma Housewares ARC-363-1NGB 3 Uncooked/6 Cups Cooked Rice Cooker, Steamer, Multicooker, 2-6 cups, Black</p><p> -33% 0FF </p><p>$19.99</p><a href="https://www.amazon.com/dp/B01BUL7FJ6?tag=eloabder-20&linkCode=osi&th=1&psc=1">View Product</a></div><div class="product"><a href="https://www.amazon.com/dp/B0BD4PRBVZ?tag=eloabder-20&linkCode=osi&th=1&psc=1"><img src="https://m.media-amazon.com/images/I/51PB+13RRPL._SL500_.jpg" alt="Product Image"></a><p>COSORI Rice Cooker 10 Cup, 24h Keep Warm, 18 Functions Fuzzy Logic Rice Maker with Stainless Steel Steamer Basket, Sauté, Slow Cooker, Black</p><p> -15% 0FF </p><p>$84.99</p><a href="https://www.amazon.com/dp/B0BD4PRBVZ?tag=eloabder-20&linkCode=osi&th=1&psc=1">View Product</a></div>
<div class="product"><a href="https://www.amazon.com/dp/B003OAJGJO?tag=eloabder-20&linkCode=osi&th=1&psc=1"><img src="https://m.media-amazon.com/images/I/51qadG4iFyL._SL500_.jpg" alt="Product Image"></a><p>Crock-Pot 7 Quart Oval Manual Slow Cooker, Stainless Steel (SCV700-S-BR), Versatile Cookware for Large Families or Entertaining</p><p> -30% 0FF </p><p>$34.99</p><a href="https://www.amazon.com/dp/B003OAJGJO?tag=eloabder-20&linkCode=osi&th=1&psc=1">View Product</a></div><div class="product"><a href="https://www.amazon.com/dp/B07DFVY29X?tag=eloabder-20&linkCode=osi&th=1&psc=1"><img src="https://m.media-amazon.com/images/I/415PUCXFtVL._SL500_.jpg" alt="Product Image"></a><p>Crock-Pot Large 8-Quart Programmable Slow Cooker with Auto Warm Setting, Black Stainless Steel (Pack of 1)</p><p> -25% 0FF </p><p>$74.99</p><a href="https://www.amazon.com/dp/B07DFVY29X?tag=eloabder-20&linkCode=osi&th=1&psc=1">View Product</a></div>
<div class="product"><a href="https://www.amazon.com/dp/B0BFX95J5P?tag=eloabder-20&linkCode=osi&th=1&psc=1"><img src="https://m.media-amazon.com/images/I/51Bj52vXGZL._SL500_.jpg" alt="Product Image"></a><p>COSORI Electric Pressure Cooker 6 qt, 9-in-1 Instant Multi Cooker with Safer Venting Design, Rice Cooker, Slow Cooker, Sous Vide, Saute Pot, 1100W, Stainless Steel</p><p> -22% 0FF </p><p>$69.99</p><a href="https://www.amazon.com/dp/B0BFX95J5P?tag=eloabder-20&linkCode=osi&th=1&psc=1">View Product</a></div><div class="product"><a href="https://www.amazon.com/dp/B08PPZWNCV?tag=eloabder-20&linkCode=osi&th=1&psc=1"><img src="https://m.media-amazon.com/images/I/41ZKZkeEwEL._SL500_.jpg" alt="Product Image"></a><p>Instant Pot Pro (8 QT) 10-in-1 Pressure Cooker, Slow Cooker, Rice/Grain Cooker, Steamer, Sauté, Sous Vide, Yogurt Maker, Sterilizer, and Warmer, Includes App With Over 800 Recipes, Black</p><p> -21% 0FF </p><p>$149.99</p><a href="https://www.amazon.com/dp/B08PPZWNCV?tag=eloabder-20&linkCode=osi&th=1&psc=1">View Product</a></div><div class="product"><a href="https://www.amazon.com/dp/B089P2W2N6?tag=eloabder-20&linkCode=osi&th=1&psc=1"><img src="https://m.media-amazon.com/images/I/41tjnk41j0L._SL500_.jpg" alt="Product Image"></a><p>12 Qt Stainless steel Electric Pressure Canner</p><p> -30% 0FF </p><p>$229.99</p><a href="https://www.amazon.com/dp/B089P2W2N6?tag=eloabder-20&linkCode=osi&th=1&psc=1">View Product</a></div><div class="product"><a href="https://www.amazon.com/dp/B0DJFJFSZ5?tag=eloabder-20&linkCode=osi&th=1&psc=1"><img src="https://m.media-amazon.com/images/I/41RArdH-6LL._SL500_.jpg" alt="Product Image"></a><p>COMFEE’ 9-in-1 Electric Pressure Cooker, 14 Presets Instant Multi Cooker Olla de Presion Non-Stick Pot Yogurt Maker Rice Cooker Slow Cooker Sauté Steamer 6 Quarts Black</p><p> -10% 0FF </p><p>$64.79</p><a href="https://www.amazon.com/dp/B0DJFJFSZ5?tag=eloabder-20&linkCode=osi&th=1&psc=1">View Product</a></div><div class="product"><a href="https://www.amazon.com/dp/B0C35HNPW9?tag=eloabder-20&linkCode=osi&th=1&psc=1"><img src="https://m.media-amazon.com/images/I/41C54nM0HvL._SL500_.jpg" alt="Product Image"></a><p>Instant Pot RIO Wide Base, 7.5 Quarts, Large Searing Base, WhisperQuiet Steam Release, 7-in-1 Electric Multi-Cooker, Pressure Cooker, Slow Cooker, Rice Cooker, Steamer, Sauté, Yogurt & Warmer</p><p> -13% 0FF </p><p>$113.50</p><a href="https://www.amazon.com/dp/B0C35HNPW9?tag=eloabder-20&linkCode=osi&th=1&psc=1">View Product</a></div>
<div class="product"><a href="https://www.amazon.com/dp/B01LZ6QN28?tag=eloabder-20&linkCode=osi&th=1&psc=1"><img src="https://m.media-amazon.com/images/I/310sq1rOuLL._SL500_.jpg" alt="Product Image"></a><p>KitchenAid KFC3516IC 3.5 Cup Food Chopper, Ice Blue</p><p> -25% 0FF </p><p>$44.99</p><a href="https://www.amazon.com/dp/B01LZ6QN28?tag=eloabder-20&linkCode=osi&th=1&psc=1">View Product</a></div><div class="product"><a href="https://www.amazon.com/dp/B089TP3K77?tag=eloabder-20&linkCode=osi&th=1&psc=1"><img src="https://m.media-amazon.com/images/I/41wrQtJwO4L._SL500_.jpg" alt="Product Image"></a><p>Ninja Food Processor, Professional Plus, 1000 Peak Watts, 4 Functions for Chopping, Slicing, Purees & Dough with 9-Cup Processor Bowl, 3 Blades, Food Chute & Pusher, Silver, BN601</p><p> -19% 0FF </p><p>$96.99</p><a href="https://www.amazon.com/dp/B089TP3K77?tag=eloabder-20&linkCode=osi&th=1&psc=1">View Product</a></div><div class="product"><a href="https://www.amazon.com/dp/B07CB25BRK?tag=eloabder-20&linkCode=osi&th=1&psc=1"><img src="https://m.media-amazon.com/images/I/4184he88uaL._SL500_.jpg" alt="Product Image"></a><p>KitchenAid KFP0718ER 7-Cup Food Processor Chop, Puree, Shred and Slice - Empire Red</p><p> -20% 0FF </p><p>$79.99</p><a href="https://www.amazon.com/dp/B07CB25BRK?tag=eloabder-20&linkCode=osi&th=1&psc=1">View Product</a></div><div class="product"><a href="https://www.amazon.com/dp/B0841NBX4Y?tag=eloabder-20&linkCode=osi&th=1&psc=1"><img src="https://m.media-amazon.com/images/I/31BQFzOW77S._SL500_.jpg" alt="Product Image"></a><p>BLACK+DECKER Food Processor and Vegetable Chopper, Stainless Steel Blade, 8-Cup Capacity, 450W Power with Attachments to Shred, Slice, Mince, Grind, and Puree</p><p> -22% 0FF </p><p>$42.99</p><a href="https://www.amazon.com/dp/B0841NBX4Y?tag=eloabder-20&linkCode=osi&th=1&psc=1">View Product</a></div>
<div class="product"><a href="https://www.amazon.com/dp/B00004SGFW?tag=eloabder-20&linkCode=osi&th=1&psc=1"><img src="https://m.media-amazon.com/images/I/41VBlHn++3L._SL500_.jpg" alt="Product Image"></a><p>KitchenAid Classic Series 4.5 Quart Tilt-Head Stand Mixer K45SS, White</p><p> -10% 0FF </p><p>$297.99</p><a href="https://www.amazon.com/dp/B00004SGFW?tag=eloabder-20&linkCode=osi&th=1&psc=1">View Product</a></div><div class="product"><a href="https://www.amazon.com/dp/B09BVCPSBT?tag=eloabder-20&linkCode=osi&th=1&psc=1"><img src="https://m.media-amazon.com/images/I/41ApmT8ttnL._SL500_.jpg" alt="Product Image"></a><p>Kitchen in the box Stand Mixer,3.2Qt Small Electric Food Mixer,6 Speeds Portable Lightweight Kitchen Mixer for Daily Use with Egg Whisk,Dough Hook,Flat Beater (Black)</p><p> -20% 0FF </p><p>$79.99</p><a href="https://www.amazon.com/dp/B09BVCPSBT?tag=eloabder-20&linkCode=osi&th=1&psc=1">View Product</a></div><div class="product"><a href="https://www.amazon.com/dp/B09Y9LHFJ5?tag=eloabder-20&linkCode=osi&th=1&psc=1"><img src="https://m.media-amazon.com/images/I/31zHqTmCLdL._SL500_.jpg" alt="Product Image"></a><p>Hamilton Beach Classic Stand and Hand Mixer, 4 Quarts, 6 Speeds with QuickBurst, Bowl Rest, 290 Watts Peak Power, Blue (64658)</p><p> -13% 0FF </p><p>$45.99</p><a href="https://www.amazon.com/dp/B09Y9LHFJ5?tag=eloabder-20&linkCode=osi&th=1&psc=1">View Product</a></div><div class="product"><a href="https://www.amazon.com/dp/B01H7R1EJY?tag=eloabder-20&linkCode=osi&th=1&psc=1"><img src="https://m.media-amazon.com/images/I/41bfuTs0SXL._SL500_.jpg" alt="Product Image"></a><p>Cuisinart Stand Mixer, 12 Speed, 5.5 Quart Stainless Steel Bowl, Chef’s Whisk, Mixing Paddle, Dough Hook, Splash Guard w/ Pour Spout, White Linen, SM-50, Manual</p><p> -20% 0FF </p><p>$199.95 ($199.95 / Count)</p><a href="https://www.amazon.com/dp/B01H7R1EJY?tag=eloabder-20&linkCode=osi&th=1&psc=1">View Product</a></div><div class="product"><a href="https://www.amazon.com/dp/B01K2FQ4DE?tag=eloabder-20&linkCode=osi&th=1&psc=1"><img src="https://m.media-amazon.com/images/I/419VfH8b6OL._SL500_.jpg" alt="Product Image"></a><p>Cuisinart Stand Mixer, 12 Speeds, 5.5-Quart Mixing Bowl, Chef's Whisk, Flat Mixing Paddle, Dough Hook, and Splash Guard with Pour Spout, Silver Lining, SM-50BC, Silver Lining</p><p> -20% 0FF </p><p>$199.95 ($199.95 / Count)</p><a href="https://www.amazon.com/dp/B01K2FQ4DE?tag=eloabder-20&linkCode=osi&th=1&psc=1">View Product</a></div>
<div class="product"><a href="https://www.amazon.com/dp/B009VUHLHA?tag=eloabder-20&linkCode=osi&th=1&psc=1"><img src="https://m.media-amazon.com/images/I/3129GS2CaML._SL500_.jpg" alt="Product Image"></a><p>KitchenAid 5 Ultra Power Speed Hand Mixer - KHM512, Empire Red (1 Pack)</p><p> -25% 0FF </p><p>$44.99</p><a href="https://www.amazon.com/dp/B009VUHLHA?tag=eloabder-20&linkCode=osi&th=1&psc=1">View Product</a></div><div class="product"><a href="https://www.amazon.com/dp/B07DD385JN?tag=eloabder-20&linkCode=osi&th=1&psc=1"><img src="https://m.media-amazon.com/images/I/41dfQaFsuUL._SL500_.jpg" alt="Product Image"></a><p>OVENTE Portable 5 Speed Mixing Electric Hand Mixer with Stainless Steel Whisk Beater Attachments & Snap Storage Case, Compact Lightweight 150 Watt Powerful Blender for Baking & Cooking, Black HM151B</p><p> -32% 0FF </p><p>$16.99</p><a href="https://www.amazon.com/dp/B07DD385JN?tag=eloabder-20&linkCode=osi&th=1&psc=1">View Product</a></div><div class="product"><a href="https://www.amazon.com/dp/B0034A8C4O?tag=eloabder-20&linkCode=osi&th=1&psc=1"><img src="https://m.media-amazon.com/images/I/41t6hdU+x0L._SL500_.jpg" alt="Product Image"></a><p>Cuisinart HM-90S Power Advantage Plus 9-Speed Handheld Mixer with Storage Case, White</p><p> -25% 0FF </p><p>$59.95</p><a href="https://www.amazon.com/dp/B0034A8C4O?tag=eloabder-20&linkCode=osi&th=1&psc=1">View Product</a></div><div class="product"><a href="https://www.amazon.com/dp/B00O4XVV66?tag=eloabder-20&linkCode=osi&th=1&psc=1"><img src="https://m.media-amazon.com/images/I/41TAePDHOkL._SL500_.jpg" alt="Product Image"></a><p>Hamilton Beach Power Deluxe 6-Speed Electric Hand Mixer with Snap-On Storage Case, QuickBurst, Beaters, Whisk, Powerful 250 Watt Motor, Bowl Rest, Black (62692)</p><p> -8% 0FF </p><p>$22.99</p><a href="https://www.amazon.com/dp/B00O4XVV66?tag=eloabder-20&linkCode=osi&th=1&psc=1">View Product</a></div><div class="product"><a href="https://www.amazon.com/dp/B09JV6224Q?tag=eloabder-20&linkCode=osi&th=1&psc=1"><img src="https://m.media-amazon.com/images/I/41vUDKzR2aL._SL500_.jpg" alt="Product Image"></a><p>KitchenAid 6 Speed Hand Mixer with Flex Edge Beaters - KHM6118</p><p> -25% 0FF </p><p>$59.95</p><a href="https://www.amazon.com/dp/B09JV6224Q?tag=eloabder-20&linkCode=osi&th=1&psc=1">View Product</a></div><div class="product"><a href="https://www.amazon.com/dp/B0B397TM76?tag=eloabder-20&linkCode=osi&th=1&psc=1"><img src="https://m.media-amazon.com/images/I/41IGzC-belL._SL500_.jpg" alt="Product Image"></a><p>Yomelo 9-Speed Digital Hand Mixer Electric, 400W Powerful DC Motor, Baking Mixer Handheld with Snap-On Storage Case, Touch Button, Turbo Boost, Dough Hooks, Whisk (Ice Blue)</p><p> -20% 0FF </p><p>$39.97</p><a href="https://www.amazon.com/dp/B0B397TM76?tag=eloabder-20&linkCode=osi&th=1&psc=1">View Product</a></div>
<div class="product"><a href="https://www.amazon.com/dp/B07FNW57J7?tag=eloabder-20&linkCode=osi&th=1&psc=1"><img src="https://m.media-amazon.com/images/I/51FDxusQ0iL._SL500_.jpg" alt="Product Image"></a><p>Chefman Electric Kettle with Temperature Control, 5 Presets LED Indicator Lights, Removable Tea Infuser, Glass Tea Kettle & Hot Water Boiler, 360° Swivel Base, BPA Free, Stainless Steel, 1.8 Liters</p><p> -14% 0FF </p><p>$29.99</p><a href="https://www.amazon.com/dp/B07FNW57J7?tag=eloabder-20&linkCode=osi&th=1&psc=1">View Product</a></div><div class="product"><a href="https://www.amazon.com/dp/B0BNMRYJ1Q?tag=eloabder-20&linkCode=osi&th=1&psc=1"><img src="https://m.media-amazon.com/images/I/31K-SXluWdL._SL500_.jpg" alt="Product Image"></a><p>MEISON Electric Kettle, 1.7 L Double Wall Food Grade Stainless Steel Interior Water Boiler, Coffee Pot & Tea Kettle, Auto Shut-Off and Boil-Dry Protection, 1200W, 2 Year Warranty(Black)</p><p> -56% 0FF </p><p>$21.99</p><a href="https://www.amazon.com/dp/B0BNMRYJ1Q?tag=eloabder-20&linkCode=osi&th=1&psc=1">View Product</a></div>
<div class="product"><a href="https://www.amazon.com/dp/B07665GLFH?tag=eloabder-20&linkCode=osi&th=1&psc=1"><img src="https://m.media-amazon.com/images/I/41183-xnqRL._SL500_.jpg" alt="Product Image"></a><p>OVENTE Electric Deep Fryer 2 Liter Capacity, 1500 Watt Lid with Viewing Window and Odor Filter, Adjustable Temperature, Removable Frying Basket and Easy to Clean Stainless Steel Body, Silver FDM2201BR</p><p> -36% 0FF </p><p>$29.99</p><a href="https://www.amazon.com/dp/B07665GLFH?tag=eloabder-20&linkCode=osi&th=1&psc=1">View Product</a></div><div class="product"><a href="https://www.amazon.com/dp/B00NQ7QFGM?tag=eloabder-20&linkCode=osi&th=1&psc=1"><img src="https://m.media-amazon.com/images/I/411tBrsFTDL._SL500_.jpg" alt="Product Image"></a><p>T-fal 3.5L Stainless Steel Deep Fryer with Basket, 1700W, Oil Filtration, Temp Control, Digital Timer, Dishwasher Safe Parts</p><p> -9% 0FF </p><p>$117.99</p><a href="https://www.amazon.com/dp/B00NQ7QFGM?tag=eloabder-20&linkCode=osi&th=1&psc=1">View Product</a></div><div class="product"><a href="https://www.amazon.com/dp/B00N9TPNNI?tag=eloabder-20&linkCode=osi&th=1&psc=1"><img src="https://m.media-amazon.com/images/I/41dpJ-+eDML._SL500_.jpg" alt="Product Image"></a><p>Elite Gourmet EDF-401T Electric 4.5 Qt. / 17 Cup Immersion Deep Fryer 3-Baskets, 1700-Watt, Timer Control Adjustable Temperature, Lid with Viewing Window and Odor Free Filter</p><p> -11% 0FF </p><p>$53.44</p><a href="https://www.amazon.com/dp/B00N9TPNNI?tag=eloabder-20&linkCode=osi&th=1&psc=1">View Product</a></div><div class="product"><a href="https://www.amazon.com/dp/B07KJGR9JZ?tag=eloabder-20&linkCode=osi&th=1&psc=1"><img src="https://m.media-amazon.com/images/I/51Wl+RTXTML._SL500_.jpg" alt="Product Image"></a><p>Chefman 4.5 Liter Deep Fryer w/Basket Strainer, XL Jumbo Size, Adjustable Temperature & Timer, Perfect for Fried Chicken, Shrimp, French Fries, Chips & More, Removable Oil-Container, Stainless Steel</p><p> -14% 0FF </p><p>$59.99</p><a href="https://www.amazon.com/dp/B07KJGR9JZ?tag=eloabder-20&linkCode=osi&th=1&psc=1">View Product</a></div><div class="product"><a href="https://www.amazon.com/dp/B07TRNP5V7?tag=eloabder-20&linkCode=osi&th=1&psc=1"><img src="https://m.media-amazon.com/images/I/416X3E03X9L._SL500_.jpg" alt="Product Image"></a><p>National Presto 10-Quart Kitchen Kettle XL Multi-Cooker, Steamer, Black Deep-Fryer</p><p> -38% 0FF </p><p>$58.78</p><a href="https://www.amazon.com/dp/B07TRNP5V7?tag=eloabder-20&linkCode=osi&th=1&psc=1">View Product</a></div><div class="product"><a href="https://www.amazon.com/dp/B0B6D9739D?tag=eloabder-20&linkCode=osi&th=1&psc=1"><img src="https://m.media-amazon.com/images/I/41Dm+ZShvHL._SL500_.jpg" alt="Product Image"></a><p>Elite Gourmet EDF2100 Electric Immersion Deep Fryer Removable Basket Adjustable Temperature, Lid with Viewing Window and Odor Free Filter, 2 Quart / 8.2 cup</p><p> -8% 0FF </p><p>$34.99</p><a href="https://www.amazon.com/dp/B0B6D9739D?tag=eloabder-20&linkCode=osi&th=1&psc=1">View Product</a></div>
<div class="product"><a href="https://www.amazon.com/dp/B0CYBM2DFK?tag=eloabder-20&linkCode=osi&th=1&psc=1"><img src="https://m.media-amazon.com/images/I/51v84ZcytjL._SL500_.jpg" alt="Product Image"></a><p>Pukomc Electric Indoor Grill,2 in 1 Indoor Grills for Kitchen with Grill Net & Non-Stick Cooking Removable Plate, Temperature Control, Dishwasher Safe, 1500W Smokeless Grill</p><p> -11% 0FF </p><p>$49.99</p><a href="https://www.amazon.com/dp/B0CYBM2DFK?tag=eloabder-20&linkCode=osi&th=1&psc=1">View Product</a></div><div class="product"><a href="https://www.amazon.com/dp/B0778XLPB7?tag=eloabder-20&linkCode=osi&th=1&psc=1"><img src="https://m.media-amazon.com/images/I/41J7WwuJlYL._SL500_.jpg" alt="Product Image"></a><p>Cuisinart GR-5BP1 Electric Griddler FIVE, Enjoy 5-in-1 Functions, LCD Display, Wide Temperature Range and Sear Function, Stainless Steel</p><p> -17% 0FF </p><p>$99.95</p><a href="https://www.amazon.com/dp/B0778XLPB7?tag=eloabder-20&linkCode=osi&th=1&psc=1">View Product</a></div>
<div class="product"><a href="https://www.amazon.com/dp/B07MVN676J?tag=eloabder-20&linkCode=osi&th=1&psc=1"><img src="https://m.media-amazon.com/images/I/414mvfQwPdL._SL500_.jpg" alt="Product Image"></a><p>OVENTE Electric Sandwich Maker with Non-Stick Plates, Indicator Lights, Cool Touch Handle, Easy to Clean and Store, Perfect for Cooking Breakfast, Grilled Cheese, Tuna Melts and Snacks, Black GPS401B</p><p> -36% 0FF </p><p>$15.99</p><a href="https://www.amazon.com/dp/B07MVN676J?tag=eloabder-20&linkCode=osi&th=1&psc=1">View Product</a></div><div class="product"><a href="https://www.amazon.com/dp/B07B4ZFRC5?tag=eloabder-20&linkCode=osi&th=1&psc=1"><img src="https://m.media-amazon.com/images/I/41Mwee5EhWL._SL500_.jpg" alt="Product Image"></a><p>Hamilton Beach Electric Sealed Sandwich Maker Grill with PFAS-Free Nonstick Plates, Makes Stuffed French Toast, Omelets, Compact & Easy to Store, Black (25430G)</p><p> -7% 0FF </p><p>$20.49</p><a href="https://www.amazon.com/dp/B07B4ZFRC5?tag=eloabder-20&linkCode=osi&th=1&psc=1">View Product</a></div><div class="product"><a href="https://www.amazon.com/dp/B08B28SGFH?tag=eloabder-20&linkCode=osi&th=1&psc=1"><img src="https://m.media-amazon.com/images/I/31rHEytHAqL._SL500_.jpg" alt="Product Image"></a><p>Nostalgia MyMini Personal Sandwich Maker, Nonstick Panini Press, Pizza Pockets, Quesadillas, Mint Green</p><p> -17% 0FF </p><p>$14.99</p><a href="https://www.amazon.com/dp/B08B28SGFH?tag=eloabder-20&linkCode=osi&th=1&psc=1">View Product</a></div><div class="product"><a href="https://www.amazon.com/dp/B002YD99Y4?tag=eloabder-20&linkCode=osi&th=1&psc=1"><img src="https://m.media-amazon.com/images/I/41FEfCzAJ9L._SL500_.jpg" alt="Product Image"></a><p>Cuisinart Panini Press, Stainless Steel Griddler, Sandwich Maker & More, 5-IN-1, GR-4NP1</p><p> -20% 0FF </p><p>$79.95</p><a href="https://www.amazon.com/dp/B002YD99Y4?tag=eloabder-20&linkCode=osi&th=1&psc=1">View Product</a></div>
<div class="product"><a href="https://www.amazon.com/dp/B003HL1JZO?tag=eloabder-20&linkCode=osi&th=1&psc=1"><img src="https://m.media-amazon.com/images/I/41NQPUjC3hL._SL500_.jpg" alt="Product Image"></a><p>Hamilton Beach Belgian Mini Waffle Maker with Shade Control, Makes 2 at Once, Create Personalized Keto Chaffles and Hash Browns, Non-Stick Plates, Compact Design, Stainless Steel</p><p> -25% 0FF </p><p>$23.99</p><a href="https://www.amazon.com/dp/B003HL1JZO?tag=eloabder-20&linkCode=osi&th=1&psc=1">View Product</a></div><div class="product"><a href="https://www.amazon.com/dp/B01FYIAQA6?tag=eloabder-20&linkCode=osi&th=1&psc=1"><img src="https://m.media-amazon.com/images/I/51LjHkbLVyL._SL500_.jpg" alt="Product Image"></a><p>KRUPS: Waffle Maker, Stainless Steel, 4 Slices, 1200 Watts Square, 5 Browning Levels, Removable Plates, Dishwasher Safe, Belgian Waffle Silver and Black</p><p> -18% 0FF </p><p>$65.70</p><a href="https://www.amazon.com/dp/B01FYIAQA6?tag=eloabder-20&linkCode=osi&th=1&psc=1">View Product</a></div><div class="product"><a href="https://www.amazon.com/dp/B08ML7J5SG?tag=eloabder-20&linkCode=osi&th=1&psc=1"><img src="https://m.media-amazon.com/images/I/41c0iTegfQL._SL500_.jpg" alt="Product Image"></a><p>DASH No-Drip Waffle Maker - Four Waffle Molds, Nonstick Waffle Iron with Quick Heat-Up, Nonstick Surface - Perfect Waffle Maker for Kids and Families, Just Add Batter</p><p> -13% 0FF </p><p>$34.99</p><a href="https://www.amazon.com/dp/B08ML7J5SG?tag=eloabder-20&linkCode=osi&th=1&psc=1">View Product</a></div>
<div class="product"><a href="https://www.amazon.com/dp/B010TR1SMW?tag=eloabder-20&linkCode=osi&th=1&psc=1"><img src="https://m.media-amazon.com/images/I/51+Sr3R6eUL._SL500_.jpg" alt="Product Image"></a><p>Original Whirley Pop Popcorn Maker- Silver 6 Qt Aluminum Popcorn Maker with Metal Gear, Wabash Family Farms, With Included Good Time Guide</p><p> -44% 0FF </p><p>$19.99</p><a href="https://www.amazon.com/dp/B010TR1SMW?tag=eloabder-20&linkCode=osi&th=1&psc=1">View Product</a></div><div class="product"><a href="https://www.amazon.com/dp/B00KL8SM92?tag=eloabder-20&linkCode=osi&th=1&psc=1"><img src="https://m.media-amazon.com/images/I/41TLvq95xTL._SL500_.jpg" alt="Product Image"></a><p>West Bend Stir Crazy Popcorn Machine Electric Hot Oil Popper Includes Large Lid for Serving Bowl and Convenient Nesting Storage, 6-Quart, Red</p><p> -28% 0FF </p><p>$33.65</p><a href="https://www.amazon.com/dp/B00KL8SM92?tag=eloabder-20&linkCode=osi&th=1&psc=1">View Product</a></div><div class="product"><a href="https://www.amazon.com/dp/B01HRGJE88?tag=eloabder-20&linkCode=osi&th=1&psc=1"><img src="https://m.media-amazon.com/images/I/41hNl5eCgyS._SL500_.jpg" alt="Product Image"></a><p>West Bend Stir Crazy Movie Theater Popcorn Popper with Nonstick Popcorn Kettle, Measuring Tool and Popcorn Scoop for Gourmet Popcorn Machine , 4 Qt., Red</p><p> -25% 0FF </p><p>$60.24</p><a href="https://www.amazon.com/dp/B01HRGJE88?tag=eloabder-20&linkCode=osi&th=1&psc=1">View Product</a></div><div class="product"><a href="https://www.amazon.com/dp/B0C43XTHC6?tag=eloabder-20&linkCode=osi&th=1&psc=1"><img src="https://m.media-amazon.com/images/I/418qLhEayLL._SL500_.jpg" alt="Product Image"></a><p>Presto 04811 PopLite My Munch Hot Air Popcorn Popper - Personal Sized, Built-In Serving Bowl, Compact Design, 8 Cups, Blue</p><p> -13% 0FF </p><p>$34.99</p><a href="https://www.amazon.com/dp/B0C43XTHC6?tag=eloabder-20&linkCode=osi&th=1&psc=1">View Product</a></div>
<div class="product"><a href="https://www.amazon.com/dp/B08QXB9BH5?tag=eloabder-20&linkCode=osi&th=1&psc=1"><img src="https://m.media-amazon.com/images/I/3114JA1oLJL._SL500_.jpg" alt="Product Image"></a><p>Ninja NC301 CREAMi Ice Cream Maker, for Gelato, Mix-ins, Milkshakes, Sorbet, Smoothie Bowls & More, 7 One-Touch Programs, with (2) Pint Containers & Lids, Compact Size, Perfect for Kids, Silver</p><p> -22% 0FF </p><p>$179.99</p><a href="https://www.amazon.com/dp/B08QXB9BH5?tag=eloabder-20&linkCode=osi&th=1&psc=1">View Product</a></div><div class="product"><a href="https://www.amazon.com/dp/B0B9CZ6XBQ?tag=eloabder-20&linkCode=osi&th=1&psc=1"><img src="https://m.media-amazon.com/images/I/41FrbCLAa8L._SL500_.jpg" alt="Product Image"></a><p>Ninja CREAMi Deluxe 11-in-1 Ice Cream & Frozen Treat Maker for Ice Cream, Sorbet, Milkshakes, Frozen Yogurt, & More, 11 Programs, XL Capacity, Silver, Includes (2) Family-Sized 24 oz. Tubs</p><p> -12% 0FF </p><p>$219.95</p><a href="https://www.amazon.com/dp/B0B9CZ6XBQ?tag=eloabder-20&linkCode=osi&th=1&psc=1">View Product</a></div>
<div class="product"><a href="https://www.amazon.com/dp/B07C8V4FDR?tag=eloabder-20&linkCode=osi&th=1&psc=1"><img src="https://m.media-amazon.com/images/I/41-2gch534L._SL500_.jpg" alt="Product Image"></a><p>Cuisinart Bread Maker Machine, Compact and Automatic, Customizable Settings, Up to 2lb Loaves, CBK-110P1, Silver,Black</p><p> -23% 0FF </p><p>$99.95</p><a href="https://www.amazon.com/dp/B07C8V4FDR?tag=eloabder-20&linkCode=osi&th=1&psc=1">View Product</a></div><div class="product"><a href="https://www.amazon.com/dp/B09RYYGJXR?tag=eloabder-20&linkCode=osi&th=1&psc=1"><img src="https://m.media-amazon.com/images/I/31Nti+QxbGL._SL500_.jpg" alt="Product Image"></a><p>Elite Gourmet EBM8103M Programmable Bread Maker Machine 3 Loaf Sizes, 19 Menu Functions Gluten Free White Wheat Rye French and more, 2 Lbs, Mint</p><p> -13% 0FF </p><p>$64.97</p><a href="https://www.amazon.com/dp/B09RYYGJXR?tag=eloabder-20&linkCode=osi&th=1&psc=1">View Product</a></div><div class="product"><a href="https://www.amazon.com/dp/B07BYXHYLY?tag=eloabder-20&linkCode=osi&th=1&psc=1"><img src="https://m.media-amazon.com/images/I/51oB-JofaaL._SL500_.jpg" alt="Product Image"></a><p>KBS Pro Stainless Steel Bread Machine, 2LB 17-in-1 Programmable XL Bread Maker with Fruit Nut Dispenser, Nonstick Ceramic Pan& Digital Touch Panel, 3 Loaf Sizes 3 Crust Colors, Reserve& Keep Warm Set</p><p> -21% 0FF </p><p>$149.96</p><a href="https://www.amazon.com/dp/B07BYXHYLY?tag=eloabder-20&linkCode=osi&th=1&psc=1">View Product</a></div><div class="product"><a href="https://www.amazon.com/dp/B087FB8SCK?tag=eloabder-20&linkCode=osi&th=1&psc=1"><img src="https://m.media-amazon.com/images/I/41HIsBOmQJL._SL500_.jpg" alt="Product Image"></a><p>KITCHENARM 29-in-1 SMART Bread Machine with Gluten Free Setting 2LB 1.5LB 1LB Bread Maker Machine with Homemade Cycle - Stainless Steel Breadmaker with Recipes Whole Wheat Bread Making Machine</p><p> -11% 0FF </p><p>$114.97</p><a href="https://www.amazon.com/dp/B087FB8SCK?tag=eloabder-20&linkCode=osi&th=1&psc=1">View Product</a></div><div class="product"><a href="https://www.amazon.com/dp/B07ZQ711SW?tag=eloabder-20&linkCode=osi&th=1&psc=1"><img src="https://m.media-amazon.com/images/I/41XD-2f77RL._SL500_.jpg" alt="Product Image"></a><p>KBS 17-in-1 Bread Maker-Dual Heaters, 710W Machine Stainless Steel with Gluten-Free, Dough Maker,Jam,Yogurt PROG, Auto Nut Dispenser,Ceramic Pan& Touch Panel, 3 Loaf Sizes 3 Crust Colors,Recipes</p><p> -20% 0FF </p><p>$159.99</p><a href="https://www.amazon.com/dp/B07ZQ711SW?tag=eloabder-20&linkCode=osi&th=1&psc=1">View Product</a></div><div class="product"><a href="https://www.amazon.com/dp/B08SKFPMBG?tag=eloabder-20&linkCode=osi&th=1&psc=1"><img src="https://m.media-amazon.com/images/I/41GbafaeBYL._SL500_.jpg" alt="Product Image"></a><p>Briskind 19-in-1 Compact Bread Maker Machine, 1.5 lb / 1 lb Loaf Small Breadmaker with Carrying Handle, Including Gluten Free, Dough, Jam, Yogurt Menus, Bake Evenly, Automatic Keep Warm, 3 Crust Color</p><p> -25% 0FF </p><p>$89.75</p><a href="https://www.amazon.com/dp/B08SKFPMBG?tag=eloabder-20&linkCode=osi&th=1&psc=1">View Product</a></div><div class="product"><a href="https://www.amazon.com/dp/B07D82LJ4Q?tag=eloabder-20&linkCode=osi&th=1&psc=1"><img src="https://m.media-amazon.com/images/I/41i3kbapguL._SL500_.jpg" alt="Product Image"></a><p>West Bend 47413 Hi-Rise Programmable Bread Maker Machine with Horizontal Dual Blade and 12 Programs, Including Gluten Free Mode, 3 Lb, Gray</p><p> -30% 0FF </p><p>$87.68</p><a href="https://www.amazon.com/dp/B07D82LJ4Q?tag=eloabder-20&linkCode=osi&th=1&psc=1">View Product</a></div>
<div class="product"><a href="https://www.amazon.com/dp/B0BR8HZL9V?tag=eloabder-20&linkCode=osi&th=1&psc=1"><img src="https://m.media-amazon.com/images/I/315cLuabx0L._SL500_.jpg" alt="Product Image"></a><p>Ninja JC151 NeverClog Cold Press Juicer, Powerful Slow Juicer with Total Pulp Control, Countertop, Electric, 2 Pulp Functions, Dishwasher Safe, 2nd Generation, Charcoal</p><p> -23% 0FF </p><p>$99.99</p><a href="https://www.amazon.com/dp/B0BR8HZL9V?tag=eloabder-20&linkCode=osi&th=1&psc=1">View Product</a></div><div class="product"><a href="https://www.amazon.com/dp/B0DJ7QML7K?tag=eloabder-20&linkCode=osi&th=1&psc=1"><img src="https://m.media-amazon.com/images/I/410TN+TUghL._SL500_.jpg" alt="Product Image"></a><p>Cold Press Juicer, 400w Slow Juicer Machines with 5.4" Wide Feed Chute, Masticating Juicer with High Juice Yield for Whole Vegetables & Fruits</p><p> -77% 0FF </p><p>$139.98</p><a href="https://www.amazon.com/dp/B0DJ7QML7K?tag=eloabder-20&linkCode=osi&th=1&psc=1">View Product</a></div><div class="product"><a href="https://www.amazon.com/dp/B0DBH5LC1M?tag=eloabder-20&linkCode=osi&th=1&psc=1"><img src="https://m.media-amazon.com/images/I/41p0ebtD3PL._SL500_.jpg" alt="Product Image"></a><p>Masticating Juicer, 350W Slow Cold Press Juicer with 5.8" Extra-Large Feeding Chute, Juicer Machines for Whole Fruits and Vegetables, Easy to Clean with Brush</p><p> -77% 0FF </p><p>$149.99</p><a href="https://www.amazon.com/dp/B0DBH5LC1M?tag=eloabder-20&linkCode=osi&th=1&psc=1">View Product</a></div><div class="product"><a href="https://www.amazon.com/dp/B0C99W1Z9Q?tag=eloabder-20&linkCode=osi&th=1&psc=1"><img src="https://m.media-amazon.com/images/I/41ds5gec49L._SL500_.jpg" alt="Product Image"></a><p>Magic Bullet Mini Juicer with Cup Black</p><p> -17% 0FF </p><p>$49.99</p><a href="https://www.amazon.com/dp/B0C99W1Z9Q?tag=eloabder-20&linkCode=osi&th=1&psc=1">View Product</a></div><div class="product"><a href="https://www.amazon.com/dp/B0CBS6HVSY?tag=eloabder-20&linkCode=osi&th=1&psc=1"><img src="https://m.media-amazon.com/images/I/41lmBoVvM1L._SL500_.jpg" alt="Product Image"></a><p>Cold Press Juicer, Amumu Slow Masticating Machines with 5.4" Extra Large Feed Chute Fit Whole Fruits & Vegetables Easy Clean Self Feeding Effortless for Batch Juicing, High Juice Yield, BPA Free 250W</p><p> -84% 0FF </p><p>$139.99</p><a href="https://www.amazon.com/dp/B0CBS6HVSY?tag=eloabder-20&linkCode=osi&th=1&psc=1">View Product</a></div><div class="product"><a href="https://www.amazon.com/dp/B0B4F9NSN5?tag=eloabder-20&linkCode=osi&th=1&psc=1"><img src="https://m.media-amazon.com/images/I/41HdCERLiNL._SL500_.jpg" alt="Product Image"></a><p>Elite Gourmet Masticating Juicer Machines, 12-inch Juicer, Masticating Cold Press Juicer Machines, Juicer for Vegetables and Fruits, Easy to Clean Juicer, Charcoal Grey</p><p> -31% 0FF </p><p>$34.49</p><a href="https://www.amazon.com/dp/B0B4F9NSN5?tag=eloabder-20&linkCode=osi&th=1&psc=1">View Product</a></div><div class="product"><a href="https://www.amazon.com/dp/B0DCG5Y8QN?tag=eloabder-20&linkCode=osi&th=1&psc=1"><img src="https://m.media-amazon.com/images/I/41+givs3UpL._SL500_.jpg" alt="Product Image"></a><p>AMZCHEF Cold Press Juicer, Juicer Machines - 5.2" Large Feed Chute for Whole Fruits & Vegetables, Stainless Steel Slow Masticating Juicer Easy to Clean, Large Auger, Double Strainers, Silver</p><p> -30% 0FF </p><p>$139.99</p><a href="https://www.amazon.com/dp/B0DCG5Y8QN?tag=eloabder-20&linkCode=osi&th=1&psc=1">View Product</a></div><div class="product"><a href="https://www.amazon.com/dp/B0DKHPRPC3?tag=eloabder-20&linkCode=osi&th=1&psc=1"><img src="https://m.media-amazon.com/images/I/41lpEOGVh0L._SL500_.jpg" alt="Product Image"></a><p>Cold Press Juicer, Masticating Juicer with 5.4" Wide Feed Chute, 350w Slow Juicer Machines Fit Whole Vegetables and Fruits,Juice Extractor Machine with High Juice Yield, Easy to Clean(Black)</p><p> -30% 0FF </p><p>$139.99</p><a href="https://www.amazon.com/dp/B0DKHPRPC3?tag=eloabder-20&linkCode=osi&th=1&psc=1">View Product</a></div>
<div class="product"><a href="https://www.amazon.com/dp/B006SODTTQ?tag=eloabder-20&linkCode=osi&th=1&psc=1"><img src="https://m.media-amazon.com/images/I/31namjfhGVL._SL500_.jpg" alt="Product Image"></a><p>nutribullet Baby BSR-0801N Turbo Food Steamer</p><p> -19% 0FF </p><p>$32.54</p><a href="https://www.amazon.com/dp/B006SODTTQ?tag=eloabder-20&linkCode=osi&th=1&psc=1">View Product</a></div><div class="product"><a href="https://www.amazon.com/dp/B0831SCHG8?tag=eloabder-20&linkCode=osi&th=1&psc=1"><img src="https://m.media-amazon.com/images/I/413VC6sZL1L._SL500_.jpg" alt="Product Image"></a><p>OVENTE 2 Tier Electric Food Steamer for Cooking Vegetables, Stainless Steel Base, Stackable and Dishwasher Safe Baskets, 400W with Auto Shutoff and 60-Minute Timer, 5 Quart Capacity, Silver FS62S</p><p> -24% 0FF </p><p>$24.99</p><a href="https://www.amazon.com/dp/B0831SCHG8?tag=eloabder-20&linkCode=osi&th=1&psc=1">View Product</a></div><div class="product"><a href="https://www.amazon.com/dp/B07H789X8M?tag=eloabder-20&linkCode=osi&th=1&psc=1"><img src="https://m.media-amazon.com/images/I/41HqkL3gJcL._SL500_.jpg" alt="Product Image"></a><p>Secura 2 Stainless Steel Food Steamer 8.5 Qt Electric Glass Lid Vegetable Steamer Double Tiered Stackable Baskets with Timer</p><p> -20% 0FF </p><p>$109.99</p><a href="https://www.amazon.com/dp/B07H789X8M?tag=eloabder-20&linkCode=osi&th=1&psc=1">View Product</a></div>
<div class="product"><a href="https://www.amazon.com/dp/B07L85NN3T?tag=eloabder-20&linkCode=osi&th=1&psc=1"><img src="https://m.media-amazon.com/images/I/31iMBZdBNVL._SL500_.jpg" alt="Product Image"></a><p>IMUSA USA GAU-18202 4 Cup Espresso/Cappuccino Maker,120 volts, Black</p><p> -25% 0FF </p><p>$29.99</p><a href="https://www.amazon.com/dp/B07L85NN3T?tag=eloabder-20&linkCode=osi&th=1&psc=1">View Product</a></div><div class="product"><a href="https://www.amazon.com/dp/B0D5QY4PY9?tag=eloabder-20&linkCode=osi&th=1&psc=1"><img src="https://m.media-amazon.com/images/I/41nFnfr1ZEL._SL500_.jpg" alt="Product Image"></a><p>CHULUX Kom-Pro Espresso Machine 20 Bar, Semi Automatic Stainless Steel Coffee Machine for Home Latte Cappuccino Espresso Maker, Powerful Milk Frother Steam Wand</p><p> -21% 0FF </p><p>$98.99</p><a href="https://www.amazon.com/dp/B0D5QY4PY9?tag=eloabder-20&linkCode=osi&th=1&psc=1">View Product</a></div><div class="product"><a href="https://www.amazon.com/dp/B0C3F2S53N?tag=eloabder-20&linkCode=osi&th=1&psc=1"><img src="https://m.media-amazon.com/images/I/415fcoCOhfL._SL500_.jpg" alt="Product Image"></a><p>Nespresso Vertuo Pop+ Deluxe Coffee and Espresso Machine by De'Longhi, 120 Volts, Silver</p><p> -27% 0FF </p><p>$109.00</p><a href="https://www.amazon.com/dp/B0C3F2S53N?tag=eloabder-20&linkCode=osi&th=1&psc=1">View Product</a></div><div class="product"><a href="https://www.amazon.com/dp/B0CPJ2XTXF?tag=eloabder-20&linkCode=osi&th=1&psc=1"><img src="https://m.media-amazon.com/images/I/41jHRzdDKAL._SL500_.jpg" alt="Product Image"></a><p>CHULUX Kompatto Espresso Machine 20 Bar with Milk Frother, Stainless Steel Automatic Espresso Coffee Machine for Home Latte & Cappuccino Maker, 40oz Removable Water Tank, 1350W</p><p> -25% 0FF </p><p>$89.99</p><a href="https://www.amazon.com/dp/B0CPJ2XTXF?tag=eloabder-20&linkCode=osi&th=1&psc=1">View Product</a></div><div class="product"><a href="https://www.amazon.com/dp/B0CZ6HQKZD?tag=eloabder-20&linkCode=osi&th=1&psc=1"><img src="https://m.media-amazon.com/images/I/51RRtyCyZlL._SL500_.jpg" alt="Product Image"></a><p>Ihomekee Espresso machine, CM6822 15 Bar Coffee Maker for Cappuccino and Latte Maker With Milk Frother, Removable Water Tank, Fast Heating Coffee Machine for Home, Office</p><p> -11% 0FF </p><p>$79.99</p><a href="https://www.amazon.com/dp/B0CZ6HQKZD?tag=eloabder-20&linkCode=osi&th=1&psc=1">View Product</a></div>
<div class="product"><a href="https://www.amazon.com/dp/B00C8C5I8M?tag=eloabder-20&linkCode=osi&th=1&psc=1"><img src="https://m.media-amazon.com/images/I/21w0+TOUozL._SL500_.jpg" alt="Product Image"></a><p>Elite Gourmet EDB-302BF Countertop Double Cast Iron Burner, 1500 Watts Electric Hot Plate, Temperature Controls, Power Indicator Lights, Easy to Clean, Black</p><p> -24% 0FF </p><p>$27.99</p><a href="https://www.amazon.com/dp/B00C8C5I8M?tag=eloabder-20&linkCode=osi&th=1&psc=1">View Product</a></div><div class="product"><a href="https://www.amazon.com/dp/B08V43S4MJ?tag=eloabder-20&linkCode=osi&th=1&psc=1"><img src="https://m.media-amazon.com/images/I/31fI1bV+ApL._SL500_.jpg" alt="Product Image"></a><p>OVENTE Countertop Infrared Single Burner, 1000W Electric Hot Plate with 7” Ceramic Glass Cooktop, 5 Level Temperature Setting & Easy to Clean Base, Compact Stove for Home Dorm Office, Black BGI101B</p><p> -29% 0FF </p><p>$24.99</p><a href="https://www.amazon.com/dp/B08V43S4MJ?tag=eloabder-20&linkCode=osi&th=1&psc=1">View Product</a></div><div class="product"><a href="https://www.amazon.com/dp/B07D71TD67?tag=eloabder-20&linkCode=osi&th=1&psc=1"><img src="https://m.media-amazon.com/images/I/317DTFZe0AL._SL500_.jpg" alt="Product Image"></a><p>CUSIMAX Electric Hot Plate for Cooking Portable Single Burner 1500W Cast Iron hot plates Heat-up in Seconds Adjustable Temperature Control Stainless Steel Non-Slip Rubber Feet Upgraded Version B101</p><p> -30% 0FF </p><p>$41.96</p><a href="https://www.amazon.com/dp/B07D71TD67?tag=eloabder-20&linkCode=osi&th=1&psc=1">View Product</a></div><div class="product"><a href="https://www.amazon.com/dp/B08QMP7VD3?tag=eloabder-20&linkCode=osi&th=1&psc=1"><img src="https://m.media-amazon.com/images/I/41OrKZIVmpL._SL500_.jpg" alt="Product Image"></a><p>Mueller RapidTherm Portable Induction Cooktop, Hot Plate Electric Stove Top Burner 1800W, 8 Temp Levels up to 460°F, Auto-Off & Pot Detection, LED Display, Child Lock, 4 Programs, Burners for Cooking</p><p> -10% 0FF </p><p>$53.97</p><a href="https://www.amazon.com/dp/B08QMP7VD3?tag=eloabder-20&linkCode=osi&th=1&psc=1">View Product</a></div><div class="product"><a href="https://www.amazon.com/dp/B0007QCRNU?tag=eloabder-20&linkCode=osi&th=1&psc=1"><img src="https://m.media-amazon.com/images/I/31-Ehn2oohL._SL500_.jpg" alt="Product Image"></a><p>Aroma Housewares AHP-303 Single Burner Hot Plate, Metal, Black</p><p> -9% 0FF </p><p>$18.21</p><a href="https://www.amazon.com/dp/B0007QCRNU?tag=eloabder-20&linkCode=osi&th=1&psc=1">View Product</a></div><div class="product"><a href="https://www.amazon.com/dp/B08WR5VF24?tag=eloabder-20&linkCode=osi&th=1&psc=1"><img src="https://m.media-amazon.com/images/I/41z751CI4eL._SL500_.jpg" alt="Product Image"></a><p>OVENTE Electric Countertop Single Burner, 1000W Cooktop with 7.25 Inch Cast Iron Hot Plate, 5 Level Temperature Control, Compact Cooking Stove and Easy to Clean Stainless Steel Base, Silver BGS101S</p><p> -7% 0FF </p><p>$24.99</p><a href="https://www.amazon.com/dp/B08WR5VF24?tag=eloabder-20&linkCode=osi&th=1&psc=1">View Product</a></div>
<div class="product"><a href="https://www.amazon.com/dp/B01GD1JSZM?tag=eloabder-20&linkCode=osi&th=1&psc=1"><img src="https://m.media-amazon.com/images/I/31SlYF1eXnL._SL500_.jpg" alt="Product Image"></a><p>Presto 16-Inch Electric Skillet, Grey Ceramic</p><p> -26% 0FF </p><p>$48.90</p><a href="https://www.amazon.com/dp/B01GD1JSZM?tag=eloabder-20&linkCode=osi&th=1&psc=1">View Product</a></div><div class="product"><a href="https://www.amazon.com/dp/B00FJ3NSCK?tag=eloabder-20&linkCode=osi&th=1&psc=1"><img src="https://m.media-amazon.com/images/I/31+AWuZl9ML._SL500_.jpg" alt="Product Image"></a><p>BELLA Electric Skillet and Frying Pan with Glass Lid, Nonstick Coating, Cool Touch Handles, Removable Heating Probe, Dishwasher Safe, 12 x 12 inch, Black</p><p> -23% 0FF </p><p>$26.99</p><a href="https://www.amazon.com/dp/B00FJ3NSCK?tag=eloabder-20&linkCode=osi&th=1&psc=1">View Product</a></div><div class="product"><a href="https://www.amazon.com/dp/B004PEIY9G?tag=eloabder-20&linkCode=osi&th=1&psc=1"><img src="https://m.media-amazon.com/images/I/31oFk81gjbL._SL500_.jpg" alt="Product Image"></a><p>BLACK+DECKER Electric Skillet, Variable Temperature Control, Nonstick Cooking Surface, Dishwasher Safe, Tempered Glass Lid, 12"x15"</p><p> -7% 0FF </p><p>$46.39</p><a href="https://www.amazon.com/dp/B004PEIY9G?tag=eloabder-20&linkCode=osi&th=1&psc=1">View Product</a></div>
<div class="product"><a href="https://www.amazon.com/dp/B07K1FCZLF?tag=eloabder-20&linkCode=osi&th=1&psc=1"><img src="https://m.media-amazon.com/images/I/41A489usqJL._SL500_.jpg" alt="Product Image"></a><p>OVENTE Electric Griddle with 16 x 10 Inch Flat Non-Stick Cooking Surface, Adjustable Thermostat, Essential Indoor Grill for Instant Breakfast Pancakes Burgers Eggs, Black GD1610B</p><p> -6% 0FF </p><p>$21.02</p><a href="https://www.amazon.com/dp/B07K1FCZLF?tag=eloabder-20&linkCode=osi&th=1&psc=1">View Product</a></div><div class="product"><a href="https://www.amazon.com/dp/B01G7DM7X6?tag=eloabder-20&linkCode=osi&th=1&psc=1"><img src="https://m.media-amazon.com/images/I/31MeKzHffDL._SL500_.jpg" alt="Product Image"></a><p>Presto 07062-22-Inch Ceramic Removable Handles Electric Griddle, 22 Inch, Black</p><p> -13% 0FF </p><p>$51.99</p><a href="https://www.amazon.com/dp/B01G7DM7X6?tag=eloabder-20&linkCode=osi&th=1&psc=1">View Product</a></div><div class="product"><a href="https://www.amazon.com/dp/B0765XJ31G?tag=eloabder-20&linkCode=osi&th=1&psc=1"><img src="https://m.media-amazon.com/images/I/31QCHjFop2L._SL500_.jpg" alt="Product Image"></a><p>BLACK+DECKER 8-Serving Electric Griddle, GD2051B, Non-Stick Cooking Surface, Warming Tray, Removable Drip Tray, Family Sized</p><p> -26% 0FF </p><p>$40.72 ($40.72 / Count)</p><a href="https://www.amazon.com/dp/B0765XJ31G?tag=eloabder-20&linkCode=osi&th=1&psc=1">View Product</a></div><div class="product"><a href="https://www.amazon.com/dp/B0BH9DK283?tag=eloabder-20&linkCode=osi&th=1&psc=1"><img src="https://m.media-amazon.com/images/I/41PvXG2lP0L._SL500_.jpg" alt="Product Image"></a><p>BELLA Electric Griddle & Flat Grill with Nonstick Large Cooking Surface and Removable Probe for Eggs, Tortillas, Pancake and more, 10.5" x 20", Black</p><p> -34% 0FF </p><p>$19.78</p><a href="https://www.amazon.com/dp/B0BH9DK283?tag=eloabder-20&linkCode=osi&th=1&psc=1">View Product</a></div><div class="product"><a href="https://www.amazon.com/dp/B0051XSIO6?tag=eloabder-20&linkCode=osi&th=1&psc=1"><img src="https://m.media-amazon.com/images/I/41xVHW6OqdL._SL500_.jpg" alt="Product Image"></a><p>Presto 07047 Cool Touch Electric Griddle</p><p> -18% 0FF </p><p>$36.73</p><a href="https://www.amazon.com/dp/B0051XSIO6?tag=eloabder-20&linkCode=osi&th=1&psc=1">View Product</a></div>
<div class="product"><a href="https://www.amazon.com/dp/B01FLR0ET8?tag=eloabder-20&linkCode=osi&th=1&psc=1"><img src="https://m.media-amazon.com/images/I/41Vqjrj43GL._SL500_.jpg" alt="Product Image"></a><p>Duxtop Portable Induction Cooktop Burner, Induction Hot Plate with LCD Sensor Touch 1800 Watts, Silver 9600LS/BT-200DZ</p><p> -28% 0FF </p><p>$109.29</p><a href="https://www.amazon.com/dp/B01FLR0ET8?tag=eloabder-20&linkCode=osi&th=1&psc=1">View Product</a></div><div class="product"><a href="https://www.amazon.com/dp/B0C7HL4GHP?tag=eloabder-20&linkCode=osi&th=1&psc=1"><img src="https://m.media-amazon.com/images/I/41-D+rnAOVL._SL500_.jpg" alt="Product Image"></a><p>Nuwave Precision Induction Cooktop Gold, 12” Shatter-Proof Ceramic Glass Surface, Large 8” Heating Coil, Portable, 51Temp Settings 100°F to 575°F, 3 Wattage Settings 600, 900, and 1500 Watts</p><p> -10% 0FF </p><p>$89.99</p><a href="https://www.amazon.com/dp/B0C7HL4GHP?tag=eloabder-20&linkCode=osi&th=1&psc=1">View Product</a></div><div class="product"><a href="https://www.amazon.com/dp/B0045QEPYM?tag=eloabder-20&linkCode=osi&th=1&psc=1"><img src="https://m.media-amazon.com/images/I/41cdyP4hsFL._SL500_.jpg" alt="Product Image"></a><p>Duxtop 1800W Portable Induction Cooktop Countertop Burner, Gold 8100MC/BT-180G3</p><p> -15% 0FF </p><p>$62.99</p><a href="https://www.amazon.com/dp/B0045QEPYM?tag=eloabder-20&linkCode=osi&th=1&psc=1">View Product</a></div><div class="product"><a href="https://www.amazon.com/dp/B0BSG6JTC1?tag=eloabder-20&linkCode=osi&th=1&psc=1"><img src="https://m.media-amazon.com/images/I/41DhHtBXtUL._SL500_.jpg" alt="Product Image"></a><p>Nuwave Double Induction Cooktop, Powerful 1800W, 2 Large 8” Heating Coils, Independent Controls, 94 Temp Settings from 100°F to 575°F in 5°F Increments, 2 x 11.5” Shatter-Proof Ceramic Glass Surface</p><p> -13% 0FF </p><p>$200.31</p><a href="https://www.amazon.com/dp/B0BSG6JTC1?tag=eloabder-20&linkCode=osi&th=1&psc=1">View Product</a></div><div class="product"><a href="https://www.amazon.com/dp/B0B4J6PXPN?tag=eloabder-20&linkCode=osi&th=1&psc=1"><img src="https://m.media-amazon.com/images/I/41kump2F4aL._SL500_.jpg" alt="Product Image"></a><p>ChangBERT Induction Cooktop, Commercial Grade Portable Cooker, Large 8” Heating Coil, 18/10 Stainless Steel Countertop Burner with NSF Certified, 10 Hours Timer, Powerful 1800W Professional Hot Plate</p><p> -23% 0FF </p><p>$119.99</p><a href="https://www.amazon.com/dp/B0B4J6PXPN?tag=eloabder-20&linkCode=osi&th=1&psc=1">View Product</a></div>
<div class="product"><a href="https://www.amazon.com/dp/B09Q88QQHL?tag=eloabder-20&linkCode=osi&th=1&psc=1"><img src="https://m.media-amazon.com/images/I/41cDQKq5xXL._SL500_.jpg" alt="Product Image"></a><p>Gevi One-Touch Button Electric Coffee Grinder Coffee Bean Grinder for Coffee Espresso Latte Mochas, Noiseless Operation Coffee Serving Sets</p><p> -22% 0FF </p><p>$12.99 ($12.99 / 1)</p><a href="https://www.amazon.com/dp/B09Q88QQHL?tag=eloabder-20&linkCode=osi&th=1&psc=1">View Product</a></div><div class="product"><a href="https://www.amazon.com/dp/B079PMWD1B?tag=eloabder-20&linkCode=osi&th=1&psc=1"><img src="https://m.media-amazon.com/images/I/41bLrL-p8jL._SL500_.jpg" alt="Product Image"></a><p>Secura Electric Coffee Grinder and Spice Grinder with 2 Stainless Steel Blades Removable Bowls</p><p> -27% 0FF </p><p>$39.99</p><a href="https://www.amazon.com/dp/B079PMWD1B?tag=eloabder-20&linkCode=osi&th=1&psc=1">View Product</a></div><div class="product"><a href="https://www.amazon.com/dp/B07LG33LV3?tag=eloabder-20&linkCode=osi&th=1&psc=1"><img src="https://m.media-amazon.com/images/I/415qB6lyWgL._SL500_.jpg" alt="Product Image"></a><p>SHARDOR Coffee Grinder Electric, Spice Grinder Electric, Herb Grinder, Grinder for Coffee Bean Spices and Seeds with 2 Removable Stainless Steel Bowls, Black</p><p> -15% 0FF </p><p>$39.99</p><a href="https://www.amazon.com/dp/B07LG33LV3?tag=eloabder-20&linkCode=osi&th=1&psc=1">View Product</a></div><div class="product"><a href="https://www.amazon.com/dp/B00LU2I46E?tag=eloabder-20&linkCode=osi&th=1&psc=1"><img src="https://m.media-amazon.com/images/I/51eoYTzS22L._SL500_.jpg" alt="Product Image"></a><p>BLACK+DECKER 12-Cup Mill and Brew Coffe Maker, CM5000B, 24-Hour Programble, Built-in Grinder, Sneak-A-Cup, Permanent Washable Fitler</p><p> -20% 0FF </p><p>$79.99</p><a href="https://www.amazon.com/dp/B00LU2I46E?tag=eloabder-20&linkCode=osi&th=1&psc=1">View Product</a></div>
<div class="product"><a href="https://www.amazon.com/dp/B07GK7XKJK?tag=eloabder-20&linkCode=osi&th=1&psc=1"><img src="https://m.media-amazon.com/images/I/41MydiUACIL._SL500_.jpg" alt="Product Image"></a><p>KitchenAid KSMMGA Metal Food Grinder Attachment, Silver</p><p> -25% 0FF </p><p>$74.95</p><a href="https://www.amazon.com/dp/B07GK7XKJK?tag=eloabder-20&linkCode=osi&th=1&psc=1">View Product</a></div><div class="product"><a href="https://www.amazon.com/dp/B0CFXXGRLX?tag=eloabder-20&linkCode=osi&th=1&psc=1"><img src="https://m.media-amazon.com/images/I/41C1H8gjr9L._SL500_.jpg" alt="Product Image"></a><p>Electric Meat Grinder, Sausage Stuffer Maker 450W(3000W Max) Food Grinder with Blade & 3 Plates, Sausage Stuffer Tubes & Kubbe Kit, Stainless Steel Heavy Duty Meat Mincer Machine for Home Kitchen Use</p><p> -14% 0FF </p><p>$69.99</p><a href="https://www.amazon.com/dp/B0CFXXGRLX?tag=eloabder-20&linkCode=osi&th=1&psc=1">View Product</a></div><div class="product"><a href="https://www.amazon.com/dp/B0DCVND85W?tag=eloabder-20&linkCode=osi&th=1&psc=1"><img src="https://m.media-amazon.com/images/I/41P1HRElb0L._SL500_.jpg" alt="Product Image"></a><p>AAOBOSI Meat Grinder, 4-In-1 Meat Grinder Electric [2800W Max] with 3 Slice, Shred Blades,2 Blades,4 Plates,Sausage Stuffer,Kubbe Kit, for Home Kitchen Use, Stainless Steel</p><p> -9% 0FF </p><p>$99.99</p><a href="https://www.amazon.com/dp/B0DCVND85W?tag=eloabder-20&linkCode=osi&th=1&psc=1">View Product</a></div><div class="product"><a href="https://www.amazon.com/dp/B08GHFBX7P?tag=eloabder-20&linkCode=osi&th=1&psc=1"><img src="https://m.media-amazon.com/images/I/41go97GVl0L._SL500_.jpg" alt="Product Image"></a><p>Electric Meat Grinder, Heavy Duty Meat Mincer, Sausage Stuffer Maker, Food Grinder with Sausage & Kubbe Kit, 2 Grinder Plates, Stainless Steel (Black)</p><p> -22% 0FF </p><p>$69.99</p><a href="https://www.amazon.com/dp/B08GHFBX7P?tag=eloabder-20&linkCode=osi&th=1&psc=1">View Product</a></div>
<div class="product"><a href="https://www.amazon.com/dp/B0BXXKFJK2?tag=eloabder-20&linkCode=osi&th=1&psc=1"><img src="https://m.media-amazon.com/images/I/41WmZf5IgvL._SL500_.jpg" alt="Product Image"></a><p>Silonn Ice Maker Countertop, Portable Ice Machine with Carry Handle, Self-Cleaning Ice Makers with Basket and Scoop, 9 Cubes in 6 Mins, 26 lbs per Day, Ideal for Home, Kitchen, Camping, RV</p><p> -6% 0FF </p><p>$103.02</p><a href="https://www.amazon.com/dp/B0BXXKFJK2?tag=eloabder-20&linkCode=osi&th=1&psc=1">View Product</a></div><div class="product"><a href="https://www.amazon.com/dp/B0DBHN7WSN?tag=eloabder-20&linkCode=osi&th=1&psc=1"><img src="https://m.media-amazon.com/images/I/411SrTdFoYL._SL500_.jpg" alt="Product Image"></a><p>Nugget Ice Makers Countertop with Soft Chewable Pellet Ice, 7 Mins Ice Making, 35.5Lbs/24Hrs, Pebble Ice Maker Machine with Self-Cleaning/Ice Basket/Ice Scoop for Home/Office/Bar, Black</p><p> -12% 0FF </p><p>$149.00</p><a href="https://www.amazon.com/dp/B0DBHN7WSN?tag=eloabder-20&linkCode=osi&th=1&psc=1">View Product</a></div><div class="product"><a href="https://www.amazon.com/dp/B08ZYJ8CRX?tag=eloabder-20&linkCode=osi&th=1&psc=1"><img src="https://m.media-amazon.com/images/I/41oHlJFaHrL._SL500_.jpg" alt="Product Image"></a><p>Silonn Ice Maker Countertop, 9 Cubes Ready in 6 Mins, 26lbs in 24Hrs, Self-Cleaning Ice Machine with Ice Scoop and Basket, 2 Sizes of Bullet Ice for Home Kitchen Office Bar Party</p><p> -23% 0FF </p><p>$84.98</p><a href="https://www.amazon.com/dp/B08ZYJ8CRX?tag=eloabder-20&linkCode=osi&th=1&psc=1">View Product</a></div><div class="product"><a href="https://www.amazon.com/dp/B0964BF4N7?tag=eloabder-20&linkCode=osi&th=1&psc=1"><img src="https://m.media-amazon.com/images/I/41P6Pg4IlDL._SL500_.jpg" alt="Product Image"></a><p>GE Profile Opal 2.0 with 0.75 Gallon Tank, Chewable Crunchable Countertop Nugget Ice Maker, Scoop included, 38 lbs in 24 hours, Pellet Ice Machine with WiFi & Smart Connected, Stainless Steel</p><p> -19% 0FF </p><p>$487.00</p><a href="https://www.amazon.com/dp/B0964BF4N7?tag=eloabder-20&linkCode=osi&th=1&psc=1">View Product</a></div><div class="product"><a href="https://www.amazon.com/dp/B004VV8GOQ?tag=eloabder-20&linkCode=osi&th=1&psc=1"><img src="https://m.media-amazon.com/images/I/417MZhHcvfL._SL500_.jpg" alt="Product Image"></a><p>Frigidaire EFIC103-AMZ-SC Counter Top Maker with Over-Sized Ice Bucket, Stainless Steel, Self Cleaning Function, Heavy Duty, Stainless</p><p> -31% 0FF </p><p>$89.96</p><a href="https://www.amazon.com/dp/B004VV8GOQ?tag=eloabder-20&linkCode=osi&th=1&psc=1">View Product</a></div><div class="product"><a href="https://www.amazon.com/dp/B0CNVL19YJ?tag=eloabder-20&linkCode=osi&th=1&psc=1"><img src="https://m.media-amazon.com/images/I/415SM2A141L._SL500_.jpg" alt="Product Image"></a><p>AGLUCKY Ice Makers Countertop with Handle,26.5Lbs/24H,9 Cubes in 6 Mins,2 Sizes of Bullet Ice,Portable Ice Maker Machine with Self-Cleaning,Perfect for Home Kitchen(Black)</p><p> -11% 0FF </p><p>$79.99</p><a href="https://www.amazon.com/dp/B0CNVL19YJ?tag=eloabder-20&linkCode=osi&th=1&psc=1">View Product</a></div><div class="product"><a href="https://www.amazon.com/dp/B0BPSW1K11?tag=eloabder-20&linkCode=osi&th=1&psc=1"><img src="https://m.media-amazon.com/images/I/41+T7GsSO2L._SL500_.jpg" alt="Product Image"></a><p>Countertop Ice Maker, Ice Maker Machine 6 Mins 9 Ice, 26.5lbs/24Hrs, Portable Ice Maker Machine with Self-Cleaning, Ice Scoop, and Basket, Compact Ice Maker for Home/Kitchen/Office/Party</p><p> -10% 0FF </p><p>$89.99</p><a href="https://www.amazon.com/dp/B0BPSW1K11?tag=eloabder-20&linkCode=osi&th=1&psc=1">View Product</a></div>
<div class="product"><a href="https://www.amazon.com/dp/B08K93NJP8?tag=eloabder-20&linkCode=osi&th=1&psc=1"><img src="https://m.media-amazon.com/images/I/41RhvK8Yd4L._SL500_.jpg" alt="Product Image"></a><p>ROVSUN 18 Bottle Wine Fridge, Freestanding Compressor Wine Cooler Refrigerator, Beverage Wine Chiller with Digital Temperature Control & Double-layer Glass Door for Red White Wine, Champagne, Beer</p><p> -11% 0FF </p><p>$169.99</p><a href="https://www.amazon.com/dp/B08K93NJP8?tag=eloabder-20&linkCode=osi&th=1&psc=1">View Product</a></div><div class="product"><a href="https://www.amazon.com/dp/B00QSJRSM0?tag=eloabder-20&linkCode=osi&th=1&psc=1"><img src="https://m.media-amazon.com/images/I/31Ugidkf02L._SL500_.jpg" alt="Product Image"></a><p>Koolatron 6 Bottle Refrigerator Black Thermoelectric Wine cooler Freestanding Wine Cellar Red White and Sparkling Wine fridge Ideal for Small Kitchens Apartments RVs</p><p> -35% 0FF </p><p>$129.99</p><a href="https://www.amazon.com/dp/B00QSJRSM0?tag=eloabder-20&linkCode=osi&th=1&psc=1">View Product</a></div><div class="product"><a href="https://www.amazon.com/dp/B00QSJRR4Y?tag=eloabder-20&linkCode=osi&th=1&psc=1"><img src="https://m.media-amazon.com/images/I/41UPTwoGc7L._SL500_.jpg" alt="Product Image"></a><p>Koolatron 20 Bottle Refrigerator Wine Cooler Black Thermoelectric Wine Fridge Under Counter Wine Cellar for Red White Sparkling Wine Storage in Home Bar Apartment</p><p> -33% 0FF </p><p>$199.99</p><a href="https://www.amazon.com/dp/B00QSJRR4Y?tag=eloabder-20&linkCode=osi&th=1&psc=1">View Product</a></div><div class="product"><a href="https://www.amazon.com/dp/B0CQYFQKFX?tag=eloabder-20&linkCode=osi&th=1&psc=1"><img src="https://m.media-amazon.com/images/I/41ckgpC+TLL._SL500_.jpg" alt="Product Image"></a><p>Kalamera Mini Fridge 24” Beverage and Wine Cooler Built-in or Freestanding - 118 Cans & 16 Bottles Capacity Wine Refrigerator Cooler</p><p> -20% 0FF </p><p>$479.98</p><a href="https://www.amazon.com/dp/B0CQYFQKFX?tag=eloabder-20&linkCode=osi&th=1&psc=1">View Product</a></div>
<div class="product"><a href="https://www.amazon.com/dp/B0CHW317SG?tag=eloabder-20&linkCode=osi&th=1&psc=1"><img src="https://m.media-amazon.com/images/I/41KZKC5wMwL._SL500_.jpg" alt="Product Image"></a><p>EUHOMY 48 Can Beverage Refrigerator cooler-Mini Fridge Glass Door for Beer Drinks Wines, Countertop Beverage Fridge with Adjustable Shelves Blue LED for Home/Office/Dorm/Bar, 1.3 cu.ft</p><p> -20% 0FF </p><p>$116.09</p><a href="https://www.amazon.com/dp/B0CHW317SG?tag=eloabder-20&linkCode=osi&th=1&psc=1">View Product</a></div><div class="product"><a href="https://www.amazon.com/dp/B0DGLF3KJY?tag=eloabder-20&linkCode=osi&th=1&psc=1"><img src="https://m.media-amazon.com/images/I/51GSGBxBzSL._SL500_.jpg" alt="Product Image"></a><p>Zibbizo Upgraded Mini Fridge for Bedroom 3.2 Cu.Ft Small Refrigerator with Freezer for Dorm Office, Compact Single Door Adjustable Thermostat Low Noise, 17.5" D x 17.7" W x 31.5" H, Black</p><p> -10% 0FF </p><p>$134.99</p><a href="https://www.amazon.com/dp/B0DGLF3KJY?tag=eloabder-20&linkCode=osi&th=1&psc=1">View Product</a></div><div class="product"><a href="https://www.amazon.com/dp/B08NQ5CPPG?tag=eloabder-20&linkCode=osi&th=1&psc=1"><img src="https://m.media-amazon.com/images/I/31t78TW8XCL._SL500_.jpg" alt="Product Image"></a><p>Frigidaire EFMIS175 Retro 9-Can Mini Personal Fridge Portable Cooler for Car, Office, Bedroom, Dorm Room, or Cabin, 11.8"D x 7.1"W x 10.1"H, Pink</p><p> -17% 0FF </p><p>$33.13</p><a href="https://www.amazon.com/dp/B08NQ5CPPG?tag=eloabder-20&linkCode=osi&th=1&psc=1">View Product</a></div><div class="product"><a href="https://www.amazon.com/dp/B09DTM1NZW?tag=eloabder-20&linkCode=osi&th=1&psc=1"><img src="https://m.media-amazon.com/images/I/311losY-FFL._SL500_.jpg" alt="Product Image"></a><p>FRIGIDAIRE Black EFR176- AMZ Retro Mini Refrigerator-Energy Saving-Adjustable Thermostat Control-Side Mounted Bottle Opener-Ideal for Dorm, Office, RV, Garage, Apartment 1.6 Cubic Feet</p><p> -12% 0FF </p><p>$123.14</p><a href="https://www.amazon.com/dp/B09DTM1NZW?tag=eloabder-20&linkCode=osi&th=1&psc=1">View Product</a></div>
<div class="product"><a href="https://www.amazon.com/dp/B000EW7LGA?tag=eloabder-20&linkCode=osi&th=1&psc=1"><img src="https://m.media-amazon.com/images/I/31RD0Qf0CyL._SL500_.jpg" alt="Product Image"></a><p>InSinkErator Badger 5XP Garbage Disposal, Standard Series 3/4 HP Continuous Feed Food Waste Disposer, Black / Stainless</p><p> -56% 0FF </p><p>$119.99</p><a href="https://www.amazon.com/dp/B000EW7LGA?tag=eloabder-20&linkCode=osi&th=1&psc=1">View Product</a></div><div class="product"><a href="https://www.amazon.com/dp/B000LNIK6C?tag=eloabder-20&linkCode=osi&th=1&psc=1"><img src="https://m.media-amazon.com/images/I/41r60mVDVjL._SL500_.jpg" alt="Product Image"></a><p>Waste King 1/2 HP Garbage Disposal with Power Cord for Kitchen Sink Food Waste, L-1001</p><p> -11% 0FF </p><p>$78.03</p><a href="https://www.amazon.com/dp/B000LNIK6C?tag=eloabder-20&linkCode=osi&th=1&psc=1">View Product</a></div><div class="product"><a href="https://www.amazon.com/dp/B00004U9JO?tag=eloabder-20&linkCode=osi&th=1&psc=1"><img src="https://m.media-amazon.com/images/I/31rMP7d81sL._SL500_.jpg" alt="Product Image"></a><p>InSinkErator Badger 5 Garbage Disposal, Standard Series 1/2 HP Continuous Feed Food Waste Disposer, Black, Set of 1</p><p> -41% 0FF </p><p>$115.96</p><a href="https://www.amazon.com/dp/B00004U9JO?tag=eloabder-20&linkCode=osi&th=1&psc=1">View Product</a></div><div class="product"><a href="https://www.amazon.com/dp/B0CDMH8PVY?tag=eloabder-20&linkCode=osi&th=1&psc=1"><img src="https://m.media-amazon.com/images/I/31LFQmfgZHL._SL500_.jpg" alt="Product Image"></a><p>InSinkErator EVOLUTION 0.75HP 3/4 HP, Advanced Series EZ Connect Continuous Feed Food Waste Garbage Disposal, Gray</p><p> -41% 0FF </p><p>$235.42</p><a href="https://www.amazon.com/dp/B0CDMH8PVY?tag=eloabder-20&linkCode=osi&th=1&psc=1">View Product</a></div><div class="product"><a href="https://www.amazon.com/dp/B0CDMH72DY?tag=eloabder-20&linkCode=osi&th=1&psc=1"><img src="https://m.media-amazon.com/images/I/311HrVUr9jL._SL500_.jpg" alt="Product Image"></a><p>InSinkErator Power 1HP, 1 HP Garbage Disposal, Power Series EZ Connect Continuous Feed Food Waste Disposer, Black</p><p> -44% 0FF </p><p>$199.36</p><a href="https://www.amazon.com/dp/B0CDMH72DY?tag=eloabder-20&linkCode=osi&th=1&psc=1">View Product</a></div>
<div class="product"><a href="https://www.amazon.com/dp/B07RSZSYNC?tag=eloabder-20&linkCode=osi&th=1&psc=1"><img src="https://m.media-amazon.com/images/I/41R-l5eAIuL._SL500_.jpg" alt="Product Image"></a><p>LEVOIT Core 300-P Air Purifier Replacement Filter, 3-In-1 Filter, Efficiency Activated Carbon, Core 300-RF, 1 Pack, White</p><p> -20% 0FF </p><p>$23.99</p><a href="https://www.amazon.com/dp/B07RSZSYNC?tag=eloabder-20&linkCode=osi&th=1&psc=1">View Product</a></div>
<div class="product"><a href="https://www.amazon.com/dp/B07T2TYPSB?tag=eloabder-20&linkCode=osi&th=1&psc=1"><img src="https://m.media-amazon.com/images/I/41ZBBLMHatL._SL500_.jpg" alt="Product Image"></a><p>Schneider Industries Micro Vacuum Attachment 7 Piece Kit</p><p> -37% 0FF </p><p>$8.87</p><a href="https://www.amazon.com/dp/B07T2TYPSB?tag=eloabder-20&linkCode=osi&th=1&psc=1">View Product</a></div><div class="product"><a href="https://www.amazon.com/dp/B000BSJCLY?tag=eloabder-20&linkCode=osi&th=1&psc=1"><img src="https://m.media-amazon.com/images/I/41AoF04bprL._SL500_.jpg" alt="Product Image"></a><p>Schneider Industries Micro Vacuum Attachment 7 Piece Kit, 0.5 Liters, Black</p><p> -27% 0FF </p><p>$9.95</p><a href="https://www.amazon.com/dp/B000BSJCLY?tag=eloabder-20&linkCode=osi&th=1&psc=1">View Product</a></div><div class="product"><a href="https://www.amazon.com/dp/B0CRN52G7Z?tag=eloabder-20&linkCode=osi&th=1&psc=1"><img src="https://m.media-amazon.com/images/I/41DuITrcwkL._SL500_.jpg" alt="Product Image"></a><p>KUIFORTI Ironing Board Covers Standard Size Cute Sewing Machine Pattern Ironing Board Covers with Padding Novelty Gifts for Tailor Seamstress Iron Board Cover Replacement</p><p> -19% 0FF </p><p>$12.99</p><a href="https://www.amazon.com/dp/B0CRN52G7Z?tag=eloabder-20&linkCode=osi&th=1&psc=1">View Product</a></div><div class="product"><a href="https://www.amazon.com/dp/B09LM5F3TM?tag=eloabder-20&linkCode=osi&th=1&psc=1"><img src="https://m.media-amazon.com/images/I/31V8xl2YzoL._SL500_.jpg" alt="Product Image"></a><p>JUKI A9838-090-0A0 JUKI Professional Sewing Machine Zipper Press</p><p> -5% 0FF </p><p>$9.48</p><a href="https://www.amazon.com/dp/B09LM5F3TM?tag=eloabder-20&linkCode=osi&th=1&psc=1">View Product</a></div>
<div class="product"><a href="https://www.amazon.com/dp/B0932K1LR7?tag=eloabder-20&linkCode=osi&th=1&psc=1"><img src="https://m.media-amazon.com/images/I/21feg31K-AS._SL500_.jpg" alt="Product Image"></a><p>LG Styler Steam Closet | Clothes Steamer for Garments and Household Item Care | Sanitize, Deodorize, Freshen & Dry with Steam Technology & Moving Hangers| Easy Install | Wi-Fi enabled| Mirror (S3MFBN)</p><p> -12% 0FF </p><p>$1,495.00</p><a href="https://www.amazon.com/dp/B0932K1LR7?tag=eloabder-20&linkCode=osi&th=1&psc=1">View Product</a></div><div class="product"><a href="https://www.amazon.com/dp/B0CDN1RB64?tag=eloabder-20&linkCode=osi&th=1&psc=1"><img src="https://m.media-amazon.com/images/I/31piNYNA75L._SL500_.jpg" alt="Product Image"></a><p>LG Styler Steam Closet with TrueSteam Technology and Exclusive Moving Hangers (S5WBC), Cream White</p><p> -32% 0FF </p><p>$1,298.00</p><a href="https://www.amazon.com/dp/B0CDN1RB64?tag=eloabder-20&linkCode=osi&th=1&psc=1">View Product</a></div><div class="product"><a href="https://www.amazon.com/dp/B0C55F8L9V?tag=eloabder-20&linkCode=osi&th=1&psc=1"><img src="https://m.media-amazon.com/images/I/31WVZxkPdLL._SL500_.jpg" alt="Product Image"></a><p>Garment Steamer Ironing Gloves and Garment hanger for steaming clothes,Steam rack for clothes,Handheld garment steamer rack,Clothes hanger for steam ironing</p><p> -10% 0FF </p><p>$26.99</p><a href="https://www.amazon.com/dp/B0C55F8L9V?tag=eloabder-20&linkCode=osi&th=1&psc=1">View Product</a></div>

<div class="product"><a href="https://www.amazon.com/dp/B0C2CJWJKJ?tag=eloabder-20&linkCode=osi&th=1&psc=1"><img src="https://m.media-amazon.com/images/I/51RVoLJhhmL._SL500_.jpg" alt="Product Image"></a><p>Metal Pasta Maker Attachment for KitchenAid Mixers -Kitchen aid Mixer Accessories Pasta Attachment 3-in-1 Includes Pasta Roller, Spaghetti Cutter, and Fettuccine Cutter</p><p> -11% 0FF </p><p>$79.99</p><a href="https://www.amazon.com/dp/B0C2CJWJKJ?tag=eloabder-20&linkCode=osi&th=1&psc=1">View Product</a></div><div class="product"><a href="https://www.amazon.com/dp/B01ENK4UV2?tag=eloabder-20&linkCode=osi&th=1&psc=1"><img src="https://m.media-amazon.com/images/I/314A-DNnPtL._SL500_.jpg" alt="Product Image"></a><p>KitchenAid KSMPEXTA Gourmet Pasta Press Attachment with 6 Interchangeable Pasta Plates, White</p><p> -23% 0FF </p><p>$169.99</p><a href="https://www.amazon.com/dp/B01ENK4UV2?tag=eloabder-20&linkCode=osi&th=1&psc=1">View Product</a></div><div class="product"><a href="https://www.amazon.com/dp/B0D41P1V2X?tag=eloabder-20&linkCode=osi&th=1&psc=1"><img src="https://m.media-amazon.com/images/I/41HVCvDVCtL._SL500_.jpg" alt="Product Image"></a><p>FavorKit Pasta Maker Attachment 3 in 1 Set Compatible for KitchenAid Mixers Plus Hub Knob Screw Accessory Included Pasta Sheet Roller, Spaghetti Cutter, Fettuccine Cutter and Cleaning Brush</p><p> -45% 0FF </p><p>$59.99</p><a href="https://www.amazon.com/dp/B0D41P1V2X?tag=eloabder-20&linkCode=osi&th=1&psc=1">View Product</a></div><div class="product"><a href="https://www.amazon.com/dp/B08LX43YVF?tag=eloabder-20&linkCode=osi&th=1&psc=1"><img src="https://m.media-amazon.com/images/I/311wopN+2tL._SL500_.jpg" alt="Product Image"></a><p>Cuisinart Bread, Pasta & Dough Maker Machine, White, PM-1</p><p> -28% 0FF </p><p>$143.99</p><a href="https://www.amazon.com/dp/B08LX43YVF?tag=eloabder-20&linkCode=osi&th=1&psc=1">View Product</a></div><div class="product"><a href="https://www.amazon.com/dp/B0DJMC1XJ8?tag=eloabder-20&linkCode=osi&th=1&psc=1"><img src="https://m.media-amazon.com/images/I/31xmE4brazL._SL500_.jpg" alt="Product Image"></a><p>Pasta Maker Attachment for KitchenAid Stand Mixers with 6 Different Shapes of Pasta Outlet, Durable Pasta Press Attachments</p><p> -44% 0FF </p><p>$49.99</p><a href="https://www.amazon.com/dp/B0DJMC1XJ8?tag=eloabder-20&linkCode=osi&th=1&psc=1">View Product</a></div>
<div class="product"><a href="https://www.amazon.com/dp/B0BQ9F56WV?tag=eloabder-20&linkCode=osi&th=1&psc=1"><img src="https://m.media-amazon.com/images/I/41B6Pr8rUVL._SL500_.jpg" alt="Product Image"></a><p>Anova Culinary Sous Vide Precision Cooker 3.0 (WiFi), 1100 Watts</p><p> -40% 0FF </p><p>$119.00</p><a href="https://www.amazon.com/dp/B0BQ9F56WV?tag=eloabder-20&linkCode=osi&th=1&psc=1">View Product</a></div><div class="product"><a href="https://www.amazon.com/dp/B09BJ5VGM4?tag=eloabder-20&linkCode=osi&th=1&psc=1"><img src="https://m.media-amazon.com/images/I/31lWAHFnoYL._SL500_.jpg" alt="Product Image"></a><p>Sous Vide Machines, Immersion Circulators, Precision Cooker, with Recipe,Temperature and Time Digital Display Control, 1000W</p><p> -17% 0FF </p><p>$49.77</p><a href="https://www.amazon.com/dp/B09BJ5VGM4?tag=eloabder-20&linkCode=osi&th=1&psc=1">View Product</a></div><div class="product"><a href="https://www.amazon.com/dp/B07RNWJZNR?tag=eloabder-20&linkCode=osi&th=1&psc=1"><img src="https://m.media-amazon.com/images/I/51RpzG8PCdL._SL500_.jpg" alt="Product Image"></a><p>Inkbird WIFI Sous Vide Machine ISV-100W, 1000 Watts Sous-Vide Cooker Immersion Circulator with 14 Preset Recipes on APP & Calibration Function, Thermal Immersion, Fast-Heating with Timer |Best Gift</p><p> -21% 0FF </p><p>$69.49</p><a href="https://www.amazon.com/dp/B07RNWJZNR?tag=eloabder-20&linkCode=osi&th=1&psc=1">View Product</a></div><div class="product"><a href="https://www.amazon.com/dp/B07QFC6LN6?tag=eloabder-20&linkCode=osi&th=1&psc=1"><img src="https://m.media-amazon.com/images/I/41XFRVF7U4L._SL500_.jpg" alt="Product Image"></a><p>Anova Culinary Sous Vide Precision Cooker Pro, 1200 Watts, Black and Silver</p><p> -42% 0FF </p><p>$231.50</p><a href="https://www.amazon.com/dp/B07QFC6LN6?tag=eloabder-20&linkCode=osi&th=1&psc=1">View Product</a></div><div class="product"><a href="https://www.amazon.com/dp/B0C384T4P2?tag=eloabder-20&linkCode=osi&th=1&psc=1"><img src="https://m.media-amazon.com/images/I/217eMQhOaUL._SL500_.jpg" alt="Product Image"></a><p>Breville the Joule Turbo Sous Vide Machine, Sous Vide Cooker, Immersion Circulator, BSV600PSS, Polished Stainless Steel</p><p> -20% 0FF </p><p>$199.99</p><a href="https://www.amazon.com/dp/B0C384T4P2?tag=eloabder-20&linkCode=osi&th=1&psc=1">View Product</a></div><div class="product"><a href="https://www.amazon.com/dp/B08S316BZ8?tag=eloabder-20&linkCode=osi&th=1&psc=1"><img src="https://m.media-amazon.com/images/I/419Nj871gPL._SL500_.jpg" alt="Product Image"></a><p>Greater Goods Kitchen Sous Vide Machine - Precision Cooker, Immersion Circulator, Brushless Motor, 1100 Watts (Onyx Black)</p><p> -23% 0FF </p><p>$99.99</p><a href="https://www.amazon.com/dp/B08S316BZ8?tag=eloabder-20&linkCode=osi&th=1&psc=1">View Product</a></div><div class="product"><a href="https://www.amazon.com/dp/B0BK12LRCM?tag=eloabder-20&linkCode=osi&th=1&psc=1"><img src="https://m.media-amazon.com/images/I/415kAnZQbQL._SL500_.jpg" alt="Product Image"></a><p>KitchenBoss WIFI Sous Vide Cooker: Ultra-Quiet Sous-vide Cooking Machine 1100 Watts Stainless Steel Immersion Circulator for Kitchen with TFT Preset Recipes, Black</p><p> -24% 0FF </p><p>$135.99</p><a href="https://www.amazon.com/dp/B0BK12LRCM?tag=eloabder-20&linkCode=osi&th=1&psc=1">View Product</a></div>
<div class="product"><a href="https://www.amazon.com/dp/B089DCC9JR?tag=eloabder-20&linkCode=osi&th=1&psc=1"><img src="https://m.media-amazon.com/images/I/413t3P7zaRL._SL500_.jpg" alt="Product Image"></a><p>Navaris Electric Plate Warmer - 10 Plate Blanket Heater Pockets for Warming Dinner Plates to 165 Degrees in 10 Minutes - Thin Folding Design - Black</p><p> -8% 0FF </p><p>$33.99</p><a href="https://www.amazon.com/dp/B089DCC9JR?tag=eloabder-20&linkCode=osi&th=1&psc=1">View Product</a></div>
<div class="product"><a href="https://www.amazon.com/dp/B0C1N9PFXT?tag=eloabder-20&linkCode=osi&th=1&psc=1"><img src="https://m.media-amazon.com/images/I/51iiV--e5wL._SL500_.jpg" alt="Product Image"></a><p>Christmas Stove Top Covers, Extra Large Stove Top Cover for Electric, Anti-Slip Waterproof Mat for Glass Stove Top Protector Heat Resistant Square Pad Multipurpose Foldable Cooktop Cover</p><p> -8% 0FF </p><p>$23.99</p><a href="https://www.amazon.com/dp/B0C1N9PFXT?tag=eloabder-20&linkCode=osi&th=1&psc=1">View Product</a></div>

<div class="product"><a href="https://www.amazon.com/dp/B0932ZV12J?tag=eloabder-20&linkCode=osi&th=1&psc=1"><img src="https://m.media-amazon.com/images/I/41qhisDRAIL._SL500_.jpg" alt="Product Image"></a><p>TP01 True HEPA Replacement Filter Compatible with Dyson Tower Purifier Pure Cool Link TP01, TP02, TP03, AM11, BP01 Models, Compare to Part 968126-03, 2 Pack</p><p> -15% 0FF </p><p>$27.95 ($13.98 / Count)</p><a href="https://www.amazon.com/dp/B0932ZV12J?tag=eloabder-20&linkCode=osi&th=1&psc=1">View Product</a></div><div class="product"><a href="https://www.amazon.com/dp/B0D6D5Q5L2?tag=eloabder-20&linkCode=osi&th=1&psc=1"><img src="https://m.media-amazon.com/images/I/21URyRtgElL._SL500_.jpg" alt="Product Image"></a><p>Lasko Filter Replacement 3 Pack for DST100 Pinnacle Tower Fan, Plant-Based Filters, Remove Hair, Dust, VOCs and Odors from Home, Black, 21”, CXF42</p><p> -9% 0FF </p><p>$13.57 ($4.52 / Count)</p><a href="https://www.amazon.com/dp/B0D6D5Q5L2?tag=eloabder-20&linkCode=osi&th=1&psc=1">View Product</a></div><div class="product"><a href="https://www.amazon.com/dp/B0C16KXRNH?tag=eloabder-20&linkCode=osi&th=1&psc=1"><img src="https://m.media-amazon.com/images/I/41WJFefZ4ZL._SL500_.jpg" alt="Product Image"></a><p>Amalfy 2 Pack of 360° Glass HEPA Filter Replacement Compatible with Dyson Pure Cool Link TP01/TP02 Purifying Tower Fan, Dyson Pure Cool Me BP01 Personal Purifying Fan</p><p> -7% 0FF </p><p>$26.88 ($13.44 / Count)</p><a href="https://www.amazon.com/dp/B0C16KXRNH?tag=eloabder-20&linkCode=osi&th=1&psc=1">View Product</a></div><div class="product"><a href="https://www.amazon.com/dp/B0BR59XXWM?tag=eloabder-20&linkCode=osi&th=1&psc=1"><img src="https://m.media-amazon.com/images/I/41tUzZA5emL._SL500_.jpg" alt="Product Image"></a><p>Netezza TP01 HEPA Filter for Dyson,Replacement Filter for Dyson Tower Purifier Pure Cool Link TP01, TP02, TP03, AM11, BP01 Tower Air Purifier, Compare to Part 968126-03,2 Pack</p><p> -20% 0FF </p><p>$21.99 ($11.00 / Count)</p><a href="https://www.amazon.com/dp/B0BR59XXWM?tag=eloabder-20&linkCode=osi&th=1&psc=1">View Product</a></div>
<div class="product"><a href="https://www.amazon.com/dp/B07NQ7SX96?tag=eloabder-20&linkCode=osi&th=1&psc=1"><img src="https://m.media-amazon.com/images/I/31Mp+dZaF4L._SL500_.jpg" alt="Product Image"></a><p>Lutron Pico Smart Remote for Caseta Smart Fan Speed Control, PJ2-3BRL-GIV-F01, Ivory</p><p> -25% 0FF </p><p>$25.45</p><a href="https://www.amazon.com/dp/B07NQ7SX96?tag=eloabder-20&linkCode=osi&th=1&psc=1">View Product</a></div>
<div class="product"><a href="https://www.amazon.com/dp/B08G1MTK16?tag=eloabder-20&linkCode=osi&th=1&psc=1"><img src="https://m.media-amazon.com/images/I/41SAcC6OyGL._SL500_.jpg" alt="Product Image"></a><p>Dotlite Bronze Ceiling Fan Pull Chain Set, Decorative Fan Pull Chain Pendant Extension, 12 Inches Lighting & Fan Beaded Ball Chain Extender with Connector (2 Pack)</p><p> -30% 0FF </p><p>$6.99 ($3.50 / Count)</p><a href="https://www.amazon.com/dp/B08G1MTK16?tag=eloabder-20&linkCode=osi&th=1&psc=1">View Product</a></div>
<div class="product"><a href="https://www.amazon.com/dp/B0924J3XJ5?tag=eloabder-20&linkCode=osi&th=1&psc=1"><img src="https://m.media-amazon.com/images/I/21TiicLaafL._SL500_.jpg" alt="Product Image"></a><p>Comfee' CVU30W2AST 30 Inch Ducted Ductless Vent Durable Stainless Steel Kitchen Reusable Filter, 200 CFM, 2 Speed Exhaust Fan Under Cabinet Range Hood</p><p> -22% 0FF </p><p>$69.99</p><a href="https://www.amazon.com/dp/B0924J3XJ5?tag=eloabder-20&linkCode=osi&th=1&psc=1">View Product</a></div><div class="product"><a href="https://www.amazon.com/dp/B00QW2CUGC?tag=eloabder-20&linkCode=osi&th=1&psc=1"><img src="https://m.media-amazon.com/images/I/51evCHlA3yL._SL500_.jpg" alt="Product Image"></a><p>Broan-NuTone S97012026 Fan</p><p> -32% 0FF </p><p>$33.99</p><a href="https://www.amazon.com/dp/B00QW2CUGC?tag=eloabder-20&linkCode=osi&th=1&psc=1">View Product</a></div><div class="product"><a href="https://www.amazon.com/dp/B09JZZJ2Y1?tag=eloabder-20&linkCode=osi&th=1&psc=1"><img src="https://m.media-amazon.com/images/I/41fdKM9nvxL._SL500_.jpg" alt="Product Image"></a><p>Broan-NuTone PM300SS Custom Power Pack Range Hood Insert with 2-Speed Exhaust Fan and Light, 300 Max Blower CFM, Stainless Steel, 21-Inch Built</p><p> -7% 0FF </p><p>$203.10</p><a href="https://www.amazon.com/dp/B09JZZJ2Y1?tag=eloabder-20&linkCode=osi&th=1&psc=1">View Product</a></div><div class="product"><a href="https://www.amazon.com/dp/B000KKO6E6?tag=eloabder-20&linkCode=osi&th=1&psc=1"><img src="https://m.media-amazon.com/images/I/31t4veALoUL._SL500_.jpg" alt="Product Image"></a><p>Broan-NuTone F403623 Exhaust Fan for Under Cabinet Two-Speed Four-Way Range Hood, 36-Inch, Black</p><p> -15% 0FF </p><p>$79.54</p><a href="https://www.amazon.com/dp/B000KKO6E6?tag=eloabder-20&linkCode=osi&th=1&psc=1">View Product</a></div>
<div class="product"><a href="https://www.amazon.com/dp/B07FDJMC9Q?tag=eloabder-20&linkCode=osi&th=1&psc=1"><img src="https://m.media-amazon.com/images/I/31MBSKiZOPL._SL500_.jpg" alt="Product Image"></a><p>Ninja Air Fryer, Roast, Bake, Air Fry, Roast, Broil, Reheats, & Dehydrates, 4-in-1, Fries, Frozen Food, Veggies, and Juicy Meat, Less Oil, Easy Meals, Healthy Meals, Compact, 4 QT, Grey, AF101</p><p> -11% 0FF </p><p>$79.99</p><a href="https://www.amazon.com/dp/B07FDJMC9Q?tag=eloabder-20&linkCode=osi&th=1&psc=1">View Product</a></div><div class="product"><a href="https://www.amazon.com/dp/B0B15Q3HCQ?tag=eloabder-20&linkCode=osi&th=1&psc=1"><img src="https://m.media-amazon.com/images/I/41iJ87aPT8L._SL500_.jpg" alt="Product Image"></a><p>Ninja Air Fryer, Thermometer, Roast, Bake, Air Fry, Crisps, Broil, Reheats, Keep Warm, 10-in-1, Fries, Frozen Food, Veggies, and Meat, Quick Meals, Healthy Meals, Less Oil, 10 QT, Grey, DZ550​</p><p> -18% 0FF </p><p>$204.78</p><a href="https://www.amazon.com/dp/B0B15Q3HCQ?tag=eloabder-20&linkCode=osi&th=1&psc=1">View Product</a></div><div class="product"><a href="https://www.amazon.com/dp/B0BDFRZX3F?tag=eloabder-20&linkCode=osi&th=1&psc=1"><img src="https://m.media-amazon.com/images/I/41pyLTPPKOL._SL500_.jpg" alt="Product Image"></a><p>COSORI 2.1Qt Air Fryer, Small 4-in-1 Air Fryer Perfect for Simple Meals and Snack, Easy to Leftover Food to Crispy, 97% Less Oil, 30 In-App Recipes, Nonstick & Dishwasher Safe Basket</p><p> -17% 0FF </p><p>$49.99</p><a href="https://www.amazon.com/dp/B0BDFRZX3F?tag=eloabder-20&linkCode=osi&th=1&psc=1">View Product</a></div><div class="product"><a href="https://www.amazon.com/dp/B0936FGLQS?tag=eloabder-20&linkCode=osi&th=1&psc=1"><img src="https://m.media-amazon.com/images/I/41TKOcGeZzL._SL500_.jpg" alt="Product Image"></a><p>COSORI Air Fryer 9-in-1, Compact 5-Qt, Perect for Meat Enthusiasts with 450°F Max Heat Function , 130+ In-App Recipes, Little to No Oil, Easy Clean Glass Touch Panel & Nonstick Basket, Gray</p><p> -20% 0FF </p><p>$79.94</p><a href="https://www.amazon.com/dp/B0936FGLQS?tag=eloabder-20&linkCode=osi&th=1&psc=1">View Product</a></div><div class="product"><a href="https://www.amazon.com/dp/B0CGRYRBL7?tag=eloabder-20&linkCode=osi&th=1&psc=1"><img src="https://m.media-amazon.com/images/I/41jspc2TDCL._SL500_.jpg" alt="Product Image"></a><p>West Bend Compact Air Fryer 5-Quart Capacity with Digital Controls and 10 Cooking Presets, Nonstick Frying Basket, 1500-Watts, Black</p><p> -21% 0FF </p><p>$47.29</p><a href="https://www.amazon.com/dp/B0CGRYRBL7?tag=eloabder-20&linkCode=osi&th=1&psc=1">View Product</a></div><div class="product"><a href="https://www.amazon.com/dp/B08DKYBTPH?tag=eloabder-20&linkCode=osi&th=1&psc=1"><img src="https://m.media-amazon.com/images/I/51PO1kLlN6L._SL500_.jpg" alt="Product Image"></a><p>Chefman TurboFry® Touch Air Fryer, XL 8-Qt Family Size, One-Touch Digital Control Presets, French Fries, Chicken, Meat, Fish, Nonstick Dishwasher-Safe Parts, Automatic Shutoff, Stainless Steel</p><p> -29% 0FF </p><p>$84.98</p><a href="https://www.amazon.com/dp/B08DKYBTPH?tag=eloabder-20&linkCode=osi&th=1&psc=1">View Product</a></div>
<div class="product"><a href="https://www.amazon.com/dp/B000EX16RY?tag=eloabder-20&linkCode=osi&th=1&psc=1"><img src="https://m.media-amazon.com/images/I/41LqsX6dEML._SL500_.jpg" alt="Product Image"></a><p>Euro Cuisine YM80 Electric Yogurt Maker Machine- Promote Gut Health with Probiotic Rich Homemade Yogurt -Home Yogurt Incubator with Glass Jars, White</p><p> -40% 0FF </p><p>$29.99</p><a href="https://www.amazon.com/dp/B000EX16RY?tag=eloabder-20&linkCode=osi&th=1&psc=1">View Product</a></div><div class="product"><a href="https://www.amazon.com/dp/B085XS69L5?tag=eloabder-20&linkCode=osi&th=1&psc=1"><img src="https://m.media-amazon.com/images/I/41JEca97hnL._SL500_.jpg" alt="Product Image"></a><p>Bear Yogurt Maker, Greek Yogurt Maker Machine with Strainer and Timer Control, Stainless Steel Inner Pot, Automatic Digital with 2 Glass Jars 1 Quart for Home Organic Yogurt, Cheese, Fruit Wine</p><p> -19% 0FF </p><p>$64.99</p><a href="https://www.amazon.com/dp/B085XS69L5?tag=eloabder-20&linkCode=osi&th=1&psc=1">View Product</a></div><div class="product"><a href="https://www.amazon.com/dp/B09MP8BK8P?tag=eloabder-20&linkCode=osi&th=1&psc=1"><img src="https://m.media-amazon.com/images/I/41ORh3ZvMrL._SL500_.jpg" alt="Product Image"></a><p>JoyMech Yogurt Maker, Compact Greek Yogurt Maker Machine with Constant Temperature Control, Stainless Steel Container, 1 Quart for Home Organic Yogurt</p><p> -25% 0FF </p><p>$29.99</p><a href="https://www.amazon.com/dp/B09MP8BK8P?tag=eloabder-20&linkCode=osi&th=1&psc=1">View Product</a></div>
<div class="product"><a href="https://www.amazon.com/dp/B0BXSKHL8D?tag=eloabder-20&linkCode=osi&th=1&psc=1"><img src="https://m.media-amazon.com/images/I/419rzQjVpiL._SL500_.jpg" alt="Product Image"></a><p>Mesliese Vacuum Sealer Machine Powerful 90Kpa Precision 6-in-1 Compact Food Preservation System with Cutter, 2 Bag Rolls & 5 Pre-cut Bags, Widened 12mm Sealing Strip, Dry&Moist Modes (Silver)</p><p> -42% 0FF </p><p>$69.99</p><a href="https://www.amazon.com/dp/B0BXSKHL8D?tag=eloabder-20&linkCode=osi&th=1&psc=1">View Product</a></div><div class="product"><a href="https://www.amazon.com/dp/B08BRN1B7Q?tag=eloabder-20&linkCode=osi&th=1&psc=1"><img src="https://m.media-amazon.com/images/I/41B5yUrv3IL._SL500_.jpg" alt="Product Image"></a><p>POTANE Precision Vacuum Sealer Machine, Powerful Pro Vacuum Food Sealer, 8-in-1 Easy Presets, 4 Food Modes, Dry&Moist&Soft&Delicate with Starter Kit, Compact Design(Silver)</p><p> -29% 0FF </p><p>$84.98</p><a href="https://www.amazon.com/dp/B08BRN1B7Q?tag=eloabder-20&linkCode=osi&th=1&psc=1">View Product</a></div><div class="product"><a href="https://www.amazon.com/dp/B0CW2G9W1T?tag=eloabder-20&linkCode=osi&th=1&psc=1"><img src="https://m.media-amazon.com/images/I/51IAX5BLMkL._SL500_.jpg" alt="Product Image"></a><p>Bonsenkitchen Vacuum Sealer Machine, Fast-Compact Food Sealer, Multi-Functional Food Vacuum Sealer with 5 Vacuum Bags & Accessory Hose, Globefish Technology for High-Speed Continuous Working, Silver</p><p> -40% 0FF </p><p>$29.99</p><a href="https://www.amazon.com/dp/B0CW2G9W1T?tag=eloabder-20&linkCode=osi&th=1&psc=1">View Product</a></div><div class="product"><a href="https://www.amazon.com/dp/B0D8BB83Y1?tag=eloabder-20&linkCode=osi&th=1&psc=1"><img src="https://m.media-amazon.com/images/I/41pEdOT1LVL._SL500_.jpg" alt="Product Image"></a><p>Mesliese Vacuum Sealer Machine, 85kPa 120W Automatic Food Sealer, Powerful Sealing System, Build-in Cutter | Bags Storage | Moist Mode and Air Suction Hose | 2 Bag Rolls and 5pcs Pre-cut Bags</p><p> -23% 0FF </p><p>$99.99</p><a href="https://www.amazon.com/dp/B0D8BB83Y1?tag=eloabder-20&linkCode=osi&th=1&psc=1">View Product</a></div><div class="product"><a href="https://www.amazon.com/dp/B07B4W5PMB?tag=eloabder-20&linkCode=osi&th=1&psc=1"><img src="https://m.media-amazon.com/images/I/41c7aLA6wtL._SL500_.jpg" alt="Product Image"></a><p>GERYON Vacuum Sealer, Vacuum Sealer Machine for Food Storage with Sealer Bags & Roll, Automatic Food Sealer for Sous Vide, Compact Design, LED Lights, Easy to Clean, Dry & Moist Modes (Silver)</p><p> -15% 0FF </p><p>$35.70</p><a href="https://www.amazon.com/dp/B07B4W5PMB?tag=eloabder-20&linkCode=osi&th=1&psc=1">View Product</a></div><div class="product"><a href="https://www.amazon.com/dp/B01KCK9W1K?tag=eloabder-20&linkCode=osi&th=1&psc=1"><img src="https://m.media-amazon.com/images/I/41imUh6Fx+L._SL500_.jpg" alt="Product Image"></a><p>Nesco Deluxe Food VS-12 Vacuum Sealer, 130 Watts, Kit Bags & Viewing Lid, Compact, Silver</p><p> -18% 0FF </p><p>$114.69 ($114.69 / count)</p><a href="https://www.amazon.com/dp/B01KCK9W1K?tag=eloabder-20&linkCode=osi&th=1&psc=1">View Product</a></div><div class="product"><a href="https://www.amazon.com/dp/B08XJW5LHG?tag=eloabder-20&linkCode=osi&th=1&psc=1"><img src="https://m.media-amazon.com/images/I/51XpZ5cHWqL._SL500_.jpg" alt="Product Image"></a><p>2023 Updated Vacuum Sealer Machine, MEGAWISE Food Sealer w/Starter Kit, Dry & Moist Food Modes, Compact Design with 10 Vacuum Bags & Bulit-in Cutter(Grey)</p><p> -24% 0FF </p><p>$25.10</p><a href="https://www.amazon.com/dp/B08XJW5LHG?tag=eloabder-20&linkCode=osi&th=1&psc=1">View Product</a></div><div class="product"><a href="https://www.amazon.com/dp/B0DF7F9QNG?tag=eloabder-20&linkCode=osi&th=1&psc=1"><img src="https://m.media-amazon.com/images/I/51W8Bchue6L._SL500_.jpg" alt="Product Image"></a><p>BEYUAM Vacuum Sealer Machine: Upgraded 5 in1 Food Vacuum Sealer with Dry&Moist Modes, LED Indicator Lights, Compact Design, Includes 15PCS Vacuum Seal Bags,1 Air Suction Hose, 1Cutter</p><p> -30% 0FF </p><p>$20.99</p><a href="https://www.amazon.com/dp/B0DF7F9QNG?tag=eloabder-20&linkCode=osi&th=1&psc=1">View Product</a></div>
<div class="product"><a href="https://www.amazon.com/dp/B01AKTFK6Y?tag=eloabder-20&linkCode=osi&th=1&psc=1"><img src="https://m.media-amazon.com/images/I/31ayy5SDEeL._SL500_.jpg" alt="Product Image"></a><p>Avalon Bottom Loading Water Cooler Water Dispenser with BioGuard- 3 Temperature Settings - Hot, Cold & Room Water, Durable Stainless Steel Construction, Anti-Microbial Coating- UL Listed</p><p> -11% 0FF </p><p>$177.05</p><a href="https://www.amazon.com/dp/B01AKTFK6Y?tag=eloabder-20&linkCode=osi&th=1&psc=1">View Product</a></div><div class="product"><a href="https://www.amazon.com/dp/B06XJ86F7L?tag=eloabder-20&linkCode=osi&th=1&psc=1"><img src="https://m.media-amazon.com/images/I/41ZROGKK8KL._SL500_.jpg" alt="Product Image"></a><p>Avalon Self Cleaning Bottleless Water Cooler Water Dispenser - 3 Temperature Settings - Hot, Cold & Room Water, Durable Stainless Steel Cabinet, NSF Certified Filter- UL Listed</p><p> -33% 0FF </p><p>$199.99</p><a href="https://www.amazon.com/dp/B06XJ86F7L?tag=eloabder-20&linkCode=osi&th=1&psc=1">View Product</a></div><div class="product"><a href="https://www.amazon.com/dp/B01J1W7S34?tag=eloabder-20&linkCode=osi&th=1&psc=1"><img src="https://m.media-amazon.com/images/I/31-F2Hf3T3L._SL500_.jpg" alt="Product Image"></a><p>Avalon Limited Edition Self Cleaning Water Cooler Water Dispenser - 3 Temperature Settings - Hot, Cold & Room Water, Durable Stainless Steel Construction, Bottom Loading - UL Listed</p><p> -50% 0FF </p><p>$150.00</p><a href="https://www.amazon.com/dp/B01J1W7S34?tag=eloabder-20&linkCode=osi&th=1&psc=1">View Product</a></div><div class="product"><a href="https://www.amazon.com/dp/B0DK1BRVFH?tag=eloabder-20&linkCode=osi&th=1&psc=1"><img src="https://m.media-amazon.com/images/I/213Scb+FXHL._SL500_.jpg" alt="Product Image"></a><p>Tehanld Top Loading Water Cooler Dispenser Hot Cold & Cool Water Dispenser for 3 or 5 Gallon Bottles, Child Safety Lock, Simple Quite Design, Ideal for Home, Office, Living Room</p><p> -6% 0FF </p><p>$119.99</p><a href="https://www.amazon.com/dp/B0DK1BRVFH?tag=eloabder-20&linkCode=osi&th=1&psc=1">View Product</a></div>
<div class="product"><a href="https://www.amazon.com/dp/B0786TJC33?tag=eloabder-20&linkCode=osi&th=1&psc=1"><img src="https://m.media-amazon.com/images/I/41frLdkbpPL._SL500_.jpg" alt="Product Image"></a><p>hOmeLabs Beverage Refrigerator and Cooler - 120 Can Mini Fridge with Glass Door for Soda Beer or Wine - Small Drink Dispenser Machine for Office or Bar with Adjustable Removable Shelves</p><p> -14% 0FF </p><p>$299.99</p><a href="https://www.amazon.com/dp/B0786TJC33?tag=eloabder-20&linkCode=osi&th=1&psc=1">View Product</a></div><div class="product"><a href="https://www.amazon.com/dp/B07F9PH82Z?tag=eloabder-20&linkCode=osi&th=1&psc=1"><img src="https://m.media-amazon.com/images/I/41DBsObCijL._SL500_.jpg" alt="Product Image"></a><p>Antarctic Star 26 Bottle 130 Can Wine Cooler/Cabinet Beverage Refrigerator Mini Wine Cellar Beer Soda Clear Glass Door Bar Fridge Quiet Compressor Adjust Temp Freestanding Indoor Use 3.2cu.ft Black</p><p> -7% 0FF </p><p>$249.98</p><a href="https://www.amazon.com/dp/B07F9PH82Z?tag=eloabder-20&linkCode=osi&th=1&psc=1">View Product</a></div><div class="product"><a href="https://www.amazon.com/dp/B0C1S3RB9Q?tag=eloabder-20&linkCode=osi&th=1&psc=1"><img src="https://m.media-amazon.com/images/I/519o+StfLML._SL500_.jpg" alt="Product Image"></a><p>Antarctic Star Beverage Refrigerator Cooler 68 Can, Mini Fridge with Glass Door for Beer Drinks Wine,Freestanding Small Fridge with Electronic Temperature Control for Home and Bar,1.7 cu.ft</p><p> -10% 0FF </p><p>$152.99</p><a href="https://www.amazon.com/dp/B0C1S3RB9Q?tag=eloabder-20&linkCode=osi&th=1&psc=1">View Product</a></div>
<div class="product"><a href="https://www.amazon.com/dp/B0864P1L3Y?tag=eloabder-20&linkCode=osi&th=1&psc=1"><img src="https://m.media-amazon.com/images/I/41YjtUvRvIL._SL500_.jpg" alt="Product Image"></a><p>Ivation 18 Bottle Compressor Wine Cooler Refrigerator w/Lock, Large Freestanding Wine Cellar For Red, White, Champagne or Sparkling Wine, 41f-64f Digital Temperature Control Fridge Glass Door Black</p><p> -32% 0FF </p><p>$224.99</p><a href="https://www.amazon.com/dp/B0864P1L3Y?tag=eloabder-20&linkCode=osi&th=1&psc=1">View Product</a></div><div class="product"><a href="https://www.amazon.com/dp/B0C2F2JY88?tag=eloabder-20&linkCode=osi&th=1&psc=1"><img src="https://m.media-amazon.com/images/I/41CVJtUWA9L._SL500_.jpg" alt="Product Image"></a><p>DUURA Elite DE430WCDZSS Wine Cooler Designer Series Dual-Zone, 46-Bottle, Metallic</p><p> -10% 0FF </p><p>$262.81</p><a href="https://www.amazon.com/dp/B0C2F2JY88?tag=eloabder-20&linkCode=osi&th=1&psc=1">View Product</a></div>
<div class="product"><a href="https://www.amazon.com/dp/B0C4NH7Q1Z?tag=eloabder-20&linkCode=osi&th=1&psc=1"><img src="https://m.media-amazon.com/images/I/41huzzh73qL._SL500_.jpg" alt="Product Image"></a><p>VEVOR Beer Kegerator, Single Tap Draft Beer Dispenser, Full Size Keg Refrigerator With Shelves, CO2 Cylinder, Drip Tray & Rail, 32°F- 50°F Temperature Control, Holds 1/6, 1/4, 1/2 Barrels, Black</p><p> -14% 0FF </p><p>$528.27</p><a href="https://www.amazon.com/dp/B0C4NH7Q1Z?tag=eloabder-20&linkCode=osi&th=1&psc=1">View Product</a></div><div class="product"><a href="https://www.amazon.com/dp/B0170O0D82?tag=eloabder-20&linkCode=osi&th=1&psc=1"><img src="https://m.media-amazon.com/images/I/31niLclMC1L._SL500_.jpg" alt="Product Image"></a><p>EdgeStar KC2000TWIN Full Size Dual Tap Kegerator & Draft Beer Dispenser - Black</p><p> -7% 0FF </p><p>$719.00</p><a href="https://www.amazon.com/dp/B0170O0D82?tag=eloabder-20&linkCode=osi&th=1&psc=1">View Product</a></div><div class="product"><a href="https://www.amazon.com/dp/B00E7N4CXM?tag=eloabder-20&linkCode=osi&th=1&psc=1"><img src="https://m.media-amazon.com/images/I/31tI6VySYqL._SL500_.jpg" alt="Product Image"></a><p>Kegco K309B-1 Kegerator Black, 2 Faucet</p><p> -9% 0FF </p><p>$828.14</p><a href="https://www.amazon.com/dp/B00E7N4CXM?tag=eloabder-20&linkCode=osi&th=1&psc=1">View Product</a></div><div class="product"><a href="https://www.amazon.com/dp/B00E93XXZ8?tag=eloabder-20&linkCode=osi&th=1&psc=1"><img src="https://m.media-amazon.com/images/I/31K6I3DKW6L._SL500_.jpg" alt="Product Image"></a><p>Kegco K309SS-1 Keg Dispenser, Stainless Steel</p><p> -5% 0FF </p><p>$845.33</p><a href="https://www.amazon.com/dp/B00E93XXZ8?tag=eloabder-20&linkCode=osi&th=1&psc=1">View Product</a></div>
<div class="product"><a href="https://www.amazon.com/dp/B0D78LGPXY?tag=eloabder-20&linkCode=osi&th=1&psc=1"><img src="https://m.media-amazon.com/images/I/41bekd23sDL._SL500_.jpg" alt="Product Image"></a><p>ikare Manual Trash Compactor for 60-100L Bins, Trash Compactor for Kitchen, Portable Small Trash Compactor, Waste Bin Compactor for Fast Food Restaurant</p><p> -34% 0FF </p><p>$38.99</p><a href="https://www.amazon.com/dp/B0D78LGPXY?tag=eloabder-20&linkCode=osi&th=1&psc=1">View Product</a></div><div class="product"><a href="https://www.amazon.com/dp/B075DJ4ZVQ?tag=eloabder-20&linkCode=osi&th=1&psc=1"><img src="https://m.media-amazon.com/images/I/51Vaek4I89L._SL500_.jpg" alt="Product Image"></a><p>Dano Pre-Cuffed Compactor Bags</p><p> -18% 0FF </p><p>$32.95 ($2.75 / Count)</p><a href="https://www.amazon.com/dp/B075DJ4ZVQ?tag=eloabder-20&linkCode=osi&th=1&psc=1">View Product</a></div>
<div class="product"><a href="https://www.amazon.com/dp/B07HJS45XQ?tag=eloabder-20&linkCode=osi&th=1&psc=1"><img src="https://m.media-amazon.com/images/I/31NTMREf9kL._SL500_.jpg" alt="Product Image"></a><p>iRobot Authentic Replacement Parts - 3 Count (Pack of 1) Dirt Disposal Bags Compatible with Roomba Clean Base Models i1+, i3+, i4+, i5+, i7+, i8+, Combo j8+, j9+</p><p> -15% 0FF </p><p>$14.43 ($4.81 / Count)</p><a href="https://www.amazon.com/dp/B07HJS45XQ?tag=eloabder-20&linkCode=osi&th=1&psc=1">View Product</a></div><div class="product"><a href="https://www.amazon.com/dp/B09CV3QGF2?tag=eloabder-20&linkCode=osi&th=1&psc=1"><img src="https://m.media-amazon.com/images/I/31VQqEzbeJL._SL500_.jpg" alt="Product Image"></a><p>iRobot Authentic Replacement Parts - Replenishment Kit for Roomba e, i, and j Series and Roomba Combo i5 and j5 Series, Not Compatible with Roomba Combo j7+ or Roomba Combo j9+</p><p> -51% 0FF </p><p>$31.57</p><a href="https://www.amazon.com/dp/B09CV3QGF2?tag=eloabder-20&linkCode=osi&th=1&psc=1">View Product</a></div><div class="product"><a href="https://www.amazon.com/dp/B07C4SGM54?tag=eloabder-20&linkCode=osi&th=1&psc=1"><img src="https://m.media-amazon.com/images/I/41ZWLocYKkL._SL500_.jpg" alt="Product Image"></a><p>iRobot 4502233 Robot Vacuum, Black</p><p> -6% 0FF </p><p>$84.50</p><a href="https://www.amazon.com/dp/B07C4SGM54?tag=eloabder-20&linkCode=osi&th=1&psc=1">View Product</a></div>
<div class="product"><a href="https://www.amazon.com/dp/B01NHEU1DJ?tag=eloabder-20&linkCode=osi&th=1&psc=1"><img src="https://m.media-amazon.com/images/I/21CK7T8v9HS._SL500_.jpg" alt="Product Image"></a><p>BLACK+DECKER HFS115J10 Lithium Floor Sweeper 50 Min Lithium Floor Sweeper, Powder White</p><p> -30% 0FF </p><p>$34.81</p><a href="https://www.amazon.com/dp/B01NHEU1DJ?tag=eloabder-20&linkCode=osi&th=1&psc=1">View Product</a></div>
<div class="product"><a href="https://www.amazon.com/dp/B088M3G7QH?tag=eloabder-20&linkCode=osi&th=1&psc=1"><img src="https://m.media-amazon.com/images/I/41qSwWLksEL._SL500_.jpg" alt="Product Image"></a><p>Yocada Carpet Sweeper Cleaner for Home Office Low Carpets Rugs Undercoat Carpets Pet Hair Dust Scraps Paper Small Rubbish Cleaning with a Brush Green</p><p> -13% 0FF </p><p>$25.99</p><a href="https://www.amazon.com/dp/B088M3G7QH?tag=eloabder-20&linkCode=osi&th=1&psc=1">View Product</a></div><div class="product"><a href="https://www.amazon.com/dp/B087M125SV?tag=eloabder-20&linkCode=osi&th=1&psc=1"><img src="https://m.media-amazon.com/images/I/31FnLu2oAAL._SL500_.jpg" alt="Product Image"></a><p>JEHONN Carpet Floor Sweeper with Horsehair, Non Electric Manual Sweeping, Rotor Brush Heavy Duty for Pet Hair Clean</p><p> -22% 0FF </p><p>$24.99</p><a href="https://www.amazon.com/dp/B087M125SV?tag=eloabder-20&linkCode=osi&th=1&psc=1">View Product</a></div><div class="product"><a href="https://www.amazon.com/dp/B07HGWZ7LG?tag=eloabder-20&linkCode=osi&th=1&psc=1"><img src="https://m.media-amazon.com/images/I/31-FhS9ID4L._SL500_.jpg" alt="Product Image"></a><p>Dttery 3 Post + 3 Foam & Felt Filters Kit Replacement for Shark Rocket Ultra-Light Vacuum HV292, HV300, HV300W, HV301, HV302, HV303, HV305, HV308, HV310, UV450 Part XFFV300</p><p> -25% 0FF </p><p>$11.97 ($3.99 / Count)</p><a href="https://www.amazon.com/dp/B07HGWZ7LG?tag=eloabder-20&linkCode=osi&th=1&psc=1">View Product</a></div>
<div class="product"><a href="https://www.amazon.com/dp/B004FJTMO2?tag=eloabder-20&linkCode=osi&th=1&psc=1"><img src="https://m.media-amazon.com/images/I/41Y9YbOYswL._SL500_.jpg" alt="Product Image"></a><p>Collections Etc Grandma Upright Vacuum Cleaner Cover</p><p> -9% 0FF </p><p>$29.98</p><a href="https://www.amazon.com/dp/B004FJTMO2?tag=eloabder-20&linkCode=osi&th=1&psc=1">View Product</a></div><div class="product"><a href="https://www.amazon.com/dp/B00Q40F0S2?tag=eloabder-20&linkCode=osi&th=1&psc=1"><img src="https://m.media-amazon.com/images/I/41T1H0EditL._SL500_.jpg" alt="Product Image"></a><p>Kenmore 53294 6 Pack Type O HEPA Vacuum Bags for Upright Vacuums</p><p> -7% 0FF </p><p>$16.70 ($2.78 / Count)</p><a href="https://www.amazon.com/dp/B00Q40F0S2?tag=eloabder-20&linkCode=osi&th=1&psc=1">View Product</a></div><div class="product"><a href="https://www.amazon.com/dp/B00002N8DH?tag=eloabder-20&linkCode=osi&th=1&psc=1"><img src="https://m.media-amazon.com/images/I/31z6U7Xz5OL._SL500_.jpg" alt="Product Image"></a><p>Hoover Type Y Allergen Bags, for WindTunnel Vacuum Cleaners, 3-Pack, 4010100Y, White</p><p> -20% 0FF </p><p>$7.98 ($2.66 / Count)</p><a href="https://www.amazon.com/dp/B00002N8DH?tag=eloabder-20&linkCode=osi&th=1&psc=1">View Product</a></div>
<div class="product"><a href="https://www.amazon.com/dp/B0CXJ2LJP6?tag=eloabder-20&linkCode=osi&th=1&psc=1"><img src="https://m.media-amazon.com/images/I/41zVdymV5NL._SL500_.jpg" alt="Product Image"></a><p>5055 Vacuum Bags Replacement Fit for Kenmore Canister Type C/Q 50555 50558 50557 and Type C-5 C-18,16 Pack</p><p> -11% 0FF </p><p>$13.29</p><a href="https://www.amazon.com/dp/B0CXJ2LJP6?tag=eloabder-20&linkCode=osi&th=1&psc=1">View Product</a></div><div class="product"><a href="https://www.amazon.com/dp/B002BFSK6I?tag=eloabder-20&linkCode=osi&th=1&psc=1"><img src="https://m.media-amazon.com/images/I/41Z3T53G+sL._SL500_.jpg" alt="Product Image"></a><p>Vacuum Bare Surface Canister Floor Brush, Compatible with Kenmore</p><p> -55% 0FF </p><p>$8.99</p><a href="https://www.amazon.com/dp/B002BFSK6I?tag=eloabder-20&linkCode=osi&th=1&psc=1">View Product</a></div><div class="product"><a href="https://www.amazon.com/dp/B00TNDC09E?tag=eloabder-20&linkCode=osi&th=1&psc=1"><img src="https://m.media-amazon.com/images/I/41lChTXA+XL._SL500_.jpg" alt="Product Image"></a><p>Other 50104 Kenmore Vacuum Bag, Type C and Q, 8-Pack Genuine Original Equipment Manufacturer (OEM) Part</p><p> -14% 0FF </p><p>$12.67 ($1.58 / Count)</p><a href="https://www.amazon.com/dp/B00TNDC09E?tag=eloabder-20&linkCode=osi&th=1&psc=1">View Product</a></div><div class="product"><a href="https://www.amazon.com/dp/B00QGD3SBI?tag=eloabder-20&linkCode=osi&th=1&psc=1"><img src="https://m.media-amazon.com/images/I/51xw0asyqTL._SL500_.jpg" alt="Product Image"></a><p>EnviroCare Replacement Vacuum Bags made to fit Kenmore Canister Type C or Q 50555, 50558, 50557 and Panasonic Type C-5 Vacuums, 9 pack</p><p> -11% 0FF </p><p>$9.79</p><a href="https://www.amazon.com/dp/B00QGD3SBI?tag=eloabder-20&linkCode=osi&th=1&psc=1">View Product</a></div><div class="product"><a href="https://www.amazon.com/dp/B09PC16J91?tag=eloabder-20&linkCode=osi&th=1&psc=1"><img src="https://m.media-amazon.com/images/I/41rz-xT6tIL._SL500_.jpg" alt="Product Image"></a><p>Compatible with Kenmore 53292 Type Q - C HEPA Canister Vacuum Bags,6-Pack (white)</p><p> -24% 0FF </p><p>$22.89 ($3.82 / Count)</p><a href="https://www.amazon.com/dp/B09PC16J91?tag=eloabder-20&linkCode=osi&th=1&psc=1">View Product</a></div><div class="product"><a href="https://www.amazon.com/dp/B0CWTR85TZ?tag=eloabder-20&linkCode=osi&th=1&psc=1"><img src="https://m.media-amazon.com/images/I/41lmqedxXSL._SL500_.jpg" alt="Product Image"></a><p>20 Pack Style MM Vacuum Bags Compatible with Eureka Style MM Eureka Mighty Mite 3670 and 3680 Series Canister Vacuums, Replaces Part # 60295, 60295A, 60295B 60295C, 60296 & 60297A</p><p> -5% 0FF </p><p>$18.98</p><a href="https://www.amazon.com/dp/B0CWTR85TZ?tag=eloabder-20&linkCode=osi&th=1&psc=1">View Product</a></div>

<div class="product"><a href="https://www.amazon.com/dp/B07H3MYZLD?tag=eloabder-20&linkCode=osi&th=1&psc=1"><img src="https://m.media-amazon.com/images/I/511p6MPxQ0L._SL500_.jpg" alt="Product Image"></a><p>Flammi Steam Pocket Mop Replacement Pads for Shark S3500 Series S3501 S3601 S3550 S3901 SE450 S3801CO S3601D S2901 S2902 Steam Pocket Mop, 4 Pack</p><p> -23% 0FF </p><p>$16.97 ($4.24 / Count)</p><a href="https://www.amazon.com/dp/B07H3MYZLD?tag=eloabder-20&linkCode=osi&th=1&psc=1">View Product</a></div><div class="product"><a href="https://www.amazon.com/dp/B08S7283SJ?tag=eloabder-20&linkCode=osi&th=1&psc=1"><img src="https://m.media-amazon.com/images/I/41TAxpXWPLL._SL500_.jpg" alt="Product Image"></a><p>Steam & Go - Demineralized Water for Steam Cleaner, PVC-Free Floor Cleaner Liquid Compatible With Any Steam Mop, Ready-to-Use Multisurface Cleaner, Scented Mop Solution, Eucalyptus Mint, 32 oz</p><p> -35% 0FF </p><p>$12.99</p><a href="https://www.amazon.com/dp/B08S7283SJ?tag=eloabder-20&linkCode=osi&th=1&psc=1">View Product</a></div><div class="product"><a href="https://www.amazon.com/dp/B07GT9VB9X?tag=eloabder-20&linkCode=osi&th=1&psc=1"><img src="https://m.media-amazon.com/images/I/41IokheYtNL._SL500_.jpg" alt="Product Image"></a><p>6 Pack 1940 Bissell Steam Mop Pads for Bissell PowerFresh Steam Mop 1806 1544 1440 2075A 2685A 1940W 19404 Series, Model 19402 19408 1940a 1940f 1940q 1940t B0006 B0017, Part #5938#203-2633</p><p> -14% 0FF </p><p>$17.99 ($3.00 / Count)</p><a href="https://www.amazon.com/dp/B07GT9VB9X?tag=eloabder-20&linkCode=osi&th=1&psc=1">View Product</a></div><div class="product"><a href="https://www.amazon.com/dp/B09NM5T11N?tag=eloabder-20&linkCode=osi&th=1&psc=1"><img src="https://m.media-amazon.com/images/I/51p54JxUpYL._SL500_.jpg" alt="Product Image"></a><p>AIR U+ 8 Pack Replacement Steam Mop Pads for Shark S7001 S8001 S8201 S7201 S7000AMZ S7000 S7005 S7020 S7001C Steam Mop, Steam & Scrub All-in-One Scrubbing and Sanitizing, Dirt Grip Scrub Washable Pad</p><p> -20% 0FF </p><p>$17.99</p><a href="https://www.amazon.com/dp/B09NM5T11N?tag=eloabder-20&linkCode=osi&th=1&psc=1">View Product</a></div><div class="product"><a href="https://www.amazon.com/dp/B0CBC1HQQN?tag=eloabder-20&linkCode=osi&th=1&psc=1"><img src="https://m.media-amazon.com/images/I/51eAx7S-+2L._SL500_.jpg" alt="Product Image"></a><p>Upgraded Scrub Steam Mop Pad for Shark Steam Pocket Mop S3501 S3601 S2901 S2902 S3550 S3801 S3901 SE450 S3601D S3901D, Steam Mop Replacement Pads for All Hard Floors, 3 Pack</p><p> -5% 0FF </p><p>$18.99</p><a href="https://www.amazon.com/dp/B0CBC1HQQN?tag=eloabder-20&linkCode=osi&th=1&psc=1">View Product</a></div>
<div class="product"><a href="https://www.amazon.com/dp/B0D2QFVY7H?tag=eloabder-20&linkCode=osi&th=1&psc=1"><img src="https://m.media-amazon.com/images/I/417B7H+vvML._SL500_.jpg" alt="Product Image"></a><p>Kenmore KS1010 Deep Clean & Revitalize Pet Carpet Cleaner Formula, 64 oz, White, 64 Fl Oz</p><p> -13% 0FF </p><p>$19.99 ($0.31 / Fl Oz)</p><a href="https://www.amazon.com/dp/B0D2QFVY7H?tag=eloabder-20&linkCode=osi&th=1&psc=1">View Product</a></div><div class="product"><a href="https://www.amazon.com/dp/B07TN5DGP9?tag=eloabder-20&linkCode=osi&th=1&psc=1"><img src="https://m.media-amazon.com/images/I/41ObG6UBMvL._SL500_.jpg" alt="Product Image"></a><p>Eyliden Carpet Sweeper, Mini Size Lightweight Hand Push Carpet Sweepers - No Noise, Non-Electric - Easy Manual Sweeping, Automatic Compact Broom Only for Carpet Cleaning</p><p> -21% 0FF </p><p>$25.99</p><a href="https://www.amazon.com/dp/B07TN5DGP9?tag=eloabder-20&linkCode=osi&th=1&psc=1">View Product</a></div><div class="product"><a href="https://www.amazon.com/dp/B07R27JLKQ?tag=eloabder-20&linkCode=osi&th=1&psc=1"><img src="https://m.media-amazon.com/images/I/41Puyen2y4L._SL500_.jpg" alt="Product Image"></a><p>Bissell Pet Multi-Surface Febreze Freshness for Crosswave and Spinwave (64 oz), 22951, 64 Ounce, 64 Fl Oz</p><p> -5% 0FF </p><p>$17.99 ($0.28 / Fl Oz)</p><a href="https://www.amazon.com/dp/B07R27JLKQ?tag=eloabder-20&linkCode=osi&th=1&psc=1">View Product</a></div><div class="product"><a href="https://www.amazon.com/dp/B0D2RGW219?tag=eloabder-20&linkCode=osi&th=1&psc=1"><img src="https://m.media-amazon.com/images/I/41gD+82tnAL._SL500_.jpg" alt="Product Image"></a><p>Vacmaster Clean & Restore Carpet Cleaner Formula – CCS03</p><p> -25% 0FF </p><p>$14.99 ($0.23 / Fl Oz)</p><a href="https://www.amazon.com/dp/B0D2RGW219?tag=eloabder-20&linkCode=osi&th=1&psc=1">View Product</a></div>



<div class="product"><a href="https://www.amazon.com/dp/B00162723O?tag=eloabder-20&linkCode=osi&th=1&psc=1"><img src="https://m.media-amazon.com/images/I/31K5PNJ3AbL._SL500_.jpg" alt="Product Image"></a><p>A/C Safe AC-160 Universal Heavy Duty Window Air Conditioner Support</p><p> -47% 0FF </p><p>$24.99</p><a href="https://www.amazon.com/dp/B00162723O?tag=eloabder-20&linkCode=osi&th=1&psc=1">View Product</a></div>
<div class="product"><a href="https://www.amazon.com/dp/B0D3TMW987?tag=eloabder-20&linkCode=osi&th=1&psc=1"><img src="https://m.media-amazon.com/images/I/417Mm6n1nqL._SL500_.jpg" alt="Product Image"></a><p>HOXHA Portable Air Conditioner Hose with Insulated Hose Cover Warp 5.9 Inch AC Exhaust Vent Duct Hose with Sleeve Fit 5 Inch to 5.9 Inch Universal AC Tube Hose Kit Parts Accessories</p><p> -29% 0FF </p><p>$16.99</p><a href="https://www.amazon.com/dp/B0D3TMW987?tag=eloabder-20&linkCode=osi&th=1&psc=1">View Product</a></div><div class="product"><a href="https://www.amazon.com/dp/B093WC1936?tag=eloabder-20&linkCode=osi&th=1&psc=1"><img src="https://m.media-amazon.com/images/I/41+7dH1N4oS._SL500_.jpg" alt="Product Image"></a><p>Portable Air conditioner Window Kit, Adjustable Vertical/Horizontal Sliding Window Kit Plate for AC Unit, AC Window Vent Kit, AC Window Seal Suitable for 5.9” AC Exhaust Hose</p><p> -22% 0FF </p><p>$24.99</p><a href="https://www.amazon.com/dp/B093WC1936?tag=eloabder-20&linkCode=osi&th=1&psc=1">View Product</a></div><div class="product"><a href="https://www.amazon.com/dp/B08B5Y83XZ?tag=eloabder-20&linkCode=osi&th=1&psc=1"><img src="https://m.media-amazon.com/images/I/4162pkNHTYL._SL500_.jpg" alt="Product Image"></a><p>TURBRO Portable Air Conditioner Universal Exhaust Hose - 5.9 Inch Diameter, 78 Inch Length, Clockwise Thread</p><p> -17% 0FF </p><p>$19.99</p><a href="https://www.amazon.com/dp/B08B5Y83XZ?tag=eloabder-20&linkCode=osi&th=1&psc=1">View Product</a></div>
<div class="product"><a href="https://www.amazon.com/dp/B0CS3HRFLB?tag=eloabder-20&linkCode=osi&th=1&psc=1"><img src="https://m.media-amazon.com/images/I/31-rGPG7x2L._SL500_.jpg" alt="Product Image"></a><p>Eastrexon Mini Split Ground Stand, Adjustable Anti-Vibration Mini Split Stand w/ 400LBS Load Capacity, Heavy Duty AC Stand for 9,000-18,000 BTU Ductless Mini Split Air Conditioner Heat Pump</p><p> -11% 0FF </p><p>$79.99</p><a href="https://www.amazon.com/dp/B0CS3HRFLB?tag=eloabder-20&linkCode=osi&th=1&psc=1">View Product</a></div>
<div class="product"><a href="https://www.amazon.com/dp/B0D3DRYGSY?tag=eloabder-20&linkCode=osi&th=1&psc=1"><img src="https://m.media-amazon.com/images/I/41X8-PVRBjL._SL500_.jpg" alt="Product Image"></a><p>Air Conditioning Motor WZDK20-38G (ZKFP-20-8-6) OEM DC Brushless Fan Motor, 20W Inverter Air Conditioner Brushless DC Motor for Central air Conditioner, CCW 1300rpm DC280V 0.10A</p><p> -11% 0FF </p><p>$40.99</p><a href="https://www.amazon.com/dp/B0D3DRYGSY?tag=eloabder-20&linkCode=osi&th=1&psc=1">View Product</a></div><div class="product"><a href="https://www.amazon.com/dp/B0BQQZC7J8?tag=eloabder-20&linkCode=osi&th=1&psc=1"><img src="https://m.media-amazon.com/images/I/31BhDXXE59L._SL500_.jpg" alt="Product Image"></a><p>AKB73598009 Replace AC Remote Control Compatible with LG Dual Inverter Smart Window Air Conditioner LW1222IVSM LW1817IVSM LW2217IVSM LW1822IVSM LW2422IVSM LW1517IVSM LW1019IVSM</p><p> -8% 0FF </p><p>$11.94</p><a href="https://www.amazon.com/dp/B0BQQZC7J8?tag=eloabder-20&linkCode=osi&th=1&psc=1">View Product</a></div><div class="product"><a href="https://www.amazon.com/dp/B0D3DTXSVY?tag=eloabder-20&linkCode=osi&th=1&psc=1"><img src="https://m.media-amazon.com/images/I/41WKhBV4qfL._SL500_.jpg" alt="Product Image"></a><p>New Air Conditioning Motor (OEM) WZDK30-38G (RD-310-30-8T) DC Brushless Fan Motor, 30W Inverter air Conditioner Motor DC Motor for Conditioner,DC310V 0.14A 1300RPM CCW</p><p> -12% 0FF </p><p>$52.95</p><a href="https://www.amazon.com/dp/B0D3DTXSVY?tag=eloabder-20&linkCode=osi&th=1&psc=1">View Product</a></div>
<div class="product"><a href="https://www.amazon.com/dp/B0CNK7MSLC?tag=eloabder-20&linkCode=osi&th=1&psc=1"><img src="https://m.media-amazon.com/images/I/41R2RQNaV2L._SL500_.jpg" alt="Product Image"></a><p>Travel Electric Kettle Portable Small Kettle,Mini Hotel Camping Hot Water Boiler for Tea Coffee,4 Warmable Temperature Control,304 Stainless Steel& Auto Shut-Off& Boil Dry Protection(White,380ml)</p><p> -17% 0FF </p><p>$24.99</p><a href="https://www.amazon.com/dp/B0CNK7MSLC?tag=eloabder-20&linkCode=osi&th=1&psc=1">View Product</a></div>
<div class="product"><a href="https://www.amazon.com/dp/B08LZWP29P?tag=eloabder-20&linkCode=osi&th=1&psc=1"><img src="https://m.media-amazon.com/images/I/41NLuzzFW9L._SL500_.jpg" alt="Product Image"></a><p>Chromex Tankless Water Heater Descaling Solution | Highly Effective Descaler Restores Heating Efficiency, Quart, 32 fl oz (1)</p><p> -7% 0FF </p><p>$24.99</p><a href="https://www.amazon.com/dp/B08LZWP29P?tag=eloabder-20&linkCode=osi&th=1&psc=1">View Product</a></div><div class="product"><a href="https://www.amazon.com/dp/B0CQDCW3PT?tag=eloabder-20&linkCode=osi&th=1&psc=1"><img src="https://m.media-amazon.com/images/I/51UjKRV2nXL._SL500_.jpg" alt="Product Image"></a><p>CMI Inc - 3/4 Inch Tankless Water Heater Installation Kit – With Isolation Valves, Pressure Relief Valves, Ball Valves, and Inline Flush Parts – Cold & Hot Water Plumbing Repair Kit – FNPT X FNPT</p><p> -11% 0FF </p><p>$80.80</p><a href="https://www.amazon.com/dp/B0CQDCW3PT?tag=eloabder-20&linkCode=osi&th=1&psc=1">View Product</a></div>

<div class="product"><a href="https://www.amazon.com/dp/B0BPN7G43T?tag=eloabder-20&linkCode=osi&th=1&psc=1"><img src="https://m.media-amazon.com/images/I/413kXvvbUhL._SL500_.jpg" alt="Product Image"></a><p>Elite Gourmet EC008 Classic Stovetop Coffee Percolator, Glass Clear Brew Progress Knob, Cool-Touch Handle, Cordless Serve, 8-Cup, Stainless Steel</p><p> -8% 0FF </p><p>$23.07</p><a href="https://www.amazon.com/dp/B0BPN7G43T?tag=eloabder-20&linkCode=osi&th=1&psc=1">View Product</a></div><div class="product"><a href="https://www.amazon.com/dp/B09MMN1CCP?tag=eloabder-20&linkCode=osi&th=1&psc=1"><img src="https://m.media-amazon.com/images/I/31UyuaVNkbL._SL500_.jpg" alt="Product Image"></a><p>Elite Gourmet EC812 Electric 12-Cup Coffee Percolator with Keep Warm, Clear Brew Progress Knob Cool-Touch Handle Cord-less Serve, Stainless Steel</p><p> -23% 0FF </p><p>$36.99</p><a href="https://www.amazon.com/dp/B09MMN1CCP?tag=eloabder-20&linkCode=osi&th=1&psc=1">View Product</a></div><div class="product"><a href="https://www.amazon.com/dp/B0009PUQSM?tag=eloabder-20&linkCode=osi&th=1&psc=1"><img src="https://m.media-amazon.com/images/I/41maPldn1NL._SL500_.jpg" alt="Product Image"></a><p>Coleman Stainless Steel Coffee Percolator 12 Cup</p><p> -38% 0FF </p><p>$33.87</p><a href="https://www.amazon.com/dp/B0009PUQSM?tag=eloabder-20&linkCode=osi&th=1&psc=1">View Product</a></div>
<div class="product"><a href="https://www.amazon.com/dp/B0BTN3VYW9?tag=eloabder-20&linkCode=osi&th=1&psc=1"><img src="https://m.media-amazon.com/images/I/41Li6k0UIrL._SL500_.jpg" alt="Product Image"></a><p>De'Longhi TrueBrew Drip Coffee Maker, Built in Grinder, Single Serve, 8 oz to 24 oz, Hot or Iced Coffee, Stainless, CAM51025MB</p><p> -29% 0FF </p><p>$355.00</p><a href="https://www.amazon.com/dp/B0BTN3VYW9?tag=eloabder-20&linkCode=osi&th=1&psc=1">View Product</a></div><div class="product"><a href="https://www.amazon.com/dp/B09HDFLF2X?tag=eloabder-20&linkCode=osi&th=1&psc=1"><img src="https://m.media-amazon.com/images/I/41ttEVV0DhL._SL500_.jpg" alt="Product Image"></a><p>Cuisinart Single Serve Coffee Maker + Coffee Grinder, 48-Ounce Removable Reservoir, Black, DGB-2</p><p> -9% 0FF </p><p>$136.95</p><a href="https://www.amazon.com/dp/B09HDFLF2X?tag=eloabder-20&linkCode=osi&th=1&psc=1">View Product</a></div><div class="product"><a href="https://www.amazon.com/dp/B0D2MMGHM8?tag=eloabder-20&linkCode=osi&th=1&psc=1"><img src="https://m.media-amazon.com/images/I/41z2U4+t1fL._SL500_.jpg" alt="Product Image"></a><p>Gevi 10-Cup Drip Coffee Maker with Built-in Grinder, Programmable Brew Coffee Machine with Timer, Reusable Filter, 1.5L Water Tank, Coffee Pot, Warming Plate Burr Grinder Combo</p><p> -6% 0FF </p><p>$169.99</p><a href="https://www.amazon.com/dp/B0D2MMGHM8?tag=eloabder-20&linkCode=osi&th=1&psc=1">View Product</a></div><div class="product"><a href="https://www.amazon.com/dp/B000T9SCZ2?tag=eloabder-20&linkCode=osi&th=1&psc=1"><img src="https://m.media-amazon.com/images/I/51E3eEOPg7L._SL500_.jpg" alt="Product Image"></a><p>Cuisinart Grind & Brew 12 Cup Coffeemaker, Chrome</p><p> -11% 0FF </p><p>$189.81 ($15.82 / Count)</p><a href="https://www.amazon.com/dp/B000T9SCZ2?tag=eloabder-20&linkCode=osi&th=1&psc=1">View Product</a></div><div class="product"><a href="https://www.amazon.com/dp/B0CG2NLVPK?tag=eloabder-20&linkCode=osi&th=1&psc=1"><img src="https://m.media-amazon.com/images/I/41PlW5iZ9cL._SL500_.jpg" alt="Product Image"></a><p>Café Specialty Grind and Brew Coffee Maker, Single-Serve to 10-Cup Thermal Carafe, with Built-In Bean Grinder & Removable 75oz Water Reservoir, WiFi & Smart Connected, SCA Certified, Matte White</p><p> -19% 0FF </p><p>$267.99</p><a href="https://www.amazon.com/dp/B0CG2NLVPK?tag=eloabder-20&linkCode=osi&th=1&psc=1">View Product</a></div>
<div class="product"><a href="https://www.amazon.com/dp/B078NN17K3?tag=eloabder-20&linkCode=osi&th=1&psc=1"><img src="https://m.media-amazon.com/images/I/41MI7T21FgL._SL500_.jpg" alt="Product Image"></a><p>Keurig K-Elite Single Serve K-Cup Pod Coffee Maker, with Strength and Temperature Control, Iced Coffee Capability, 8 to 12oz Brew Size, Programmable, Brushed Slate</p><p> -37% 0FF </p><p>$119.00</p><a href="https://www.amazon.com/dp/B078NN17K3?tag=eloabder-20&linkCode=osi&th=1&psc=1">View Product</a></div><div class="product"><a href="https://www.amazon.com/dp/B0C25Y15TL?tag=eloabder-20&linkCode=osi&th=1&psc=1"><img src="https://m.media-amazon.com/images/I/41cX7EQf+HL._SL500_.jpg" alt="Product Image"></a><p>Ninja Pod & Grounds Specialty Single-Serve Coffee Maker, K-Cup Pod Compatible, Brews Grounds, Compact Design, Built-In Milk Frother, 56-oz. Reservoir, 6-oz. Cup to 24-oz. Mug Sizes, Black, PB051</p><p> -30% 0FF </p><p>$69.99</p><a href="https://www.amazon.com/dp/B0C25Y15TL?tag=eloabder-20&linkCode=osi&th=1&psc=1">View Product</a></div><div class="product"><a href="https://www.amazon.com/dp/B0892TW82K?tag=eloabder-20&linkCode=osi&th=1&psc=1"><img src="https://m.media-amazon.com/images/I/31vXpkWlRZL._SL500_.jpg" alt="Product Image"></a><p>Keurig K-Supreme Single Serve K-Cup Pod Coffee Maker, MultiStream Technology, 4 Brew Sizes, 66oz Dual-Position Removable Reservoir, Black</p><p> -41% 0FF </p><p>$99.99</p><a href="https://www.amazon.com/dp/B0892TW82K?tag=eloabder-20&linkCode=osi&th=1&psc=1">View Product</a></div><div class="product"><a href="https://www.amazon.com/dp/B014W1C2VM?tag=eloabder-20&linkCode=osi&th=1&psc=1"><img src="https://m.media-amazon.com/images/I/41lgFMhEj5L._SL500_.jpg" alt="Product Image"></a><p>Cuisinart Coffee Maker, Single Serve 72-Ounce Reservoir Coffee Machine, Programmable Brewing & Hot Water Dispenser, Stainless Steel, SS-10P1,Silver</p><p> -5% 0FF </p><p>$142.74</p><a href="https://www.amazon.com/dp/B014W1C2VM?tag=eloabder-20&linkCode=osi&th=1&psc=1">View Product</a></div><div class="product"><a href="https://www.amazon.com/dp/B083248S3B?tag=eloabder-20&linkCode=osi&th=1&psc=1"><img src="https://m.media-amazon.com/images/I/31AI86Z78OL._SL500_.jpg" alt="Product Image"></a><p>Keurig K-Slim Single Serve K-Cup Pod Coffee Maker, Multistream Technology, 3 Brew Sizes, Slim and Sleek Design, 46oz Removable Reservoir, Black</p><p> -38% 0FF </p><p>$79.99</p><a href="https://www.amazon.com/dp/B083248S3B?tag=eloabder-20&linkCode=osi&th=1&psc=1">View Product</a></div><div class="product"><a href="https://www.amazon.com/dp/B0BV9HKMNT?tag=eloabder-20&linkCode=osi&th=1&psc=1"><img src="https://m.media-amazon.com/images/I/41Nsl9jGGaL._SL500_.jpg" alt="Product Image"></a><p>Keurig K-Compact Single-Serve K-Cup Pod Coffee Maker, with 3 Brew Sizes, Smart Start Feature, 36oz Removable Reservoir, Black</p><p> -30% 0FF </p><p>$69.99</p><a href="https://www.amazon.com/dp/B0BV9HKMNT?tag=eloabder-20&linkCode=osi&th=1&psc=1">View Product</a></div>
<div class="product"><a href="https://www.amazon.com/dp/B085NLFY9F?tag=eloabder-20&linkCode=osi&th=1&psc=1"><img src="https://m.media-amazon.com/images/I/41shkY558zL._SL500_.jpg" alt="Product Image"></a><p>Taylor Swoden 12-Cup Programmable Coffee Maker, Regular & Strong Brew Drip Coffee Machine for Home and Office, Glass Carafe, Pause & Serve, Auto Shut Off, Black & Stainless Steel</p><p> -18% 0FF </p><p>$39.99</p><a href="https://www.amazon.com/dp/B085NLFY9F?tag=eloabder-20&linkCode=osi&th=1&psc=1">View Product</a></div><div class="product"><a href="https://www.amazon.com/dp/B07X43VXZV?tag=eloabder-20&linkCode=osi&th=1&psc=1"><img src="https://m.media-amazon.com/images/I/41H6O9zkknL._SL500_.jpg" alt="Product Image"></a><p>KRUPS Simply Brew 5 Cup Coffee Maker, Cold Brew, Drip Free & Keep Warm Functions, Stainless Steel Coffee Maker Silver and Black</p><p> -18% 0FF </p><p>$32.85</p><a href="https://www.amazon.com/dp/B07X43VXZV?tag=eloabder-20&linkCode=osi&th=1&psc=1">View Product</a></div>

<div class="product"><a href="https://www.amazon.com/dp/B0C7WTKWZN?tag=eloabder-20&linkCode=osi&th=1&psc=1"><img src="https://m.media-amazon.com/images/I/417z+KFuxAL._SL500_.jpg" alt="Product Image"></a><p>Ninja Programmable XL 14-Cup Coffee Maker PRO, 14-Cup Glass Carafe, Freshness Timer, with Permanent Filter, Black Stainless Steel, DCM201BK</p><p> -20% 0FF </p><p>$79.99</p><a href="https://www.amazon.com/dp/B0C7WTKWZN?tag=eloabder-20&linkCode=osi&th=1&psc=1">View Product</a></div><div class="product"><a href="https://www.amazon.com/dp/B0C2JK9Y8V?tag=eloabder-20&linkCode=osi&th=1&psc=1"><img src="https://m.media-amazon.com/images/I/4177Pg-DiWS._SL500_.jpg" alt="Product Image"></a><p>BLACK+DECKER 12 Cup Thermal Programmable Coffee Maker with Brew Strength and VORTEX Technology, Black/Steel</p><p> -14% 0FF </p><p>$60.00 ($5.00 / Count)</p><a href="https://www.amazon.com/dp/B0C2JK9Y8V?tag=eloabder-20&linkCode=osi&th=1&psc=1">View Product</a></div>
<div class="product"><a href="https://www.amazon.com/dp/B0CJ7DMVW6?tag=eloabder-20&linkCode=osi&th=1&psc=1"><img src="https://m.media-amazon.com/images/I/41Et+b9QSzL._SL500_.jpg" alt="Product Image"></a><p>Xylanor Cold Brew Coffee Maker Pitcher, 64 OZ Heavy Duty Glass Wide Mouth Mason Jar Pour Spout Airtight Lid with Stainless Steel Infuser Filter for Iced Coffee, Ice Tea, Brewed Making</p><p> -50% 0FF </p><p>$12.49</p><a href="https://www.amazon.com/dp/B0CJ7DMVW6?tag=eloabder-20&linkCode=osi&th=1&psc=1">View Product</a></div><div class="product"><a href="https://www.amazon.com/dp/B07C36HVWK?tag=eloabder-20&linkCode=osi&th=1&psc=1"><img src="https://m.media-amazon.com/images/I/31dPKeu1VqL._SL500_.jpg" alt="Product Image"></a><p>Takeya Patented Deluxe Cold Brew Coffee Maker with Black Lid Airtight Pitcher, 2 Quart, Black</p><p> -26% 0FF </p><p>$27.99</p><a href="https://www.amazon.com/dp/B07C36HVWK?tag=eloabder-20&linkCode=osi&th=1&psc=1">View Product</a></div><div class="product"><a href="https://www.amazon.com/dp/B086V1QXNM?tag=eloabder-20&linkCode=osi&th=1&psc=1"><img src="https://m.media-amazon.com/images/I/31BHMrB0QSL._SL500_.jpg" alt="Product Image"></a><p>Primula Burke Deluxe Cold Brew Iced Coffee Maker, Comfort Grip Handle, Durable Glass Carafe, Removable Mesh Filter, Perfect 6 Cup Size, Dishwasher Safe, 1.6 qt, Blue</p><p> -35% 0FF </p><p>$11.74</p><a href="https://www.amazon.com/dp/B086V1QXNM?tag=eloabder-20&linkCode=osi&th=1&psc=1">View Product</a></div><div class="product"><a href="https://www.amazon.com/dp/B0BNN7GGKR?tag=eloabder-20&linkCode=osi&th=1&psc=1"><img src="https://m.media-amazon.com/images/I/51p17-SYzvL._SL500_.jpg" alt="Product Image"></a><p>JunVpic Cold Brew Coffee Maker Jar - 64oz Thick Glass Multipurpose Mason Pitcher Spout Lid with Handle & Stainless Steel Filter for Iced Coffee, Lemonade, Ice Tea, Homemade Fruit Drinks Container</p><p> -5% 0FF </p><p>$18.98 ($18.98 / Count)</p><a href="https://www.amazon.com/dp/B0BNN7GGKR?tag=eloabder-20&linkCode=osi&th=1&psc=1">View Product</a></div><div class="product"><a href="https://www.amazon.com/dp/B0CGWS1M51?tag=eloabder-20&linkCode=osi&th=1&psc=1"><img src="https://m.media-amazon.com/images/I/410ZIkV0HFL._SL500_.jpg" alt="Product Image"></a><p>QHH Cold Brew Coffee Maker, 64 oz Wide Mouth Mason Jar Pitcher with Stainless Steel Filter, Pour Spout Handle Lid, Heavy Duty Glass Airtight & Leak-Proof Pitcher for iced coffee & Tea Lemonade</p><p> -20% 0FF </p><p>$18.49</p><a href="https://www.amazon.com/dp/B0CGWS1M51?tag=eloabder-20&linkCode=osi&th=1&psc=1">View Product</a></div><div class="product"><a href="https://www.amazon.com/dp/B0CVLJ2NQK?tag=eloabder-20&linkCode=osi&th=1&psc=1"><img src="https://m.media-amazon.com/images/I/51lQGHFBfPL._SL500_.jpg" alt="Product Image"></a><p>Zulay Kitchen 1 Gallon Cold Brew Coffee Maker - Large Iced Tea & Cold Brew Pitcher with Extra-Thick Glass & Stainless Steel Infuser - Cold Brew Coffee Maker with Airtight Lid & Spout (Silver)</p><p> -20% 0FF </p><p>$39.99</p><a href="https://www.amazon.com/dp/B0CVLJ2NQK?tag=eloabder-20&linkCode=osi&th=1&psc=1">View Product</a></div><div class="product"><a href="https://www.amazon.com/dp/B0D929JTC9?tag=eloabder-20&linkCode=osi&th=1&psc=1"><img src="https://m.media-amazon.com/images/I/41WA4B3VkCL._SL500_.jpg" alt="Product Image"></a><p>Cold Brew Coffee Maker,64oz Food Grade Glass Cold Brew Pitcher,Strong Sealing Cold Brew Maker With Fine Filter,Cold Brew Coffee Pitcher For Ice Tea&Fruit Drinks,Easy To Wash Iced Coffee Pitcher Grey</p><p> -27% 0FF </p><p>$15.99</p><a href="https://www.amazon.com/dp/B0D929JTC9?tag=eloabder-20&linkCode=osi&th=1&psc=1">View Product</a></div><div class="product"><a href="https://www.amazon.com/dp/B07VJJJ764?tag=eloabder-20&linkCode=osi&th=1&psc=1"><img src="https://m.media-amazon.com/images/I/41xKFEtM8EL._SL500_.jpg" alt="Product Image"></a><p>County Line Kitchen Glass Cold Brew Coffee Maker with Lid - Wide Mouth, 2 Quart (64 oz) - Heavy Duty, Leak Proof - Sun & Iced Tea Pitcher, Cold Brew Coffee, Breast Milk Storage, Water - Gray</p><p> -25% 0FF </p><p>$29.99</p><a href="https://www.amazon.com/dp/B07VJJJ764?tag=eloabder-20&linkCode=osi&th=1&psc=1">View Product</a></div><div class="product"><a href="https://www.amazon.com/dp/B0CKN6MCLD?tag=eloabder-20&linkCode=osi&th=1&psc=1"><img src="https://m.media-amazon.com/images/I/510bfugc5jL._SL500_.jpg" alt="Product Image"></a><p>DWTS DANWEITESI Cold Brew Coffee Maker 64 oz,2-Quart Wide Mouth Cold Brew Maker with Stainless Steel Cold Brew Filter-Mason Jar Pitcher with Lid and Spout for Coffee,Iced Coffee Accessories(Black)</p><p> -24% 0FF </p><p>$12.99</p><a href="https://www.amazon.com/dp/B0CKN6MCLD?tag=eloabder-20&linkCode=osi&th=1&psc=1">View Product</a></div>

<div class="product"><a href="https://www.amazon.com/dp/B099J3J6VJ?tag=eloabder-20&linkCode=osi&th=1&psc=1"><img src="https://m.media-amazon.com/images/I/41ecdckFeFL._SL500_.jpg" alt="Product Image"></a><p>Eurolux Percolator Coffee Maker Pot - 9 Cups | Durable Stainless Steel Material | Brew Coffee On Fire, Grill or Stovetop | No Electricity, No Bad Plastic Taste | Ideal for Home, Camping & Travel</p><p> -13% 0FF </p><p>$34.99 ($3.89 / Count)</p><a href="https://www.amazon.com/dp/B099J3J6VJ?tag=eloabder-20&linkCode=osi&th=1&psc=1">View Product</a></div><div class="product"><a href="https://www.amazon.com/dp/B0C9VW3N1X?tag=eloabder-20&linkCode=osi&th=1&psc=1"><img src="https://m.media-amazon.com/images/I/31YYKk0EaiL._SL500_.jpg" alt="Product Image"></a><p>Primula Stovetop Coffee Percolator, Premium Stainless Steel Coffee Maker with Reusable Filter Basket, Non-Drip Spout, Glass Knob Brew Indicator and Heat Resistant Handle, Dishwasher Safe, 8 Cup</p><p> -6% 0FF </p><p>$28.17</p><a href="https://www.amazon.com/dp/B0C9VW3N1X?tag=eloabder-20&linkCode=osi&th=1&psc=1">View Product</a></div><div class="product"><a href="https://www.amazon.com/dp/B0DFXBGKQW?tag=eloabder-20&linkCode=osi&th=1&psc=1"><img src="https://m.media-amazon.com/images/I/41HwFOR87NL._SL500_.jpg" alt="Product Image"></a><p>VERDETECH Glass Coffee Percolator - The Nonna | Non-Electric Borosilicate Glass & Stainless Steel | Eco-Friendly Coffee Gift | BPA Free | Stovetop Glass Percolator (1 Unit)</p><p> -14% 0FF </p><p>$59.99</p><a href="https://www.amazon.com/dp/B0DFXBGKQW?tag=eloabder-20&linkCode=osi&th=1&psc=1">View Product</a></div>

<div class="product"><a href="https://www.amazon.com/dp/B009PCI2JU?tag=eloabder-20&linkCode=osi&th=1&psc=1"><img src="https://m.media-amazon.com/images/I/319P4iuozKL._SL500_.jpg" alt="Product Image"></a><p>GE RPWFE Refrigerator Water Filter, Genuine Replacement Filter, Certified to Reduce Lead, Sulfur, and 50+ Other Impurities, Replace Every 6 Months for Best Results, Pack of 1</p><p> -11% 0FF </p><p>$49.00</p><a href="https://www.amazon.com/dp/B009PCI2JU?tag=eloabder-20&linkCode=osi&th=1&psc=1">View Product</a></div><div class="product"><a href="https://www.amazon.com/dp/B00UXG4WR8?tag=eloabder-20&linkCode=osi&th=1&psc=1"><img src="https://m.media-amazon.com/images/I/317c+XdM3jL._SL500_.jpg" alt="Product Image"></a><p>everydrop by Whirlpool Ice and Water Refrigerator Filter 1, EDR1RXD1, Single-Pack , Purple</p><p> -30% 0FF </p><p>$41.99</p><a href="https://www.amazon.com/dp/B00UXG4WR8?tag=eloabder-20&linkCode=osi&th=1&psc=1">View Product</a></div><div class="product"><a href="https://www.amazon.com/dp/B0882ZJ48W?tag=eloabder-20&linkCode=osi&th=1&psc=1"><img src="https://m.media-amazon.com/images/I/31sBIpG9D+L._SL500_.jpg" alt="Product Image"></a><p>GE XWFE Refrigerator Water Filter, Genuine Replacement Filter, Certified to Reduce Lead, Sulfur, and 50+ Other Impurities, Replace Every 6 Months for Best Results, Pack of 1</p><p> -9% 0FF </p><p>$49.95</p><a href="https://www.amazon.com/dp/B0882ZJ48W?tag=eloabder-20&linkCode=osi&th=1&psc=1">View Product</a></div><div class="product"><a href="https://www.amazon.com/dp/B08V6JB9R7?tag=eloabder-20&linkCode=osi&th=1&psc=1"><img src="https://m.media-amazon.com/images/I/31f6HhVENHL._SL500_.jpg" alt="Product Image"></a><p>Frigidaire FPPWFU01 PurePour PWF-1 Water Filter 1 Count (Pack of 1)</p><p> -28% 0FF </p><p>$38.99</p><a href="https://www.amazon.com/dp/B08V6JB9R7?tag=eloabder-20&linkCode=osi&th=1&psc=1">View Product</a></div><div class="product"><a href="https://www.amazon.com/dp/B074HLRXMP?tag=eloabder-20&linkCode=osi&th=1&psc=1"><img src="https://m.media-amazon.com/images/I/21pHfBmff3L._SL500_.jpg" alt="Product Image"></a><p>LG LT1000P - 6 Month / 200 Gallon Capacity Replacement Refrigerator Water Filter (NSF42, NSF53, and NSF401) ADQ74793501, ADQ75795105, AGF80300704, or AGF80300705 White</p><p> -19% 0FF </p><p>$44.59</p><a href="https://www.amazon.com/dp/B074HLRXMP?tag=eloabder-20&linkCode=osi&th=1&psc=1">View Product</a></div><div class="product"><a href="https://www.amazon.com/dp/B01BKWSHHE?tag=eloabder-20&linkCode=osi&th=1&psc=1"><img src="https://m.media-amazon.com/images/I/31le9xXAImL._SL500_.jpg" alt="Product Image"></a><p>Frigidaire EPTWFU01 Water Filtration Filter, 1 Count, White</p><p> -8% 0FF </p><p>$49.00</p><a href="https://www.amazon.com/dp/B01BKWSHHE?tag=eloabder-20&linkCode=osi&th=1&psc=1">View Product</a></div><div class="product"><a href="https://www.amazon.com/dp/B00VBP8QPO?tag=eloabder-20&linkCode=osi&th=1&psc=1"><img src="https://m.media-amazon.com/images/I/31NokdYCZOL._SL500_.jpg" alt="Product Image"></a><p>Everydrop by Whirlpool Ice and Water Refrigerator Filter 2, EDR2RXD1, Single-Pack</p><p> -20% 0FF </p><p>$47.99</p><a href="https://www.amazon.com/dp/B00VBP8QPO?tag=eloabder-20&linkCode=osi&th=1&psc=1">View Product</a></div><div class="product"><a href="https://www.amazon.com/dp/B00UB38V2A?tag=eloabder-20&linkCode=osi&th=1&psc=1"><img src="https://m.media-amazon.com/images/I/317IAqOtFtL._SL500_.jpg" alt="Product Image"></a><p>everydrop by Whirlpool Ice and Water Refrigerator Filter 4, EDR4RXD1, Single-Pack</p><p> -23% 0FF </p><p>$46.32 ($27.09 / Pound)</p><a href="https://www.amazon.com/dp/B00UB38V2A?tag=eloabder-20&linkCode=osi&th=1&psc=1">View Product</a></div><div class="product"><a href="https://www.amazon.com/dp/B071NFVVNG?tag=eloabder-20&linkCode=osi&th=1&psc=1"><img src="https://m.media-amazon.com/images/I/41uJIz7wOSL._SL500_.jpg" alt="Product Image"></a><p>SAMSUNG Genuine Filter for Refrigerator Water and Ice, Carbon Block Filtration, Reduces 99% of Harmful Contaminants for Clean, Clear Drinking Water, 6-Month Life, HAF-QIN/EXP, 1 Pack</p><p> -30% 0FF </p><p>$34.99</p><a href="https://www.amazon.com/dp/B071NFVVNG?tag=eloabder-20&linkCode=osi&th=1&psc=1">View Product</a></div><div class="product"><a href="https://www.amazon.com/dp/B0045LLC7K?tag=eloabder-20&linkCode=osi&th=1&psc=1"><img src="https://m.media-amazon.com/images/I/61KMsxTZCzL._SL500_.jpg" alt="Product Image"></a><p>Frigidaire WF3CB Puresource3 Refrigerator Water Filter , White, 1 Count (Pack of 1)</p><p> -12% 0FF </p><p>$42.00</p><a href="https://www.amazon.com/dp/B0045LLC7K?tag=eloabder-20&linkCode=osi&th=1&psc=1">View Product</a></div>
<div class="product"><a href="https://www.amazon.com/dp/B0CCK33WLB?tag=eloabder-20&linkCode=osi&th=1&psc=1"><img src="https://m.media-amazon.com/images/I/41EyKRnAWNL._SL500_.jpg" alt="Product Image"></a><p>Ninja Thirsti Drink System, Soda Maker, Create Unique Sparkling & Still Drinks, Personalize Size & Flavor, Carbonated Water Machine, 60L CO2 Cylinder & Variety of Flavored Water Drops, Black WC1001</p><p> -44% 0FF </p><p>$99.99</p><a href="https://www.amazon.com/dp/B0CCK33WLB?tag=eloabder-20&linkCode=osi&th=1&psc=1">View Product</a></div><div class="product"><a href="https://www.amazon.com/dp/B09K81HGGD?tag=eloabder-20&linkCode=osi&th=1&psc=1"><img src="https://m.media-amazon.com/images/I/41iyFiXEpmL._SL500_.jpg" alt="Product Image"></a><p>PHILIPS Sparkling Water Maker Soda Maker Soda Streaming Machine for Carbonating with 1L Carbonating Bottle, Seltzer Fizzy Water Maker, Compatible with Any Screw-in 60L CO2 Carbonator(NOT Included)</p><p> -20% 0FF </p><p>$53.97 ($53.97 / Count)</p><a href="https://www.amazon.com/dp/B09K81HGGD?tag=eloabder-20&linkCode=osi&th=1&psc=1">View Product</a></div><div class="product"><a href="https://www.amazon.com/dp/B08HR72YN1?tag=eloabder-20&linkCode=osi&th=1&psc=1"><img src="https://m.media-amazon.com/images/I/41m9KO8snqL._SL500_.jpg" alt="Product Image"></a><p>aarke - Carbonator III Premium Carbonator-Sparkling & Seltzer Water Maker-Soda Maker with PET Bottle (Stainless Steel)</p><p> -16% 0FF </p><p>$189.99</p><a href="https://www.amazon.com/dp/B08HR72YN1?tag=eloabder-20&linkCode=osi&th=1&psc=1">View Product</a></div><div class="product"><a href="https://www.amazon.com/dp/B01MAVUI17?tag=eloabder-20&linkCode=osi&th=1&psc=1"><img src="https://m.media-amazon.com/images/I/31hwDO28c+L._SL500_.jpg" alt="Product Image"></a><p>iSi North America Soda Siphon Classic Mesh Sodamaker for Making Carbonating Beverages, 1 Quart, Stainless Steel,Silver</p><p> -27% 0FF </p><p>$91.24</p><a href="https://www.amazon.com/dp/B01MAVUI17?tag=eloabder-20&linkCode=osi&th=1&psc=1">View Product</a></div><div class="product"><a href="https://www.amazon.com/dp/B097TD8V5P?tag=eloabder-20&linkCode=osi&th=1&psc=1"><img src="https://m.media-amazon.com/images/I/41waAUN4cYL._SL500_.jpg" alt="Product Image"></a><p>SodaStream Terra Sparkling Water Maker (Black) with CO2 and DWS Bottle</p><p> -18% 0FF </p><p>$81.99</p><a href="https://www.amazon.com/dp/B097TD8V5P?tag=eloabder-20&linkCode=osi&th=1&psc=1">View Product</a></div><div class="product"><a href="https://www.amazon.com/dp/B0CG8W3YTG?tag=eloabder-20&linkCode=osi&th=1&psc=1"><img src="https://m.media-amazon.com/images/I/41o-dYH8ZFL._SL500_.jpg" alt="Product Image"></a><p>spoonlemon Sparkling Water Maker,Soda Streaming Machine for Home Use, Carbonated Water Machine with BPA Free 1L PET Bottle, Compatible with Any Screw-in 60L CO2 Exchange Carbonator, Black</p><p> -40% 0FF </p><p>$29.99</p><a href="https://www.amazon.com/dp/B0CG8W3YTG?tag=eloabder-20&linkCode=osi&th=1&psc=1">View Product</a></div>
<div class="product"><a href="https://www.amazon.com/dp/B0CNV1ZVFY?tag=eloabder-20&linkCode=osi&th=1&psc=1"><img src="https://m.media-amazon.com/images/I/51-GQToXwtL._SL500_.jpg" alt="Product Image"></a><p>Zulay Powerful Milk Frother (4 Duracell Batteries Included) - Handheld Milk Frother Wand Drink Mixer for Coffee - Powerful Milk Foamer for Cappuccino, Frappe, Matcha & Coffee Creamer - Black</p><p> -27% 0FF </p><p>$15.99</p><a href="https://www.amazon.com/dp/B0CNV1ZVFY?tag=eloabder-20&linkCode=osi&th=1&psc=1">View Product</a></div><div class="product"><a href="https://www.amazon.com/dp/B0CQS3ZS76?tag=eloabder-20&linkCode=osi&th=1&psc=1"><img src="https://m.media-amazon.com/images/I/41Qi-eOYOAL._SL500_.jpg" alt="Product Image"></a><p>5-in-1 Milk Frother and Steamer - Upgraded Automatic Milk Steamer 11.8oz Hot & Cold Foam Maker and Milk Warmer with LED Display Touch Screen & Two Whisks for Latte,Cappuccinos,Silent Working</p><p> -20% 0FF </p><p>$36.98</p><a href="https://www.amazon.com/dp/B0CQS3ZS76?tag=eloabder-20&linkCode=osi&th=1&psc=1">View Product</a></div><div class="product"><a href="https://www.amazon.com/dp/B0CT43RWPQ?tag=eloabder-20&linkCode=osi&th=1&psc=1"><img src="https://m.media-amazon.com/images/I/3113HSHcJUL._SL500_.jpg" alt="Product Image"></a><p>Keurig® SimpleCafé Milk Frother</p><p> -20% 0FF </p><p>$23.99</p><a href="https://www.amazon.com/dp/B0CT43RWPQ?tag=eloabder-20&linkCode=osi&th=1&psc=1">View Product</a></div>
<div class="product"><a href="https://www.amazon.com/dp/B00ZGCKLE2?tag=eloabder-20&linkCode=osi&th=1&psc=1"><img src="https://m.media-amazon.com/images/I/31i6YnOvfAL._SL500_.jpg" alt="Product Image"></a><p>DASH Deluxe Rapid Egg Cooker for Hard Boiled, Poached, Scrambled Eggs, Omelets, Steamed Vegetables, Dumplings & More, 12 capacity, with Auto Shut Off Feature - Black</p><p> -8% 0FF </p><p>$22.94</p><a href="https://www.amazon.com/dp/B00ZGCKLE2?tag=eloabder-20&linkCode=osi&th=1&psc=1">View Product</a></div><div class="product"><a href="https://www.amazon.com/dp/B09YFBKGCS?tag=eloabder-20&linkCode=osi&th=1&psc=1"><img src="https://m.media-amazon.com/images/I/31eiNcNseHL._SL500_.jpg" alt="Product Image"></a><p>Elite Gourmet Easy Electric 7 Egg Capacity Soft, Medium, Hard-Boiled Cooker Poacher, Scrambled, Omelet Maker with Auto Shut-Off and Buzzer, BPA Free</p><p> -7% 0FF </p><p>$13.99</p><a href="https://www.amazon.com/dp/B09YFBKGCS?tag=eloabder-20&linkCode=osi&th=1&psc=1">View Product</a></div>
<div class="product"><a href="https://www.amazon.com/dp/B0D69JWL18?tag=eloabder-20&linkCode=osi&th=1&psc=1"><img src="https://m.media-amazon.com/images/I/41kYQfIKwhL._SL500_.jpg" alt="Product Image"></a><p>Electric Meat Grinder, Sausage Stuffer Maker 450W(3000W Max) Food Grinder with Blade & 3 Plates, Sausage Stuffer Tubes & Kubbe Kit, Stainless Steel Heavy Duty Meat Mincer Machine for Home Kitchen Use</p><p> -15% 0FF </p><p>$68.99</p><a href="https://www.amazon.com/dp/B0D69JWL18?tag=eloabder-20&linkCode=osi&th=1&psc=1">View Product</a></div>
<div class="product"><a href="https://www.amazon.com/dp/B0DFMVWB9L?tag=eloabder-20&linkCode=osi&th=1&psc=1"><img src="https://m.media-amazon.com/images/I/419rFpp0fLL._SL500_.jpg" alt="Product Image"></a><p>Dough Mixer 7L Large Capacity Electric Dough Maker with Ferment Function for Baking Bread Dough&Pizza Dough - Dough whisk 304 Stainless Steel Blender Add water/seasoning with Top Small Window</p><p> -33% 0FF </p><p>$93.99</p><a href="https://www.amazon.com/dp/B0DFMVWB9L?tag=eloabder-20&linkCode=osi&th=1&psc=1">View Product</a></div><div class="product"><a href="https://www.amazon.com/dp/B09BVDKSTN?tag=eloabder-20&linkCode=osi&th=1&psc=1"><img src="https://m.media-amazon.com/images/I/41Y7r4SvteL._SL500_.jpg" alt="Product Image"></a><p>Kitchen in the box Stand Mixer,3.2Qt Small Electric Food Mixer,6 Speeds Portable Lightweight Kitchen Mixer for Daily Use with Egg Whisk,Dough Hook,Flat Beater (Blue)</p><p> -20% 0FF </p><p>$79.99</p><a href="https://www.amazon.com/dp/B09BVDKSTN?tag=eloabder-20&linkCode=osi&th=1&psc=1">View Product</a></div><div class="product"><a href="https://www.amazon.com/dp/B0DDT7GKZS?tag=eloabder-20&linkCode=osi&th=1&psc=1"><img src="https://m.media-amazon.com/images/I/41l9zrpiWsL._SL500_.jpg" alt="Product Image"></a><p>Electric Dough Maker with Ferment Function, 5L(5.2QT) Dough Mixer Machine with 304 Stainless Steel Bowl, Microcomputer Timing, Kitchen Stand Mixers, Household Flour Kneading Machine for Pizza Bread</p><p> -10% 0FF </p><p>$89.99</p><a href="https://www.amazon.com/dp/B0DDT7GKZS?tag=eloabder-20&linkCode=osi&th=1&psc=1">View Product</a></div>
<div class="product"><a href="https://www.amazon.com/dp/B006N453NQ?tag=eloabder-20&linkCode=osi&th=1&psc=1"><img src="https://m.media-amazon.com/images/I/311EqpHCn9L._SL500_.jpg" alt="Product Image"></a><p>IMUSA USA Tortilla Press, 8 Inch, Silver</p><p> -38% 0FF </p><p>$12.39</p><a href="https://www.amazon.com/dp/B006N453NQ?tag=eloabder-20&linkCode=osi&th=1&psc=1">View Product</a></div><div class="product"><a href="https://www.amazon.com/dp/B00455NTOU?tag=eloabder-20&linkCode=osi&th=1&psc=1"><img src="https://m.media-amazon.com/images/I/41OXJbbz3fL._SL500_.jpg" alt="Product Image"></a><p>CucinaPro Electric Tortilla Maker - 10" Pitas, Chapati, Roti, Flatbread, Non-Stick Cooking Plates with Ready Light and Cord Wrap</p><p> -12% 0FF </p><p>$61.65</p><a href="https://www.amazon.com/dp/B00455NTOU?tag=eloabder-20&linkCode=osi&th=1&psc=1">View Product</a></div><div class="product"><a href="https://www.amazon.com/dp/B00IFDGST6?tag=eloabder-20&linkCode=osi&th=1&psc=1"><img src="https://m.media-amazon.com/images/I/41gVmZedZML._SL500_.jpg" alt="Product Image"></a><p>Manual Corn Tortilla Maker by Monarca</p><p> -29% 0FF </p><p>$105.78</p><a href="https://www.amazon.com/dp/B00IFDGST6?tag=eloabder-20&linkCode=osi&th=1&psc=1">View Product</a></div><div class="product"><a href="https://www.amazon.com/dp/B0CRF6ZZDJ?tag=eloabder-20&linkCode=osi&th=1&psc=1"><img src="https://m.media-amazon.com/images/I/41NLGn3m6PL._SL500_.jpg" alt="Product Image"></a><p>10inch Roti Maker by StarBlue with FREE Roti Warmer and Removable Handle - The automatic Stainless Steel Non-Stick Electric machine to make Indian style Chapati, Tortilla, Roti AC 110V 50/60Hz 1200W</p><p> -13% 0FF </p><p>$69.99</p><a href="https://www.amazon.com/dp/B0CRF6ZZDJ?tag=eloabder-20&linkCode=osi&th=1&psc=1">View Product</a></div><div class="product"><a href="https://www.amazon.com/dp/B06XWNDKW7?tag=eloabder-20&linkCode=osi&th=1&psc=1"><img src="https://m.media-amazon.com/images/I/41nx+omSxCL._SL500_.jpg" alt="Product Image"></a><p>Made in Mexico Manual Corn Tortilla Maker GONZALEZ Maquina Tortilladora Aluminum 5.5" Automatic Cutting Machine</p><p> -5% 0FF </p><p>$209.87</p><a href="https://www.amazon.com/dp/B06XWNDKW7?tag=eloabder-20&linkCode=osi&th=1&psc=1">View Product</a></div>
<div class="product"><a href="https://www.amazon.com/dp/B0C82BY7CK?tag=eloabder-20&linkCode=osi&th=1&psc=1"><img src="https://m.media-amazon.com/images/I/51c+eLUrDVL._SL500_.jpg" alt="Product Image"></a><p>nutrichef Electric Crepe Maker Pan & Griddle, 12 Inch Nonstick Cooktop, LED Indicators & Adjustable Temperature Control, Includes Spatula, Batter Spreader, Cooks Crepes, Roti & Pancakes</p><p> -17% 0FF </p><p>$24.99</p><a href="https://www.amazon.com/dp/B0C82BY7CK?tag=eloabder-20&linkCode=osi&th=1&psc=1">View Product</a></div><div class="product"><a href="https://www.amazon.com/dp/B000WW46QA?tag=eloabder-20&linkCode=osi&th=1&psc=1"><img src="https://m.media-amazon.com/images/I/41CY+mgFAmL._SL500_.jpg" alt="Product Image"></a><p>CucinaPro Cordless Crepe Maker- FREE Recipe Guide, NonStick Dipping Plate plus Electric Base & Batter Spatula, Portable Compact Baker, Homemade Holiday Morning Breakfast or Dessert Treat, Gift for Her</p><p> -20% 0FF </p><p>$39.95</p><a href="https://www.amazon.com/dp/B000WW46QA?tag=eloabder-20&linkCode=osi&th=1&psc=1">View Product</a></div><div class="product"><a href="https://www.amazon.com/dp/B07GSFVVDB?tag=eloabder-20&linkCode=osi&th=1&psc=1"><img src="https://m.media-amazon.com/images/I/51XKEoqpDBL._SL500_.jpg" alt="Product Image"></a><p>Crepe Maker Machine (Easy to Use), Pancake Griddle – Nonstick 12” Electric Griddle – Pancake Maker, Batter Spreader, Wooden Spatula – Crepe Pan for Crepes Roti, Tortilla, Blintzes – Portable, Compact</p><p> -36% 0FF </p><p>$31.99 ($0.77 / oz)</p><a href="https://www.amazon.com/dp/B07GSFVVDB?tag=eloabder-20&linkCode=osi&th=1&psc=1">View Product</a></div><div class="product"><a href="https://www.amazon.com/dp/B001EZCJL8?tag=eloabder-20&linkCode=osi&th=1&psc=1"><img src="https://m.media-amazon.com/images/I/51Ih03aFGjL._SL500_.jpg" alt="Product Image"></a><p>12" Griddle & Crepe Maker, Non-Stick Electric Crepe Pan w Batter Spreader & Recipe Guide- Dual Use for Blintzes Eggs Pancakes, Portable, Adjustable Temperature Settings - Holiday Breakfast, Xmas Gift</p><p> -20% 0FF </p><p>$39.95</p><a href="https://www.amazon.com/dp/B001EZCJL8?tag=eloabder-20&linkCode=osi&th=1&psc=1">View Product</a></div>
<div class="product"><a href="https://www.amazon.com/dp/B000FZ4TZC?tag=eloabder-20&linkCode=osi&th=1&psc=1"><img src="https://m.media-amazon.com/images/I/31nyHOkItNL._SL500_.jpg" alt="Product Image"></a><p>Nostalgia 3 Tier Electric Chocolate Fondue Fountain Machine for Parties - Melts Cheese, Queso, Candy, and Liqueur - Dip Strawberries, Apple Wedges, Vegetables, and More - 24-Ounce - Black, Small</p><p> -13% 0FF </p><p>$34.99</p><a href="https://www.amazon.com/dp/B000FZ4TZC?tag=eloabder-20&linkCode=osi&th=1&psc=1">View Product</a></div><div class="product"><a href="https://www.amazon.com/dp/B0D7SZXBRW?tag=eloabder-20&linkCode=osi&th=1&psc=1"><img src="https://m.media-amazon.com/images/I/41+DhKbj5zL._SL500_.jpg" alt="Product Image"></a><p>Electric Chocolate Fondue Fountain Machine, 3-Tier Chocolate and Cheese Melting Fountain with 10oz Capacity, Stainless Steel Mini Chocolate Fountain for Parties, Weddings, Birthdays, and Events</p><p> -24% 0FF </p><p>$18.99</p><a href="https://www.amazon.com/dp/B0D7SZXBRW?tag=eloabder-20&linkCode=osi&th=1&psc=1">View Product</a></div>
<div class="product"><a href="https://www.amazon.com/dp/B0888F15LM?tag=eloabder-20&linkCode=osi&th=1&psc=1"><img src="https://m.media-amazon.com/images/I/41Ikd-J1tpL._SL500_.jpg" alt="Product Image"></a><p>Taylor Swoden Electric Kettle with Tea Infuser, 1L Small Electric Tea Kettle with Keep Warm, LED Light Hot Water Boiler & Heater for Coffee & Tea, Auto Shut-Off & Boil Dry Protection, BPA Free, Black</p><p> -7% 0FF </p><p>$27.99</p><a href="https://www.amazon.com/dp/B0888F15LM?tag=eloabder-20&linkCode=osi&th=1&psc=1">View Product</a></div>
<div class="product"><a href="https://www.amazon.com/dp/B07X6C6J25?tag=eloabder-20&linkCode=osi&th=1&psc=1"><img src="https://m.media-amazon.com/images/I/41RaGumc3qL._SL500_.jpg" alt="Product Image"></a><p>ALINK 5-Pack Bottle Brush Cleaner - Long Bamboo Handle Water Bottle Straw Cleaning Brush for Washing Narrow Neck Beer Wine Decanter, Sports Bottle, Thermos, Flask</p><p> -29% 0FF </p><p>$9.99</p><a href="https://www.amazon.com/dp/B07X6C6J25?tag=eloabder-20&linkCode=osi&th=1&psc=1">View Product</a></div><div class="product"><a href="https://www.amazon.com/dp/B0BQLGCQVD?tag=eloabder-20&linkCode=osi&th=1&psc=1"><img src="https://m.media-amazon.com/images/I/3144LGFz9-L._SL500_.jpg" alt="Product Image"></a><p>5 Pcs Bottle Brush with Stainless Steel and Long Handle, Specialized for Sports Bottles, Baby Bottle, Cups, Coffee Mugs, Glasswares, Tumblers, Wine Decanters Cleaning</p><p> -25% 0FF </p><p>$1.50</p><a href="https://www.amazon.com/dp/B0BQLGCQVD?tag=eloabder-20&linkCode=osi&th=1&psc=1">View Product</a></div>
<div class="product"><a href="https://www.amazon.com/dp/B01EVHWNVG?tag=eloabder-20&linkCode=osi&th=1&psc=1"><img src="https://m.media-amazon.com/images/I/41DiyhHQuzL._SL500_.jpg" alt="Product Image"></a><p>Zojirushi NS-LGC05XB Micom Rice Cooker & Warmer, 3-Cups (uncooked), Stainless Black</p><p> -27% 0FF </p><p>$142.14</p><a href="https://www.amazon.com/dp/B01EVHWNVG?tag=eloabder-20&linkCode=osi&th=1&psc=1">View Product</a></div><div class="product"><a href="https://www.amazon.com/dp/B098BVDKYK?tag=eloabder-20&linkCode=osi&th=1&psc=1"><img src="https://m.media-amazon.com/images/I/31LwHSfartL._SL500_.jpg" alt="Product Image"></a><p>Aroma Housewares 4-Cups (Cooked) / 1Qt. Rice & Grain Cooker (ARC-302NGP), Pink</p><p> -20% 0FF </p><p>$19.99</p><a href="https://www.amazon.com/dp/B098BVDKYK?tag=eloabder-20&linkCode=osi&th=1&psc=1">View Product</a></div><div class="product"><a href="https://www.amazon.com/dp/B091BZQMMT?tag=eloabder-20&linkCode=osi&th=1&psc=1"><img src="https://m.media-amazon.com/images/I/31L3e+bmJ3L._SL500_.jpg" alt="Product Image"></a><p>GreenLife 4-Cup Digital Rice Cooker, PFAS & PFOA-Free Removable Ceramic Dishwasher Safe Pot, Healthy Cooking Oats Grains & More, Auto Presets, Touch-screen, Delay & Keep Warm, Paddle Included, White</p><p> -34% 0FF </p><p>$33.00</p><a href="https://www.amazon.com/dp/B091BZQMMT?tag=eloabder-20&linkCode=osi&th=1&psc=1">View Product</a></div><div class="product"><a href="https://www.amazon.com/dp/B00007J5U7?tag=eloabder-20&linkCode=osi&th=1&psc=1"><img src="https://m.media-amazon.com/images/I/31wuPFARpOS._SL500_.jpg" alt="Product Image"></a><p>Zojirushi NS-ZCC10 5-1/2-Cup Neuro Fuzzy Rice Cooker and Warmer, Premium White</p><p> -18% 0FF </p><p>$199.99</p><a href="https://www.amazon.com/dp/B00007J5U7?tag=eloabder-20&linkCode=osi&th=1&psc=1">View Product</a></div>
<div class="product"><a href="https://www.amazon.com/dp/B01LYR6VNZ?tag=eloabder-20&linkCode=osi&th=1&psc=1"><img src="https://m.media-amazon.com/images/I/51BYZ5qkPBL._SL500_.jpg" alt="Product Image"></a><p>BLACK+DECKER 1.5-Cup Electric Food Chopper, One Touch Pulse, 150W Motor, Stay-Sharp Blade, Dishwasher Safe</p><p> -15% 0FF </p><p>$16.99</p><a href="https://www.amazon.com/dp/B01LYR6VNZ?tag=eloabder-20&linkCode=osi&th=1&psc=1">View Product</a></div><div class="product"><a href="https://www.amazon.com/dp/B01LX8I3R3?tag=eloabder-20&linkCode=osi&th=1&psc=1"><img src="https://m.media-amazon.com/images/I/31OuiPMscGL._SL500_.jpg" alt="Product Image"></a><p>KitchenAid KFC3516CU 3.5 Cup Food Chopper, Contour Silver</p><p> -25% 0FF </p><p>$44.95</p><a href="https://www.amazon.com/dp/B01LX8I3R3?tag=eloabder-20&linkCode=osi&th=1&psc=1">View Product</a></div><div class="product"><a href="https://www.amazon.com/dp/B00006IUX0?tag=eloabder-20&linkCode=osi&th=1&psc=1"><img src="https://m.media-amazon.com/images/I/41DiC1LmvUL._SL500_.jpg" alt="Product Image"></a><p>Proctor Silex Durable Electric Vegetable Chopper & Mini Food Processor for Chopping, Puree & Emulsify, 1.5 Cup, 1.5 cups, White</p><p> -17% 0FF </p><p>$14.99</p><a href="https://www.amazon.com/dp/B00006IUX0?tag=eloabder-20&linkCode=osi&th=1&psc=1">View Product</a></div><div class="product"><a href="https://www.amazon.com/dp/B0CSYVGP9S?tag=eloabder-20&linkCode=osi&th=1&psc=1"><img src="https://m.media-amazon.com/images/I/41kBleyq34L._SL500_.jpg" alt="Product Image"></a><p>DEVINC Food Processor, Electric Food Chopper with 2 Bowls (8 Cup+8 Cup), 2 Sets Blades, 500W Meat Grinder & Veggie Chopper, 2 Speed for Baby food &Family Use Blue</p><p> -40% 0FF </p><p>$29.99</p><a href="https://www.amazon.com/dp/B0CSYVGP9S?tag=eloabder-20&linkCode=osi&th=1&psc=1">View Product</a></div>
<div class="product"><a href="https://www.amazon.com/dp/B07D7TFTVN?tag=eloabder-20&linkCode=osi&th=1&psc=1"><img src="https://m.media-amazon.com/images/I/31ZeQnL1X4L._SL500_.jpg" alt="Product Image"></a><p>Elite Gourmet EMT-625B Ultimate Precision Electric Deli Food Meat Slicer Removable Stainless Steel Blade, Adjustable Thickness, Ideal for Cold Cuts, Hard Cheese, Vegetables & Bread, 7.5”, Black</p><p> -25% 0FF </p><p>$60.24</p><a href="https://www.amazon.com/dp/B07D7TFTVN?tag=eloabder-20&linkCode=osi&th=1&psc=1">View Product</a></div><div class="product"><a href="https://www.amazon.com/dp/B0CLDD8DHP?tag=eloabder-20&linkCode=osi&th=1&psc=1"><img src="https://m.media-amazon.com/images/I/41ScDNLkLAL._SL500_.jpg" alt="Product Image"></a><p>Meat Slicer,TOKASS Electric Deli Food Slicer with Removable 7.5’’ Stainless Steel Blade, Adjustable Thickness Meat Slicer for Home Use, Child Lock Protection, Easy to Clean, Food Slicer Machine-Silver</p><p> -5% 0FF </p><p>$89.99</p><a href="https://www.amazon.com/dp/B0CLDD8DHP?tag=eloabder-20&linkCode=osi&th=1&psc=1">View Product</a></div><div class="product"><a href="https://www.amazon.com/dp/B08FWZ9J18?tag=eloabder-20&linkCode=osi&th=1&psc=1"><img src="https://m.media-amazon.com/images/I/41YjSPaAYwL._SL500_.jpg" alt="Product Image"></a><p>Meat Slicer, Techwood Electric Deil Food Slicer with Removable 9” Stainless Steel Blade, Deli Cheese Fruit Vegetable Bread Cutter with Adjustable Knob for Thickness, Food Carriage & Non-Slip Feet</p><p> -22% 0FF </p><p>$139.98</p><a href="https://www.amazon.com/dp/B08FWZ9J18?tag=eloabder-20&linkCode=osi&th=1&psc=1">View Product</a></div>
<div class="product"><a href="https://www.amazon.com/dp/B00XPRRHYW?tag=eloabder-20&linkCode=osi&th=1&psc=1"><img src="https://m.media-amazon.com/images/I/31dUvP1wfeL._SL500_.jpg" alt="Product Image"></a><p>KitchenAid Fruit and Vegetable Spiralizer Attachment Stand Mixer, Polished Aluminum</p><p> -46% 0FF </p><p>$69.99</p><a href="https://www.amazon.com/dp/B00XPRRHYW?tag=eloabder-20&linkCode=osi&th=1&psc=1">View Product</a></div>
<div class="product"><a href="https://www.amazon.com/dp/B07DD3CPMW?tag=eloabder-20&linkCode=osi&th=1&psc=1"><img src="https://m.media-amazon.com/images/I/415ikDbvbCL._SL500_.jpg" alt="Product Image"></a><p>OVENTE Portable 5 Speed Mixing Electric Hand Mixer with Stainless Steel Whisk Beater Attachments & Snap Storage Case, Compact Lightweight 150 Watt Powerful Blender for Baking & Cooking, Red HM151R</p><p> -8% 0FF </p><p>$15.63</p><a href="https://www.amazon.com/dp/B07DD3CPMW?tag=eloabder-20&linkCode=osi&th=1&psc=1">View Product</a></div><div class="product"><a href="https://www.amazon.com/dp/B009N68ULS?tag=eloabder-20&linkCode=osi&th=1&psc=1"><img src="https://m.media-amazon.com/images/I/31pxKM3rl7L._SL500_.jpg" alt="Product Image"></a><p>KitchenAid 5 Speed Ultra Power Hand Mixer, Onyx Black</p><p> -25% 0FF </p><p>$44.95</p><a href="https://www.amazon.com/dp/B009N68ULS?tag=eloabder-20&linkCode=osi&th=1&psc=1">View Product</a></div><div class="product"><a href="https://www.amazon.com/dp/B09JV8DBX5?tag=eloabder-20&linkCode=osi&th=1&psc=1"><img src="https://m.media-amazon.com/images/I/31rRc0J8DTL._SL500_.jpg" alt="Product Image"></a><p>KitchenAid 6 Speed Hand Mixer with Flex Edge Beaters - KHM6118</p><p> -25% 0FF </p><p>$59.99</p><a href="https://www.amazon.com/dp/B09JV8DBX5?tag=eloabder-20&linkCode=osi&th=1&psc=1">View Product</a></div><div class="product"><a href="https://www.amazon.com/dp/B0BS75GLH2?tag=eloabder-20&linkCode=osi&th=1&psc=1"><img src="https://m.media-amazon.com/images/I/31Dss3HeqwL._SL500_.jpg" alt="Product Image"></a><p>Electric Egg Beater, Cordless Hand Mixer 3 Speeds for Home Baking (Black)</p><p> -11% 0FF </p><p>$15.97</p><a href="https://www.amazon.com/dp/B0BS75GLH2?tag=eloabder-20&linkCode=osi&th=1&psc=1">View Product</a></div><div class="product"><a href="https://www.amazon.com/dp/B075X1KPLZ?tag=eloabder-20&linkCode=osi&th=1&psc=1"><img src="https://m.media-amazon.com/images/I/515aqZsYz-L._SL500_.jpg" alt="Product Image"></a><p>Mueller Immersion Blender Handheld - 8 Speed Stainless Steel Electric Hand Blender, 3 in 1 Emulsion Blender Handheld with Turbo Mode, Stick Blender Emulsifier for Kitchen for Soup, Smoothie, Puree</p><p> -13% 0FF </p><p>$34.99</p><a href="https://www.amazon.com/dp/B075X1KPLZ?tag=eloabder-20&linkCode=osi&th=1&psc=1">View Product</a></div>
<div class="product"><a href="https://www.amazon.com/dp/B07GJXFCGR?tag=eloabder-20&linkCode=osi&th=1&psc=1"><img src="https://m.media-amazon.com/images/I/41bfOIwQ93L._SL500_.jpg" alt="Product Image"></a><p>Whisk Wiper® PRO compatible with KitchenAid Bowl-Lift Stand Mixers - Mix Without The Mess - The Ultimate Stand Mixer Accessory - Only Compatible With 6-Wire Whisks (Glass Blue)</p><p> -5% 0FF </p><p>$18.95</p><a href="https://www.amazon.com/dp/B07GJXFCGR?tag=eloabder-20&linkCode=osi&th=1&psc=1">View Product</a></div><div class="product"><a href="https://www.amazon.com/dp/B07796MWGN?tag=eloabder-20&linkCode=osi&th=1&psc=1"><img src="https://m.media-amazon.com/images/I/41GMDDQ6GWL._SL500_.jpg" alt="Product Image"></a><p>Whisk Wiper® PRO for Stand Mixers - Mix Without The Mess - The Ultimate Stand Mixer Accessory - Compatible With KitchenAid Tilt-Head Stand Mixers - 4.5qt, 5qt (Color: Clear)</p><p> -5% 0FF </p><p>$18.95</p><a href="https://www.amazon.com/dp/B07796MWGN?tag=eloabder-20&linkCode=osi&th=1&psc=1">View Product</a></div><div class="product"><a href="https://www.amazon.com/dp/B091F4PDNH?tag=eloabder-20&linkCode=osi&th=1&psc=1"><img src="https://m.media-amazon.com/images/I/31sUVweurbL._SL500_.jpg" alt="Product Image"></a><p>3- in-1 Immersion Hand blender, Powerful MOTOR & Stainless Steel Stick Blender, 4 Sharpe Blades with Whisk, Milk Frother Attachments</p><p> -16% 0FF </p><p>$22.80</p><a href="https://www.amazon.com/dp/B091F4PDNH?tag=eloabder-20&linkCode=osi&th=1&psc=1">View Product</a></div><div class="product"><a href="https://www.amazon.com/dp/B0CH4YZMTN?tag=eloabder-20&linkCode=osi&th=1&psc=1"><img src="https://m.media-amazon.com/images/I/41Q0AfduopL._SL500_.jpg" alt="Product Image"></a><p>Double Whisk Milk Frother, Handheld Electric Blender stick, Drink Mixer with Food Grade Stainless Steel Stirrer, Battery Operated Foam Maker for Coffee, Cappuccino, Matcha,Hot Chocolate Latte, in Pink</p><p> -20% 0FF </p><p>$7.99</p><a href="https://www.amazon.com/dp/B0CH4YZMTN?tag=eloabder-20&linkCode=osi&th=1&psc=1">View Product</a></div>
<div class="product"><a href="https://www.amazon.com/dp/B072TNMLNF?tag=eloabder-20&linkCode=osi&th=1&psc=1"><img src="https://m.media-amazon.com/images/I/41OnUdyH+sL._SL500_.jpg" alt="Product Image"></a><p>KitchenAid Vegetable Sheet Cutter, 1, Metallic</p><p> -38% 0FF </p><p>$79.99</p><a href="https://www.amazon.com/dp/B072TNMLNF?tag=eloabder-20&linkCode=osi&th=1&psc=1">View Product</a></div><div class="product"><a href="https://www.amazon.com/dp/B08GS17PFW?tag=eloabder-20&linkCode=osi&th=1&psc=1"><img src="https://m.media-amazon.com/images/I/41wT8q2I1aL._SL500_.jpg" alt="Product Image"></a><p>Spiralizer Attachment (5 Blades) Compatible with KitchenAid Stand Mixer, Comes with Peel, Core and Slice (Not KitchenAid Brand Spiralizer)</p><p> -22% 0FF </p><p>$69.98</p><a href="https://www.amazon.com/dp/B08GS17PFW?tag=eloabder-20&linkCode=osi&th=1&psc=1">View Product</a></div><div class="product"><a href="https://www.amazon.com/dp/B07H4K499J?tag=eloabder-20&linkCode=osi&th=1&psc=1"><img src="https://m.media-amazon.com/images/I/41y9+qxAXXL._SL500_.jpg" alt="Product Image"></a><p>Electric Food Processor,Food Chopper with Garlic Peeler and Titanium Coating Blades, 5 Cup Glass Bowl for Vegetables Fruit Salad Onion Garlic Meat Ice Chopper, Silver</p><p> -7% 0FF </p><p>$41.99</p><a href="https://www.amazon.com/dp/B07H4K499J?tag=eloabder-20&linkCode=osi&th=1&psc=1">View Product</a></div><div class="product"><a href="https://www.amazon.com/dp/B0D54CYJWN?tag=eloabder-20&linkCode=osi&th=1&psc=1"><img src="https://m.media-amazon.com/images/I/41JhLwIwMEL._SL500_.jpg" alt="Product Image"></a><p>Sunvivi Electric Food Chopper, 4 in 1 Small Food Processor for Grinding Meat, Peeling Garlic & Juicing, 2 Speed Blender and Food Grinder Combo with 1.5L Glass Bowl & 2 Cups (0.4L+0.2L), Black</p><p> -17% 0FF </p><p>$49.99</p><a href="https://www.amazon.com/dp/B0D54CYJWN?tag=eloabder-20&linkCode=osi&th=1&psc=1">View Product</a></div>
<div class="product"><a href="https://www.amazon.com/dp/B0CJLKS9CR?tag=eloabder-20&linkCode=osi&th=1&psc=1"><img src="https://m.media-amazon.com/images/I/41l9Ty14tRL._SL500_.jpg" alt="Product Image"></a><p>Mason Jar Vacuum Sealer - Electric Mason Jar Sealer Vacuum Sealing Kit, Vacuum Sealer for Mason Canning Jars with Can Opener, Regular and Wide Mouth Mason Jar Lids</p><p> -63% 0FF </p><p>$21.99</p><a href="https://www.amazon.com/dp/B0CJLKS9CR?tag=eloabder-20&linkCode=osi&th=1&psc=1">View Product</a></div>
<div class="product"><a href="https://www.amazon.com/dp/B01261VEOG?tag=eloabder-20&linkCode=osi&th=1&psc=1"><img src="https://m.media-amazon.com/images/I/418kVwEu+dL._SL500_.jpg" alt="Product Image"></a><p>Secura Electric Wine Opener, Automatic Electric Wine Bottle Corkscrew Opener with Foil Cutter, Rechargeable (Stainless Steel)</p><p> -35% 0FF </p><p>$21.77</p><a href="https://www.amazon.com/dp/B01261VEOG?tag=eloabder-20&linkCode=osi&th=1&psc=1">View Product</a></div><div class="product"><a href="https://www.amazon.com/dp/B07MH2W7QS?tag=eloabder-20&linkCode=osi&th=1&psc=1"><img src="https://m.media-amazon.com/images/I/41SB3Mq+ZtL._SL500_.jpg" alt="Product Image"></a><p>Air Pressure Pump Bottle Opener With Foil Cutter,Aerator Pourer,Vacuum Stopper(4PCS),Simple Cork Remover,Efficient Corkscrew Bottle Opener,Great For Wine Lovers,Perfect Wine Gift.</p><p> -33% 0FF </p><p>$9.99</p><a href="https://www.amazon.com/dp/B07MH2W7QS?tag=eloabder-20&linkCode=osi&th=1&psc=1">View Product</a></div><div class="product"><a href="https://www.amazon.com/dp/B08D8XHNXQ?tag=eloabder-20&linkCode=osi&th=1&psc=1"><img src="https://m.media-amazon.com/images/I/412uOa7TXAL._SL500_.jpg" alt="Product Image"></a><p>COKUNST Electric Wine Opener, Battery Operated Wine Bottle Openers with Foil Cutter, One-click Button Corkscrew Remover for Home Kitchen Party Wedding</p><p> -32% 0FF </p><p>$12.99</p><a href="https://www.amazon.com/dp/B08D8XHNXQ?tag=eloabder-20&linkCode=osi&th=1&psc=1">View Product</a></div><div class="product"><a href="https://www.amazon.com/dp/B00NOPV4JO?tag=eloabder-20&linkCode=osi&th=1&psc=1"><img src="https://m.media-amazon.com/images/I/31Z5OAL71SL._SL500_.jpg" alt="Product Image"></a><p>Rabbit Automatic Electric Corkscrew Wine Bottle Opener, One Size, Shiny Black</p><p> -24% 0FF </p><p>$34.99</p><a href="https://www.amazon.com/dp/B00NOPV4JO?tag=eloabder-20&linkCode=osi&th=1&psc=1">View Product</a></div>
<div class="product"><a href="https://www.amazon.com/dp/B0C84YQTNB?tag=eloabder-20&linkCode=osi&th=1&psc=1"><img src="https://m.media-amazon.com/images/I/51eZxT5kAZL._SL500_.jpg" alt="Product Image"></a><p>OurWarm Christmas Refrigerator Handle Covers Set of 4, Christmas Kitchen Decor Nutcracker Fridge Door Handle Cover Appliance Handle Covers for Christmas Decorations</p><p> -23% 0FF </p><p>$9.99 ($2.50 / Count)</p><a href="https://www.amazon.com/dp/B0C84YQTNB?tag=eloabder-20&linkCode=osi&th=1&psc=1">View Product</a></div><div class="product"><a href="https://www.amazon.com/dp/B0DJPYJTLW?tag=eloabder-20&linkCode=osi&th=1&psc=1"><img src="https://m.media-amazon.com/images/I/41nftVACcIL._SL500_.jpg" alt="Product Image"></a><p>Yankee Candle Scentplug Diffuser, Nutcracker with Light Sensor</p><p> -13% 0FF </p><p>$19.89</p><a href="https://www.amazon.com/dp/B0DJPYJTLW?tag=eloabder-20&linkCode=osi&th=1&psc=1">View Product</a></div>
<div class="product"><a href="https://www.amazon.com/dp/B0BNQXXT2F?tag=eloabder-20&linkCode=osi&th=1&psc=1"><img src="https://m.media-amazon.com/images/I/31X0LkDwyKL._SL500_.jpg" alt="Product Image"></a><p>Hamilton Beach Electric Knife Set with Reciprocating Serrated Blades, Storage Case, Fork - For Carving Meats, Bread, Foam, More</p><p> -14% 0FF </p><p>$21.49</p><a href="https://www.amazon.com/dp/B0BNQXXT2F?tag=eloabder-20&linkCode=osi&th=1&psc=1">View Product</a></div><div class="product"><a href="https://www.amazon.com/dp/B00006IUX1?tag=eloabder-20&linkCode=osi&th=1&psc=1"><img src="https://m.media-amazon.com/images/I/21YsbXZzuqL._SL500_.jpg" alt="Product Image"></a><p>Proctor Silex Easy Slice Electric Knife for Carving Meats, Poultry, Bread, Crafting Foam and More, Lightweight with Contoured Grip, White</p><p> -5% 0FF </p><p>$18.99</p><a href="https://www.amazon.com/dp/B00006IUX1?tag=eloabder-20&linkCode=osi&th=1&psc=1">View Product</a></div>

<div class="product"><a href="https://www.amazon.com/dp/B079MJ68Y9?tag=eloabder-20&linkCode=osi&th=1&psc=1"><img src="https://m.media-amazon.com/images/I/211nSaqDuuL._SL500_.jpg" alt="Product Image"></a><p>OVENTE Electric Immersion Hand Blender 300 Watt 2 Mixing Speed with Stainless Steel Blades, Powerful Portable Easy Control Grip Stick Mixer Perfect for Smoothies, Puree Baby Food & Soup, Red HS560R</p><p> -23% 0FF </p><p>$16.96</p><a href="https://www.amazon.com/dp/B079MJ68Y9?tag=eloabder-20&linkCode=osi&th=1&psc=1">View Product</a></div><div class="product"><a href="https://www.amazon.com/dp/B08HSNGR8P?tag=eloabder-20&linkCode=osi&th=1&psc=1"><img src="https://m.media-amazon.com/images/I/510nvQxxbfL._SL500_.jpg" alt="Product Image"></a><p>Mueller Multistick 800W 4-in-1 Immersion Blender Handheld, 12 Speed Hand Mixer - Turbo Boost, Heaviest Duty Copper Motor, Titanium Blades Hand Blender, Milk Frother Wand, Whisk, Beaker, Chopper</p><p> -20% 0FF </p><p>$39.96</p><a href="https://www.amazon.com/dp/B08HSNGR8P?tag=eloabder-20&linkCode=osi&th=1&psc=1">View Product</a></div><div class="product"><a href="https://www.amazon.com/dp/B08F2SS6T2?tag=eloabder-20&linkCode=osi&th=1&psc=1"><img src="https://m.media-amazon.com/images/I/21TyV9p71CL._SL500_.jpg" alt="Product Image"></a><p>KitchenAid Variable Speed Corded Hand Blender KHBV53, Empire Red</p><p> -25% 0FF </p><p>$44.99</p><a href="https://www.amazon.com/dp/B08F2SS6T2?tag=eloabder-20&linkCode=osi&th=1&psc=1">View Product</a></div>
<div class="product"><a href="https://www.amazon.com/dp/B0DB29NMGK?tag=eloabder-20&linkCode=osi&th=1&psc=1"><img src="https://m.media-amazon.com/images/I/41zIfRgW1QL._SL500_.jpg" alt="Product Image"></a><p>Garlic Press, UHIYEE Multipurpose Garlic Grinder BPA-Free, Garlic Crusher Tool Dishwasher Safe, Easy-Clean Garlic Press Mincer, Ideal Kitchen Gifts</p><p> -14% 0FF </p><p>$18.95</p><a href="https://www.amazon.com/dp/B0DB29NMGK?tag=eloabder-20&linkCode=osi&th=1&psc=1">View Product</a></div><div class="product"><a href="https://www.amazon.com/dp/B0D969K4X6?tag=eloabder-20&linkCode=osi&th=1&psc=1"><img src="https://m.media-amazon.com/images/I/41oe5uMPzbL._SL500_.jpg" alt="Product Image"></a><p>KOIOS Food Processor, 500W Electric Food Chopper with 2 Bowls (8 Cup+8 Cup) & 2 Bi-Level Blades&, Small Electric Grinder Meat Processor for Nuts, Meat, Onion, Garlic, Baby Food, Blue</p><p> -25% 0FF </p><p>$29.99</p><a href="https://www.amazon.com/dp/B0D969K4X6?tag=eloabder-20&linkCode=osi&th=1&psc=1">View Product</a></div>
<div class="product"><a href="https://www.amazon.com/dp/B01MUTSU13?tag=eloabder-20&linkCode=osi&th=1&psc=1"><img src="https://m.media-amazon.com/images/I/41LObBw8jvL._SL500_.jpg" alt="Product Image"></a><p>KitchenAid Fresh Prep Slicer/Shredder, 1, White</p><p> -25% 0FF </p><p>$44.99</p><a href="https://www.amazon.com/dp/B01MUTSU13?tag=eloabder-20&linkCode=osi&th=1&psc=1">View Product</a></div><div class="product"><a href="https://www.amazon.com/dp/B0CRDX11GS?tag=eloabder-20&linkCode=osi&th=1&psc=1"><img src="https://m.media-amazon.com/images/I/41FzBxdrTHL._SL500_.jpg" alt="Product Image"></a><p>Heiolkako Stainless Steel Slicer Shredder Attachment for KitchenAid Stand Mixer,Cheese Grater,Salad Maker,Grinding Powder,Kitchenaid Cheese Grater Attachment with 4 Blades</p><p> -54% 0FF </p><p>$32.19</p><a href="https://www.amazon.com/dp/B0CRDX11GS?tag=eloabder-20&linkCode=osi&th=1&psc=1">View Product</a></div><div class="product"><a href="https://www.amazon.com/dp/B07H96RQDK?tag=eloabder-20&linkCode=osi&th=1&psc=1"><img src="https://m.media-amazon.com/images/I/41TaPboi9IL._SL500_.jpg" alt="Product Image"></a><p>Slicer Shredder Attachment for KitchenAid Stand Mixers, Vegetable for Kitchenaid, Cheese Grater by Gvode</p><p> -23% 0FF </p><p>$35.99</p><a href="https://www.amazon.com/dp/B07H96RQDK?tag=eloabder-20&linkCode=osi&th=1&psc=1">View Product</a></div><div class="product"><a href="https://www.amazon.com/dp/B09ZTVCN76?tag=eloabder-20&linkCode=osi&th=1&psc=1"><img src="https://m.media-amazon.com/images/I/51295QO3owL._SL500_.jpg" alt="Product Image"></a><p>FOHERE Electric Cheese Grater Salad Maker, Electric Slicer Shredder for Home Kitchen Use, One-Touch Easy Control, Electric Grater for Vegetables, Cheeses and Nuts, BPA-Free, Red</p><p> -8% 0FF </p><p>$54.99</p><a href="https://www.amazon.com/dp/B09ZTVCN76?tag=eloabder-20&linkCode=osi&th=1&psc=1">View Product</a></div><div class="product"><a href="https://www.amazon.com/dp/B00006IV0R?tag=eloabder-20&linkCode=osi&th=1&psc=1"><img src="https://m.media-amazon.com/images/I/41hdPUCSeiL._SL500_.jpg" alt="Product Image"></a><p>Presto Salad Shooter Electric Slicer/Shredder,White</p><p> -12% 0FF </p><p>$43.99</p><a href="https://www.amazon.com/dp/B00006IV0R?tag=eloabder-20&linkCode=osi&th=1&psc=1">View Product</a></div><div class="product"><a href="https://www.amazon.com/dp/B0000Z6JJG?tag=eloabder-20&linkCode=osi&th=1&psc=1"><img src="https://m.media-amazon.com/images/I/41qu0qCEbpL._SL500_.jpg" alt="Product Image"></a><p>Presto 02970 Professional SaladShooter Electric Slicer/Shredder, Black,1 count</p><p> -7% 0FF </p><p>$69.94</p><a href="https://www.amazon.com/dp/B0000Z6JJG?tag=eloabder-20&linkCode=osi&th=1&psc=1">View Product</a></div>
<div class="product"><a href="https://www.amazon.com/dp/B0CRH69TNQ?tag=eloabder-20&linkCode=osi&th=1&psc=1"><img src="https://m.media-amazon.com/images/I/41TdTRUZE+L._SL500_.jpg" alt="Product Image"></a><p>KSIFJRTO Electric Salad Spinner Large 4.75L.Vegetable Washer Dryer Dishwasher Safe.Lettuce Cleaner and Dryer.BPA Free and Easy to Use</p><p> -5% 0FF </p><p>$37.99</p><a href="https://www.amazon.com/dp/B0CRH69TNQ?tag=eloabder-20&linkCode=osi&th=1&psc=1">View Product</a></div><div class="product"><a href="https://www.amazon.com/dp/B0C8166T64?tag=eloabder-20&linkCode=osi&th=1&psc=1"><img src="https://m.media-amazon.com/images/I/51vSDD8O4XL._SL500_.jpg" alt="Product Image"></a><p>Electric Salad Spinner 6.3-Quart– Large Capacity Lettuce Spinner with Squeeze Bottle,Built-In Draining System,and Bowl & Colander – Serves 6-12 Persons Perfect for Family Meals, Parties and Gatherings</p><p> -20% 0FF </p><p>$39.99</p><a href="https://www.amazon.com/dp/B0C8166T64?tag=eloabder-20&linkCode=osi&th=1&psc=1">View Product</a></div><div class="product"><a href="https://www.amazon.com/dp/B0CBRXK8TV?tag=eloabder-20&linkCode=osi&th=1&psc=1"><img src="https://m.media-amazon.com/images/I/51F8UrWeiVL._SL500_.jpg" alt="Product Image"></a><p>Electric Salad Spinner,Automatic Salad Rotator,USB Chargeble Lettuce Spinner- Easy Water Drain System,Lettuce Cleaner and Dryer for Home Kitchen Washing & Drying Leafy Vegetables (White)</p><p> -11% 0FF </p><p>$32.99</p><a href="https://www.amazon.com/dp/B0CBRXK8TV?tag=eloabder-20&linkCode=osi&th=1&psc=1">View Product</a></div>
<div class="product"><a href="https://www.amazon.com/dp/B06XQMK2GJ?tag=eloabder-20&linkCode=osi&th=1&psc=1"><img src="https://m.media-amazon.com/images/I/31e1L9CJeZL._SL500_.jpg" alt="Product Image"></a><p>Hobart 00-270348 Tenderizer Cover, 13" Height, 13" Width, 9" Length</p><p> -43% 0FF </p><p>$153.87</p><a href="https://www.amazon.com/dp/B06XQMK2GJ?tag=eloabder-20&linkCode=osi&th=1&psc=1">View Product</a></div>
<div class="product"><a href="https://www.amazon.com/dp/B001DZ6TH4?tag=eloabder-20&linkCode=osi&th=1&psc=1"><img src="https://m.media-amazon.com/images/I/31WNioaDy-L._SL500_.jpg" alt="Product Image"></a><p>Tribest CitriStar Citrus Stainless Steel Strainer and Spout, Electric Juicer, White</p><p> -22% 0FF </p><p>$46.96</p><a href="https://www.amazon.com/dp/B001DZ6TH4?tag=eloabder-20&linkCode=osi&th=1&psc=1">View Product</a></div>
<div class="product"><a href="https://www.amazon.com/dp/B07SJQZVZS?tag=eloabder-20&linkCode=osi&th=1&psc=1"><img src="https://m.media-amazon.com/images/I/41F036om3pL._SL500_.jpg" alt="Product Image"></a><p>WEPSEN Hand Mixer Electric Mixing Bowls Set, 5 Speeds Handheld Mixer with 4 Nesting Stainless Steel Mixing Bowl, Measuring Cups Spoons 200W Kitchen Blender Whisk Beater Baking Supplies For Beginner</p><p> -5% 0FF </p><p>$40.99</p><a href="https://www.amazon.com/dp/B07SJQZVZS?tag=eloabder-20&linkCode=osi&th=1&psc=1">View Product</a></div><div class="product"><a href="https://www.amazon.com/dp/B08PYNC8T8?tag=eloabder-20&linkCode=osi&th=1&psc=1"><img src="https://m.media-amazon.com/images/I/31vrHycpiJL._SL500_.jpg" alt="Product Image"></a><p>Milk Frothing Pitcher, 12 Oz Milk Frother Steamer Cup Stainless Steel Espresso Cup</p><p> -28% 0FF </p><p>$8.69</p><a href="https://www.amazon.com/dp/B08PYNC8T8?tag=eloabder-20&linkCode=osi&th=1&psc=1">View Product</a></div><div class="product"><a href="https://www.amazon.com/dp/B08J3XXP67?tag=eloabder-20&linkCode=osi&th=1&psc=1"><img src="https://m.media-amazon.com/images/I/41OnPGc9k9L._SL500_.jpg" alt="Product Image"></a><p>EIKS 2 Pack 3oz(100ml) Glass Measuring Cups Milk Frothing Pitcher for Coffee Espresso Cappuccino Latte Juice Maker in Kitchen Restaurant</p><p> -16% 0FF </p><p>$9.99 ($5.00 / Count)</p><a href="https://www.amazon.com/dp/B08J3XXP67?tag=eloabder-20&linkCode=osi&th=1&psc=1">View Product</a></div>
<div class="product"><a href="https://www.amazon.com/dp/B0D41QZ9T2?tag=eloabder-20&linkCode=osi&th=1&psc=1"><img src="https://m.media-amazon.com/images/I/41V+hiXhcgL._SL500_.jpg" alt="Product Image"></a><p>3 in 1 Cup Lid Cleaning Brush, 2024 Multifunctional Crevice Portable Cup Lid Cleaning Brush for Bottle Gap Tight Spaces Cup (B-Green)</p><p> -60% 0FF </p><p>$3.99</p><a href="https://www.amazon.com/dp/B0D41QZ9T2?tag=eloabder-20&linkCode=osi&th=1&psc=1">View Product</a></div><div class="product"><a href="https://www.amazon.com/dp/B08ZJXMHR5?tag=eloabder-20&linkCode=osi&th=1&psc=1"><img src="https://m.media-amazon.com/images/I/31k9l0vz6VL._SL500_.jpg" alt="Product Image"></a><p>Brew Addicts Coffee Scoop Funnel for Reusable K Cups, Coffee Spoon Keurig Accessories for Keurig Brewers & Other Refillable Capsules, Dark Black</p><p> -9% 0FF </p><p>$8.99</p><a href="https://www.amazon.com/dp/B08ZJXMHR5?tag=eloabder-20&linkCode=osi&th=1&psc=1">View Product</a></div><div class="product"><a href="https://www.amazon.com/dp/B07C4TXDSL?tag=eloabder-20&linkCode=osi&th=1&psc=1"><img src="https://m.media-amazon.com/images/I/41BNPoEQz+L._SL500_.jpg" alt="Product Image"></a><p>Milk Frothing Pitcher Cup, 12oz/350ML Milk Frother Cup Stainless Steel Steaming Pitcher Milk Jug Coffee Latte Art Cappuccino Espresso Machine Accessories Barista Steam Pitchers Attached Dessert Spoons</p><p> -23% 0FF </p><p>$9.99</p><a href="https://www.amazon.com/dp/B07C4TXDSL?tag=eloabder-20&linkCode=osi&th=1&psc=1">View Product</a></div><div class="product"><a href="https://www.amazon.com/dp/B0CNVMZ2LM?tag=eloabder-20&linkCode=osi&th=1&psc=1"><img src="https://m.media-amazon.com/images/I/41j0UEM6XPL._SL500_.jpg" alt="Product Image"></a><p>Reusable Coffee Capsule Filters 3Pcs, Colorful Coffee Filters for Nescafe Dolce Gusto Brewers Machine, Reusable Refillable Coffee Pods Capsule Filter Cups Kit with Cleaning Brush and Measuring Spoon</p><p> -13% 0FF </p><p>$6.98 ($6.60 / Ounce)</p><a href="https://www.amazon.com/dp/B0CNVMZ2LM?tag=eloabder-20&linkCode=osi&th=1&psc=1">View Product</a></div>
<div class="product"><a href="https://www.amazon.com/dp/B08FB31NH5?tag=eloabder-20&linkCode=osi&th=1&psc=1"><img src="https://m.media-amazon.com/images/I/41eJZ9MTfFL._SL500_.jpg" alt="Product Image"></a><p>WEPSEN 5-Speed Electric Hand Mixer, 4 Large Mixing Bowls Set, Handheld Mixers with Whisks Beater, Stainless Steel Metal Nesting Bowl Measuring Cups Spoons Kitchen Cake Blender for Baking Supplies</p><p> -30% 0FF </p><p>$41.98</p><a href="https://www.amazon.com/dp/B08FB31NH5?tag=eloabder-20&linkCode=osi&th=1&psc=1">View Product</a></div><div class="product"><a href="https://www.amazon.com/dp/B0DF2T1HMZ?tag=eloabder-20&linkCode=osi&th=1&psc=1"><img src="https://m.media-amazon.com/images/I/41xSelvq-CL._SL500_.jpg" alt="Product Image"></a><p>5 QT Food-Grade Stainless Steel Mixer Bowl Compatible With KITCHENAID TILT-HEAD STAND MIXERS 4.5-5 Quart, with Anti-slip handle & Prominent Clasp, Stainless Steel Polished</p><p> -25% 0FF </p><p>$29.99</p><a href="https://www.amazon.com/dp/B0DF2T1HMZ?tag=eloabder-20&linkCode=osi&th=1&psc=1">View Product</a></div><div class="product"><a href="https://www.amazon.com/dp/B0C5XYPXCS?tag=eloabder-20&linkCode=osi&th=1&psc=1"><img src="https://m.media-amazon.com/images/I/31apfzgKDUL._SL500_.jpg" alt="Product Image"></a><p>KitchenAid 5 Quart Ceramic Bowl for all 4.5-5 Quart Tilt-Head Stand Mixers KSM2CB5MR, Meringue</p><p> -25% 0FF </p><p>$74.99</p><a href="https://www.amazon.com/dp/B0C5XYPXCS?tag=eloabder-20&linkCode=osi&th=1&psc=1">View Product</a></div>
<div class="product"><a href="https://www.amazon.com/dp/B097QVPFVQ?tag=eloabder-20&linkCode=osi&th=1&psc=1"><img src="https://m.media-amazon.com/images/I/31ROOH+yjAL._SL500_.jpg" alt="Product Image"></a><p>Thermoplastic Rubber Microwave Splatter Cover,Microwave Cover for Food Fruit Drainer,BPA-Free Dishwasher Safe 10.5 inch (GREY)</p><p> -20% 0FF </p><p>$7.99 ($226.35 / Ounce)</p><a href="https://www.amazon.com/dp/B097QVPFVQ?tag=eloabder-20&linkCode=osi&th=1&psc=1">View Product</a></div><div class="product"><a href="https://www.amazon.com/dp/B08N4Q6SM1?tag=eloabder-20&linkCode=osi&th=1&psc=1"><img src="https://m.media-amazon.com/images/I/41lhA8-GScL._SL500_.jpg" alt="Product Image"></a><p>4Pcs Coffee Filter,Flannel Cloth Coffee Filter Strainers with Steel Handle,Reusable Flannel Coffee Dripper,Coffee Sock Filter Bag Coffee Cloth Strainers for Home Office Kitchen Use</p><p> -11% 0FF </p><p>$10.69 ($2.67 / Count)</p><a href="https://www.amazon.com/dp/B08N4Q6SM1?tag=eloabder-20&linkCode=osi&th=1&psc=1">View Product</a></div>
<div class="product"><a href="https://www.amazon.com/dp/B00EC8PQ82?tag=eloabder-20&linkCode=osi&th=1&psc=1"><img src="https://m.media-amazon.com/images/I/21NR7t3CeGL._SL500_.jpg" alt="Product Image"></a><p>Randell RP CPH1648 Poly Cutting Board, 1/2" x 16" x 48"</p><p> -20% 0FF </p><p>$325.43</p><a href="https://www.amazon.com/dp/B00EC8PQ82?tag=eloabder-20&linkCode=osi&th=1&psc=1">View Product</a></div><div class="product"><a href="https://www.amazon.com/dp/B0BPSN8F21?tag=eloabder-20&linkCode=osi&th=1&psc=1"><img src="https://m.media-amazon.com/images/I/41YoOZe2UDL._SL500_.jpg" alt="Product Image"></a><p>GASHELL Noodle Board Stove Cover with Handles for Electric, Gas Stove Top (Acacia Wood)</p><p> -13% 0FF </p><p>$69.99</p><a href="https://www.amazon.com/dp/B0BPSN8F21?tag=eloabder-20&linkCode=osi&th=1&psc=1">View Product</a></div><div class="product"><a href="https://www.amazon.com/dp/B0D78SNV83?tag=eloabder-20&linkCode=osi&th=1&psc=1"><img src="https://m.media-amazon.com/images/I/41lHBEbfZOL._SL500_.jpg" alt="Product Image"></a><p>30 x 22 IN Large Cutting Board and Wooden Stove Top Cover, Chopping Board Noodle Boards for Electric Stove Top,Protector Board Cutting Board for Kitchen Counter & Sink cover-Black</p><p> -20% 0FF </p><p>$55.99</p><a href="https://www.amazon.com/dp/B0D78SNV83?tag=eloabder-20&linkCode=osi&th=1&psc=1">View Product</a></div><div class="product"><a href="https://www.amazon.com/dp/B0D4DJ8H4Q?tag=eloabder-20&linkCode=osi&th=1&psc=1"><img src="https://m.media-amazon.com/images/I/41h7GdA0xxL._SL500_.jpg" alt="Product Image"></a><p>Beef Jerky Slicer Kit,Stainless Steel,Adjustable Thickness,Uniform Slices,Include Cutting Board & 14-Inch Slicing Knife,Beef Jerky Making Kit for Chefs & Home Kitchens</p><p> -32% 0FF </p><p>$29.95</p><a href="https://www.amazon.com/dp/B0D4DJ8H4Q?tag=eloabder-20&linkCode=osi&th=1&psc=1">View Product</a></div><div class="product"><a href="https://www.amazon.com/dp/B0DL36NMXX?tag=eloabder-20&linkCode=osi&th=1&psc=1"><img src="https://m.media-amazon.com/images/I/51weGpaSjHL._SL500_.jpg" alt="Product Image"></a><p>Bamboo Bread Slicer for Homemade Bread, Adjustable Width Bread Slicing Guides with Sturdy Wooden Cutting Board, Compact and Foldable - Makes Cutting Bagels or Even Bread Slices Easy</p><p> -29% 0FF </p><p>$16.99</p><a href="https://www.amazon.com/dp/B0DL36NMXX?tag=eloabder-20&linkCode=osi&th=1&psc=1">View Product</a></div>
<div class="product"><a href="https://www.amazon.com/dp/B0CY27GX31?tag=eloabder-20&linkCode=osi&th=1&psc=1"><img src="https://m.media-amazon.com/images/I/51WKkplJ9BL._SL500_.jpg" alt="Product Image"></a><p>Willinglong Tortilla Press Set 8 Inch Tortilla Press Dough Scraper Rolling Pin Tortilla Warmer Pouch 300 Pcs Parchment Paper Quesadilla Flour Tortilla Maker Press for Homemade Roti Taco Press</p><p> -29% 0FF </p><p>$16.99</p><a href="https://www.amazon.com/dp/B0CY27GX31?tag=eloabder-20&linkCode=osi&th=1&psc=1">View Product</a></div><div class="product"><a href="https://www.amazon.com/dp/B0CD875X8N?tag=eloabder-20&linkCode=osi&th=1&psc=1"><img src="https://m.media-amazon.com/images/I/31WugZVklGL._SL500_.jpg" alt="Product Image"></a><p>Wooden Tortilla Press 10 Inches Wood Tortilla Press Maker, with Rolling Pin & 50 Pcs Parchment Paper, for Homemade Mexican Tortillera, Roti, Chapati, Taco, Pataconera, Burritos and Dough Press</p><p> -11% 0FF </p><p>$25.99</p><a href="https://www.amazon.com/dp/B0CD875X8N?tag=eloabder-20&linkCode=osi&th=1&psc=1">View Product</a></div><div class="product"><a href="https://www.amazon.com/dp/B0CYLFCP7W?tag=eloabder-20&linkCode=osi&th=1&psc=1"><img src="https://m.media-amazon.com/images/I/515gTtiF0CL._SL500_.jpg" alt="Product Image"></a><p>Willinglong 6 Pcs Tortilla Press Set 8inch Aluminum Alloy Tortilla Press Comal Pan Dough Scraper Rolling Pin Warmer Pouch 300 Pcs Parchment Paper Bundle of Tortilla Skillet for Making Roti Taco</p><p> -6% 0FF </p><p>$32.99</p><a href="https://www.amazon.com/dp/B0CYLFCP7W?tag=eloabder-20&linkCode=osi&th=1&psc=1">View Product</a></div><div class="product"><a href="https://www.amazon.com/dp/B0D8Q28QP2?tag=eloabder-20&linkCode=osi&th=1&psc=1"><img src="https://m.media-amazon.com/images/I/31hkwaRqBxL._SL500_.jpg" alt="Product Image"></a><p>Wooden Tortilla Press 10 Inches with Rolling Pin & 50 Pcs Parchment Paper Mexican Tortillera Presser Homemade Tortillas Roti Pataconera Dough Press</p><p> -7% 0FF </p><p>$27.99</p><a href="https://www.amazon.com/dp/B0D8Q28QP2?tag=eloabder-20&linkCode=osi&th=1&psc=1">View Product</a></div>
<div class="product"><a href="https://www.amazon.com/dp/B00K05AZ3W?tag=eloabder-20&linkCode=osi&th=1&psc=1"><img src="https://m.media-amazon.com/images/I/41PyWMwn9ZL._SL500_.jpg" alt="Product Image"></a><p>Betty Crocker Countertop Pizza Maker, 1440-Watt Pizza Maker Machine for Home, BC-2958CR</p><p> -20% 0FF </p><p>$42.99</p><a href="https://www.amazon.com/dp/B00K05AZ3W?tag=eloabder-20&linkCode=osi&th=1&psc=1">View Product</a></div><div class="product"><a href="https://www.amazon.com/dp/B0DB5HJDS8?tag=eloabder-20&linkCode=osi&th=1&psc=1"><img src="https://m.media-amazon.com/images/I/41e4O73x4IL._SL500_.jpg" alt="Product Image"></a><p>Mesliese Vacuum Sealer Machine 90Kpa 6-in-1 Compact Food Vacuum Sealing Preservation System with Cutter | 2 Bag Rolls | 5 Pre-cut Bags | Dry&Moist Modes | ETL Listed (Dark Gray)</p><p> -44% 0FF </p><p>$89.99</p><a href="https://www.amazon.com/dp/B0DB5HJDS8?tag=eloabder-20&linkCode=osi&th=1&psc=1">View Product</a></div>
<div class="product"><a href="https://www.amazon.com/dp/B001HT67AA?tag=eloabder-20&linkCode=osi&th=1&psc=1"><img src="https://m.media-amazon.com/images/I/21sfYCxrXVL._SL500_.jpg" alt="Product Image"></a><p>Samsung Tray Ice Part # Da63-02284B</p><p> -30% 0FF </p><p>$17.89</p><a href="https://www.amazon.com/dp/B001HT67AA?tag=eloabder-20&linkCode=osi&th=1&psc=1">View Product</a></div>
<div class="product"><a href="https://www.amazon.com/dp/B001U0274Q?tag=eloabder-20&linkCode=osi&th=1&psc=1"><img src="https://m.media-amazon.com/images/I/41LkyrO5JuL._SL500_.jpg" alt="Product Image"></a><p>FoodSaver Custom Fit Airtight Food Storage and Sous Vide Vacuum Sealer Bags, 8 x 20' (Pack of 3), Perfect for Meal Prep and Sous Vide Cooking</p><p> -21% 0FF </p><p>$29.99 ($10.00 / Count)</p><a href="https://www.amazon.com/dp/B001U0274Q?tag=eloabder-20&linkCode=osi&th=1&psc=1">View Product</a></div><div class="product"><a href="https://www.amazon.com/dp/B0D56W5ML2?tag=eloabder-20&linkCode=osi&th=1&psc=1"><img src="https://m.media-amazon.com/images/I/51XP-5KMw4L._SL500_.jpg" alt="Product Image"></a><p>Dreamealthy Auto Vacuum Seal Containers for Food Storage - 1L+1.5L Vacuum Coffee Canister Sets with Pump. Shatterproof & SmellProof Tritan Airtight Storage Container Kit, Reduce Plactic Vacuum Bag Use</p><p> -5% 0FF </p><p>$56.99</p><a href="https://www.amazon.com/dp/B0D56W5ML2?tag=eloabder-20&linkCode=osi&th=1&psc=1">View Product</a></div><div class="product"><a href="https://www.amazon.com/dp/B099H7J8PN?tag=eloabder-20&linkCode=osi&th=1&psc=1"><img src="https://m.media-amazon.com/images/I/31-0GJisbvL._SL500_.jpg" alt="Product Image"></a><p>ZWILLING Fresh & Save Medium Vacuum Sealer Container, Airtight Food Storage Container, Meal Prep Container, BPA-Free, Grey</p><p> -37% 0FF </p><p>$18.99</p><a href="https://www.amazon.com/dp/B099H7J8PN?tag=eloabder-20&linkCode=osi&th=1&psc=1">View Product</a></div>
<div class="product"><a href="https://www.amazon.com/dp/B07RKRK7FD?tag=eloabder-20&linkCode=osi&th=1&psc=1"><img src="https://m.media-amazon.com/images/I/31g2QgxtCuL._SL500_.jpg" alt="Product Image"></a><p>Wevac Vacuum Sealer Bags 8x50 Rolls 2 pack for Food Saver, Seal a Meal, Weston. Commercial Grade, BPA Free, Heavy Duty, Great for vac storage, Meal Prep or Sous Vide</p><p> -40% 0FF </p><p>$17.99 ($9.00 / Count)</p><a href="https://www.amazon.com/dp/B07RKRK7FD?tag=eloabder-20&linkCode=osi&th=1&psc=1">View Product</a></div><div class="product"><a href="https://www.amazon.com/dp/B00UTFZB82?tag=eloabder-20&linkCode=osi&th=1&psc=1"><img src="https://m.media-amazon.com/images/I/41WdlL5T0dL._SL500_.jpg" alt="Product Image"></a><p>Miele AirClean 3D Efficiency Dust Bag, Type FJM, 4 Bags & 2 Filters, White</p><p> -35% 0FF </p><p>$14.99</p><a href="https://www.amazon.com/dp/B00UTFZB82?tag=eloabder-20&linkCode=osi&th=1&psc=1">View Product</a></div><div class="product"><a href="https://www.amazon.com/dp/B07TV5RNQL?tag=eloabder-20&linkCode=osi&th=1&psc=1"><img src="https://m.media-amazon.com/images/I/31HJO9GuJZL._SL500_.jpg" alt="Product Image"></a><p>Wevac Vacuum Sealer Bags 100 Quart 8x12 Inch for Food Saver, Seal a Meal, Weston. Commercial Grade, BPA Free, Heavy Duty, Great for vac storage, Meal Prep or Sous Vide</p><p> -6% 0FF </p><p>$16.99</p><a href="https://www.amazon.com/dp/B07TV5RNQL?tag=eloabder-20&linkCode=osi&th=1&psc=1">View Product</a></div><div class="product"><a href="https://www.amazon.com/dp/B01D5TM5QE?tag=eloabder-20&linkCode=osi&th=1&psc=1"><img src="https://m.media-amazon.com/images/I/51qQLZaPFuL._SL500_.jpg" alt="Product Image"></a><p>FoodSaver Custom Fit Vacuum Sealer Bags, Airtight Food Storage and Sous Vide Rolls, BPA-Free, 11 x 16' , 3 Count ( Pack of 1)</p><p> -16% 0FF </p><p>$27.66 ($9.22 / Count)</p><a href="https://www.amazon.com/dp/B01D5TM5QE?tag=eloabder-20&linkCode=osi&th=1&psc=1">View Product</a></div>
<div class="product"><a href="https://www.amazon.com/dp/B0CWLC9YK6?tag=eloabder-20&linkCode=osi&th=1&psc=1"><img src="https://m.media-amazon.com/images/I/415B7NyYufL._SL500_.jpg" alt="Product Image"></a><p>Honinst Stand Mixer, 6.5QT 10-Speed Tilt-Head Electric Stand Mixer, 3-In-1 Kitchen Mixer with Bowl, Dough Hook, Whisk and Beater, Food Mixer for Baking, Cake and Most Home Cooks, Black</p><p> -37% 0FF </p><p>$169.99</p><a href="https://www.amazon.com/dp/B0CWLC9YK6?tag=eloabder-20&linkCode=osi&th=1&psc=1">View Product</a></div><div class="product"><a href="https://www.amazon.com/dp/B097SDFSKM?tag=eloabder-20&linkCode=osi&th=1&psc=1"><img src="https://m.media-amazon.com/images/I/51thZZlxEfL._SL500_.jpg" alt="Product Image"></a><p>Stand Mixer, POWWA 7.5 QT Electric Mixer, 6+P Speed 660W Household Tilt-Head Kitchen Food Mixers with Whisk, Dough Hook, Mixing Beater & Splash Guard for Baking, Cake, Cookie, Kneading (Red)</p><p> -25% 0FF </p><p>$99.98</p><a href="https://www.amazon.com/dp/B097SDFSKM?tag=eloabder-20&linkCode=osi&th=1&psc=1">View Product</a></div><div class="product"><a href="https://www.amazon.com/dp/B081SWK6HV?tag=eloabder-20&linkCode=osi&th=1&psc=1"><img src="https://m.media-amazon.com/images/I/51MRbt3XFxL._SL500_.jpg" alt="Product Image"></a><p>VIVOHOME 7.5 Quart Stand Mixer, 660W 6-Speed Tilt-Head Kitchen Electric Food Mixer with Beater, Dough Hook, Wire Whip, and Egg Separator, Red</p><p> -20% 0FF </p><p>$127.99</p><a href="https://www.amazon.com/dp/B081SWK6HV?tag=eloabder-20&linkCode=osi&th=1&psc=1">View Product</a></div>
<div class="product"><a href="https://www.amazon.com/dp/B0CJJN7N7P?tag=eloabder-20&linkCode=osi&th=1&psc=1"><img src="https://m.media-amazon.com/images/I/41YZbs5GBdL._SL500_.jpg" alt="Product Image"></a><p>MUMSUNG Sandwich Cutter and Sealer for Kids, Bread Decruster Sandwich Cutter Pancake Maker, Round Square DIY Cookie Cutters, Great for Lunchbox and Bento Box</p><p> -69% 0FF </p><p>$4.99</p><a href="https://www.amazon.com/dp/B0CJJN7N7P?tag=eloabder-20&linkCode=osi&th=1&psc=1">View Product</a></div><div class="product"><a href="https://www.amazon.com/dp/B0C8C5N1NG?tag=eloabder-20&linkCode=osi&th=1&psc=1"><img src="https://m.media-amazon.com/images/I/41IJqaPrUbL._SL500_.jpg" alt="Product Image"></a><p>Gradient Mode Sandwich Cutter and Sealer, Sandwich Cutter for Kids, Bread Sandwich Decruster, Uncrustables Sandwich Maker, DIY Cookie Cutters, Great for Lunchbox and Bento Box - Boys Girls Kids, Green</p><p> -20% 0FF </p><p>$7.99</p><a href="https://www.amazon.com/dp/B0C8C5N1NG?tag=eloabder-20&linkCode=osi&th=1&psc=1">View Product</a></div>
<div class="product"><a href="https://www.amazon.com/dp/B07JGRYG31?tag=eloabder-20&linkCode=osi&th=1&psc=1"><img src="https://m.media-amazon.com/images/I/31nd-jhgzdL._SL500_.jpg" alt="Product Image"></a><p>Coffee Grinder Cleaning Brush + Coffee Brush Wood Handle & Natural Bristles Pastry Brush</p><p> -13% 0FF </p><p>$6.99</p><a href="https://www.amazon.com/dp/B07JGRYG31?tag=eloabder-20&linkCode=osi&th=1&psc=1">View Product</a></div><div class="product"><a href="https://www.amazon.com/dp/B0D57S8PJP?tag=eloabder-20&linkCode=osi&th=1&psc=1"><img src="https://m.media-amazon.com/images/I/41yqc2Azx6L._SL500_.jpg" alt="Product Image"></a><p>EM Silicone Air Fryer Liners - Pack of 5 Reusable Air Fryer Silicone Liners Including Non- Stick Silicone Mitts, Silicone Basting Pastry Brush, Silicone Kitchen Tongs & 2 Pot Liner–3 to 5 qt</p><p> -8% 0FF </p><p>$12.00</p><a href="https://www.amazon.com/dp/B0D57S8PJP?tag=eloabder-20&linkCode=osi&th=1&psc=1">View Product</a></div><div class="product"><a href="https://www.amazon.com/dp/B0CLGXRV4V?tag=eloabder-20&linkCode=osi&th=1&psc=1"><img src="https://m.media-amazon.com/images/I/31kOdHpkIPL._SL500_.jpg" alt="Product Image"></a><p>Mixer Sliding Mat Compatible with Kitchenaid 4.5 & 5 Quart Stand Mixer, Slider Mat Compatible with 4.5 & 5Qt Kitchenaid Mixer Accessories</p><p> -21% 0FF </p><p>$9.89</p><a href="https://www.amazon.com/dp/B0CLGXRV4V?tag=eloabder-20&linkCode=osi&th=1&psc=1">View Product</a></div><div class="product"><a href="https://www.amazon.com/dp/B0CSYVZ23R?tag=eloabder-20&linkCode=osi&th=1&psc=1"><img src="https://m.media-amazon.com/images/I/41x8RjEPDyL._SL500_.jpg" alt="Product Image"></a><p>LEPCY Uncrustables Sandwich Maker Sealer Cutter, Crustless Sandwich Cutter, PB&J Uncrustable Maker - Color Grey, Square Shape</p><p> -20% 0FF </p><p>$7.99</p><a href="https://www.amazon.com/dp/B0CSYVZ23R?tag=eloabder-20&linkCode=osi&th=1&psc=1">View Product</a></div><div class="product"><a href="https://www.amazon.com/dp/B000I1UTDY?tag=eloabder-20&linkCode=osi&th=1&psc=1"><img src="https://m.media-amazon.com/images/I/213IEK132QL._SL500_.jpg" alt="Product Image"></a><p>Fino Coffee Grinder Brush, Single</p><p> -6% 0FF </p><p>$8.42</p><a href="https://www.amazon.com/dp/B000I1UTDY?tag=eloabder-20&linkCode=osi&th=1&psc=1">View Product</a></div>
<div class="product"><a href="https://www.amazon.com/dp/B089T9CH3Q?tag=eloabder-20&linkCode=osi&th=1&psc=1"><img src="https://m.media-amazon.com/images/I/21HK29dxKaL._SL500_.jpg" alt="Product Image"></a><p>Instant Pot Official Silicone Oven Mitt with Extra Grip, Heat Resistant up to 500°F, Extra Protection, Ribbed Texture for Maximum Dexterity, Compatible with 3 Qt., 6 Qt., 8 Qt. Cookers, Red</p><p> -50% 0FF </p><p>$8.99</p><a href="https://www.amazon.com/dp/B089T9CH3Q?tag=eloabder-20&linkCode=osi&th=1&psc=1">View Product</a></div><div class="product"><a href="https://www.amazon.com/dp/B0C5N35639?tag=eloabder-20&linkCode=osi&th=1&psc=1"><img src="https://m.media-amazon.com/images/I/41wEzgGF0xL._SL500_.jpg" alt="Product Image"></a><p>EM Silicone Air Fryer Liners Set of 5 – Air Fryer Liners Reusable Include Waffle Mold, Egg Bite Mold, Oven Mitts – Food-Grade Temperature Resistant Air Fryer Accessories for 3-5 Quart Air Fryers</p><p> -12% 0FF </p><p>$21.99</p><a href="https://www.amazon.com/dp/B0C5N35639?tag=eloabder-20&linkCode=osi&th=1&psc=1">View Product</a></div>
<div class="product"><a href="https://www.amazon.com/dp/B0B395B11P?tag=eloabder-20&linkCode=osi&th=1&psc=1"><img src="https://m.media-amazon.com/images/I/31tkUVs-mbL._SL500_.jpg" alt="Product Image"></a><p>SIUDANGKA Heat Resistant Mat for Air Fryer with Sliding Function, 2 Pcs 15 * 18 in Heat Resistant Pad Sliding Caddy Countertop Protector Mat Air Fryer Mat for Most XL Air Fryer Oven Microwave Oven</p><p> -7% 0FF </p><p>$17.75</p><a href="https://www.amazon.com/dp/B0B395B11P?tag=eloabder-20&linkCode=osi&th=1&psc=1">View Product</a></div>
<div class="product"><a href="https://www.amazon.com/dp/B09QCRNNK7?tag=eloabder-20&linkCode=osi&th=1&psc=1"><img src="https://m.media-amazon.com/images/I/31I-XJQCuUL._SL500_.jpg" alt="Product Image"></a><p>COKUNST Electric Wine Openers, Reusable Wine Bottle Corkscrew Opener with Foil Cutter, Battery Operated Stainless Steel Wine Remover for Home Kitchen Party Bar Restaurant</p><p> -25% 0FF </p><p>$14.99</p><a href="https://www.amazon.com/dp/B09QCRNNK7?tag=eloabder-20&linkCode=osi&th=1&psc=1">View Product</a></div><div class="product"><a href="https://www.amazon.com/dp/B00NOPV4JY?tag=eloabder-20&linkCode=osi&th=1&psc=1"><img src="https://m.media-amazon.com/images/I/31sTM1MRFWL._SL500_.jpg" alt="Product Image"></a><p>Rabbit Automatic Electric Corkscrew Wine Bottle Opener, One Size, Silver</p><p> -23% 0FF </p><p>$39.99</p><a href="https://www.amazon.com/dp/B00NOPV4JY?tag=eloabder-20&linkCode=osi&th=1&psc=1">View Product</a></div>


<div class="product"><a href="https://www.amazon.com/dp/B01FXMW4AS?tag=eloabder-20&linkCode=osi&th=1&psc=1"><img src="https://m.media-amazon.com/images/I/41Wq-KNZFDL._SL500_.jpg" alt="Product Image"></a><p>Whynter Ice Cream Maker Machine Automatic 2.1 Qt. upright with Built-in Compressor, LCD Digital Display & Timer, No Pre-Freezing, ICM-201SB, Stainless Steel</p><p> -29% 0FF </p><p>$299.00</p><a href="https://www.amazon.com/dp/B01FXMW4AS?tag=eloabder-20&linkCode=osi&th=1&psc=1">View Product</a></div><div class="product"><a href="https://www.amazon.com/dp/B002NQN0MY?tag=eloabder-20&linkCode=osi&th=1&psc=1"><img src="https://m.media-amazon.com/images/I/41K223aT3zL._SL500_.jpg" alt="Product Image"></a><p>Nemco Ice Cream Dipper Station Spadewell (Excluding Divider) - 10"</p><p> -26% 0FF </p><p>$183.70</p><a href="https://www.amazon.com/dp/B002NQN0MY?tag=eloabder-20&linkCode=osi&th=1&psc=1">View Product</a></div><div class="product"><a href="https://www.amazon.com/dp/B0CZP59DNQ?tag=eloabder-20&linkCode=osi&th=1&psc=1"><img src="https://m.media-amazon.com/images/I/41T9b8zapyL._SL500_.jpg" alt="Product Image"></a><p>1.2-Quart Touch Screen Automatic Ice Cream Maker with Compressor, No Pre-freezing, 4 Modes Frozen Yogurt Machine with LCD Display & Timer, Electric Sorbet Maker Gelato Maker, Keep Cool Function</p><p> -17% 0FF </p><p>$115.99</p><a href="https://www.amazon.com/dp/B0CZP59DNQ?tag=eloabder-20&linkCode=osi&th=1&psc=1">View Product</a></div><div class="product"><a href="https://www.amazon.com/dp/B00N63J432?tag=eloabder-20&linkCode=osi&th=1&psc=1"><img src="https://m.media-amazon.com/images/I/41wEAeSx4UL._SL500_.jpg" alt="Product Image"></a><p>Whynter Ice Cream Maker Machine Automatic 2.1 Qt with Built-in Compressor, LCD Digital Display & Timer, No Pre-Freezing, ICM-200LS, Stainless Steel</p><p> -14% 0FF </p><p>$256.79</p><a href="https://www.amazon.com/dp/B00N63J432?tag=eloabder-20&linkCode=osi&th=1&psc=1">View Product</a></div>

<div class="product"><a href="https://www.amazon.com/dp/B0DC68RRGT?tag=eloabder-20&linkCode=osi&th=1&psc=1"><img src="https://m.media-amazon.com/images/I/51VZAdAIKxL._SL500_.jpg" alt="Product Image"></a><p>Upgrade Pizza Oven,12 Inch Electric Pizza Oven Indoor Portable,Stone Pizza Oven,1200W Portable Countertop Pizza Ovens with Viewing Window</p><p> -10% 0FF </p><p>$179.99</p><a href="https://www.amazon.com/dp/B0DC68RRGT?tag=eloabder-20&linkCode=osi&th=1&psc=1">View Product</a></div><div class="product"><a href="https://www.amazon.com/dp/B0CZ4GLJ5Z?tag=eloabder-20&linkCode=osi&th=1&psc=1"><img src="https://m.media-amazon.com/images/I/51t+B-N3asL._SL500_.jpg" alt="Product Image"></a><p>PIEZANO Crispy Crust Pizza Oven by Granitestone – Electric Pizza Oven Indoor Portable, 12 Inch Indoor Pizza Oven Countertop, Pizza Maker Heats up to 800˚F for Stone Baked Pizza at Home - Red</p><p> -35% 0FF </p><p>$129.99</p><a href="https://www.amazon.com/dp/B0CZ4GLJ5Z?tag=eloabder-20&linkCode=osi&th=1&psc=1">View Product</a></div><div class="product"><a href="https://www.amazon.com/dp/B0CQ5M9FFT?tag=eloabder-20&linkCode=osi&th=1&psc=1"><img src="https://m.media-amazon.com/images/I/311GBQPr5lL._SL500_.jpg" alt="Product Image"></a><p>Cuisinart Indoor Pizza Oven – Bake 12” Pizzas in Minutes – Portable Countertop Pizza Oven – Matte Black Stainless Steel - CPZ-120MB</p><p> -50% 0FF </p><p>$199.95</p><a href="https://www.amazon.com/dp/B0CQ5M9FFT?tag=eloabder-20&linkCode=osi&th=1&psc=1">View Product</a></div><div class="product"><a href="https://www.amazon.com/dp/B0CGMGK7GK?tag=eloabder-20&linkCode=osi&th=1&psc=1"><img src="https://m.media-amazon.com/images/I/41-rJaq3d2L._SL500_.jpg" alt="Product Image"></a><p>CHEFMAN Indoor Pizza Oven - Makes 12 Inch Pizzas in Minutes, Heats up to 800°F - Countertop Electric Pizza Maker with 5 Touchscreen Presets, Pizza Stone and Peel Included - Stainless Black</p><p> -45% 0FF </p><p>$219.98</p><a href="https://www.amazon.com/dp/B0CGMGK7GK?tag=eloabder-20&linkCode=osi&th=1&psc=1">View Product</a></div><div class="product"><a href="https://www.amazon.com/dp/B0CS79GLB4?tag=eloabder-20&linkCode=osi&th=1&psc=1"><img src="https://m.media-amazon.com/images/I/41VR6CcjGiL._SL500_.jpg" alt="Product Image"></a><p>KitchenAid Digital Countertop Oven with Air Fry & Pizza Stone, KCO128CU, Contour Silver</p><p> -21% 0FF </p><p>$219.99</p><a href="https://www.amazon.com/dp/B0CS79GLB4?tag=eloabder-20&linkCode=osi&th=1&psc=1">View Product</a></div><div class="product"><a href="https://www.amazon.com/dp/B0DJW43ZLQ?tag=eloabder-20&linkCode=osi&th=1&psc=1"><img src="https://m.media-amazon.com/images/I/41Sh2kNi-oL._SL500_.jpg" alt="Product Image"></a><p>Pizza Oven, 12-Inch Pizza Oven Indoor, 1200W Portable Pizza Maker, Electric Pizza Oven with Timer, Temperature Controller, Suitable for Home, Outdoor, Pizza Shop</p><p> -37% 0FF </p><p>$119.99</p><a href="https://www.amazon.com/dp/B0DJW43ZLQ?tag=eloabder-20&linkCode=osi&th=1&psc=1">View Product</a></div><div class="product"><a href="https://www.amazon.com/dp/B0D3RX91T1?tag=eloabder-20&linkCode=osi&th=1&psc=1"><img src="https://m.media-amazon.com/images/I/41e96oobueL._SL500_.jpg" alt="Product Image"></a><p>Chefman Everything Maker & Pizza Oven – 1440W Countertop Electric Pizza Maker with 12” Nonstick Cooking Plates, Make Pizza, Quesadillas, Omelettes and More, with Indicator Lights and Vertical Storage</p><p> -30% 0FF </p><p>$41.99</p><a href="https://www.amazon.com/dp/B0D3RX91T1?tag=eloabder-20&linkCode=osi&th=1&psc=1">View Product</a></div>
<div class="product"><a href="https://www.amazon.com/dp/B0BCFHN228?tag=eloabder-20&linkCode=osi&th=1&psc=1"><img src="https://m.media-amazon.com/images/I/51EI-QKzMqL._SL500_.jpg" alt="Product Image"></a><p>Pressing Cloth for Ironing Scorch Mesh, Heat Resistant Ironing Cloth Protective Insulation Pad, Saving Ironing Protector Mesh Cloth (White - 2 Pack)</p><p> -16% 0FF </p><p>$7.59</p><a href="https://www.amazon.com/dp/B0BCFHN228?tag=eloabder-20&linkCode=osi&th=1&psc=1">View Product</a></div>
<div class="product"><a href="https://www.amazon.com/dp/B099J26M9V?tag=eloabder-20&linkCode=osi&th=1&psc=1"><img src="https://m.media-amazon.com/images/I/51VUj081IkL._SL500_.jpg" alt="Product Image"></a><p>The Original Korcci 3 Quart Microwave Glass Popcorn Popper, Borosilicate Glass, Dishwasher Safe, 3-in-1 Silicone Lid, BPA Free, Family Size (Blue)</p><p> -15% 0FF </p><p>$16.09</p><a href="https://www.amazon.com/dp/B099J26M9V?tag=eloabder-20&linkCode=osi&th=1&psc=1">View Product</a></div><div class="product"><a href="https://www.amazon.com/dp/B01LZZGH3R?tag=eloabder-20&linkCode=osi&th=1&psc=1"><img src="https://m.media-amazon.com/images/I/51zn6nlVyZL._SL500_.jpg" alt="Product Image"></a><p>BELLA Electric Skillet and Frying Pan with Glass Lid, Nonstick Coating, Cool Touch Handles, Removable Heating Probe, Dishwasher Safe, 12 x 12 inch, Copper</p><p> -23% 0FF </p><p>$26.99</p><a href="https://www.amazon.com/dp/B01LZZGH3R?tag=eloabder-20&linkCode=osi&th=1&psc=1">View Product</a></div>
<div class="product"><a href="https://www.amazon.com/dp/B0DCRZ8NKH?tag=eloabder-20&linkCode=osi&th=1&psc=1"><img src="https://m.media-amazon.com/images/I/41AZ4+X3MsL._SL500_.jpg" alt="Product Image"></a><p>Coffee Filter Holder, Coffee Filter Storage, Filter Paper Holder for Counter Table Napkin Holder Coffee Filter Paper Rack Coffee Bar Gifts Coffee Paper Container for Office Home Kitchen Restaurant</p><p> -13% 0FF </p><p>$6.99</p><a href="https://www.amazon.com/dp/B0DCRZ8NKH?tag=eloabder-20&linkCode=osi&th=1&psc=1">View Product</a></div>
<div class="product"><a href="https://www.amazon.com/dp/B0D3WPZSRF?tag=eloabder-20&linkCode=osi&th=1&psc=1"><img src="https://m.media-amazon.com/images/I/41QGqRpS8hL._SL500_.jpg" alt="Product Image"></a><p>Gypie Coffee Bar Organizer Countertop, 2 Tier Coffee Syrup Organizer Stand Nespresso Coffee Bar Syrup Rack for Coffee Station, Spice Rack for Kitchen, Black</p><p> -57% 0FF </p><p>$9.99</p><a href="https://www.amazon.com/dp/B0D3WPZSRF?tag=eloabder-20&linkCode=osi&th=1&psc=1">View Product</a></div><div class="product"><a href="https://www.amazon.com/dp/B0BKH17CG9?tag=eloabder-20&linkCode=osi&th=1&psc=1"><img src="https://m.media-amazon.com/images/I/41a4dM5cDTL._SL500_.jpg" alt="Product Image"></a><p>Electric Salt and Pepper Grinder Set - Automatic Salt and Pepper Grinder Set Rechargeable - Light Up Electronic Salt and Pepper Shakers with LED Light, Electric Pepper Grinder & Salt Grinder, Set of 2</p><p> -14% 0FF </p><p>$29.99</p><a href="https://www.amazon.com/dp/B0BKH17CG9?tag=eloabder-20&linkCode=osi&th=1&psc=1">View Product</a></div><div class="product"><a href="https://www.amazon.com/dp/B0DD9KVMFN?tag=eloabder-20&linkCode=osi&th=1&psc=1"><img src="https://m.media-amazon.com/images/I/51C8Rw1wopL._SL500_.jpg" alt="Product Image"></a><p>Urban Aura Spice & Herb Grinder, (Black) -Suitable Kitchen (2.5In)</p><p> -5% 0FF </p><p>$9.49</p><a href="https://www.amazon.com/dp/B0DD9KVMFN?tag=eloabder-20&linkCode=osi&th=1&psc=1">View Product</a></div><div class="product"><a href="https://www.amazon.com/dp/B08M4FD4WR?tag=eloabder-20&linkCode=osi&th=1&psc=1"><img src="https://m.media-amazon.com/images/I/51Jzqb5OvzL._SL500_.jpg" alt="Product Image"></a><p>Magic Mill Food Dehydrator Machine | 5 Stackable Stainless Steel Trays Jerky Dryer with Digital Adjustable Timer & Temperature Control - Electric Food Preserver for Fruits, Veggies, Meats & Dog Treats</p><p> -12% 0FF </p><p>$52.99</p><a href="https://www.amazon.com/dp/B08M4FD4WR?tag=eloabder-20&linkCode=osi&th=1&psc=1">View Product</a></div>
<div class="product"><a href="https://www.amazon.com/dp/B001AAHW6E?tag=eloabder-20&linkCode=osi&th=1&psc=1"><img src="https://m.media-amazon.com/images/I/31q3kq-dcJL._SL500_.jpg" alt="Product Image"></a><p>Whirlpool 2179404KRA Beverage Rack for Refrigerators, White – Replaces 2179404KR</p><p> -23% 0FF </p><p>$19.00</p><a href="https://www.amazon.com/dp/B001AAHW6E?tag=eloabder-20&linkCode=osi&th=1&psc=1">View Product</a></div><div class="product"><a href="https://www.amazon.com/dp/B08BJ9RPSS?tag=eloabder-20&linkCode=osi&th=1&psc=1"><img src="https://m.media-amazon.com/images/I/41mLJ0zepPL._SL500_.jpg" alt="Product Image"></a><p>BLACK+DECKER 24 Bottle Wine Fridge with LED Display, Compressor Cooling Wine Cooler Refrigerator with Interior Light, Temperature Controlled Wine Bottle Chiller with Fridge Wine Rack</p><p> -8% 0FF </p><p>$227.82</p><a href="https://www.amazon.com/dp/B08BJ9RPSS?tag=eloabder-20&linkCode=osi&th=1&psc=1">View Product</a></div>
<div class="product"><a href="https://www.amazon.com/dp/B09S5YHJZV?tag=eloabder-20&linkCode=osi&th=1&psc=1"><img src="https://m.media-amazon.com/images/I/41qbqyQ7jDL._SL500_.jpg" alt="Product Image"></a><p>Philips Sparkling Water Maker Soda Maker Machine for Home Carbonating with BPA free PET 1L Carbonating Bottle, Compatible with Any Screw-in 60L CO2 Exchange Carbonator(NOT Included), Grey Plastic</p><p> -17% 0FF </p><p>$49.99</p><a href="https://www.amazon.com/dp/B09S5YHJZV?tag=eloabder-20&linkCode=osi&th=1&psc=1">View Product</a></div>
<div class="product"><a href="https://www.amazon.com/dp/B000U8L1KU?tag=eloabder-20&linkCode=osi&th=1&psc=1"><img src="https://m.media-amazon.com/images/I/31Tcg4WHrrL._SL500_.jpg" alt="Product Image"></a><p>Thermos 34-Ounce Vacuum Insulated Stainless Steel Carafe</p><p> -13% 0FF </p><p>$42.99</p><a href="https://www.amazon.com/dp/B000U8L1KU?tag=eloabder-20&linkCode=osi&th=1&psc=1">View Product</a></div><div class="product"><a href="https://www.amazon.com/dp/B01MRGIZE9?tag=eloabder-20&linkCode=osi&th=1&psc=1"><img src="https://m.media-amazon.com/images/I/41-8Fhz+uGL._SL500_.jpg" alt="Product Image"></a><p>Airpot Coffee Dispenser with Pump - 102 oz Insulated Stainless Steel Coffee Carafe - Thermal Beverage Dispenser - Thermos Urn for Hot/Cold Water, Party Chocolate Drinks</p><p> -32% 0FF </p><p>$40.99</p><a href="https://www.amazon.com/dp/B01MRGIZE9?tag=eloabder-20&linkCode=osi&th=1&psc=1">View Product</a></div><div class="product"><a href="https://www.amazon.com/dp/B01F8P78IS?tag=eloabder-20&linkCode=osi&th=1&psc=1"><img src="https://m.media-amazon.com/images/I/51mk2cW-ajL._SL500_.jpg" alt="Product Image"></a><p>Thermal Coffee Carafe 68oz / 2L - 12 Hours Hot Beverage Dispenser, Insulated Stainless Steel Carafe for Hot Liquids, Coffee Carafes For Keeping Hot Coffee Dispenser for Parties -Large Tea Carafe Flask</p><p> -23% 0FF </p><p>$29.95</p><a href="https://www.amazon.com/dp/B01F8P78IS?tag=eloabder-20&linkCode=osi&th=1&psc=1">View Product</a></div>
<div class="product"><a href="https://www.amazon.com/dp/B0CJJQ7QQR?tag=eloabder-20&linkCode=osi&th=1&psc=1"><img src="https://m.media-amazon.com/images/I/41T7fb2zFLL._SL500_.jpg" alt="Product Image"></a><p>MUMSUNG Sandwich Cutter and Sealer for Kids, DIY Decruster Square Round Heart Pocket Sandwiches, Great for Breakfast Sandwich Maker, Lunchbox and Bento Box</p><p> -67% 0FF </p><p>$7.99</p><a href="https://www.amazon.com/dp/B0CJJQ7QQR?tag=eloabder-20&linkCode=osi&th=1&psc=1">View Product</a></div><div class="product"><a href="https://www.amazon.com/dp/B07KNKS1GC?tag=eloabder-20&linkCode=osi&th=1&psc=1"><img src="https://m.media-amazon.com/images/I/41A7lL8x93L._SL500_.jpg" alt="Product Image"></a><p>DCIGNA 1.2L Mini Rice Cooker, Electric Lunch Box, Travel, Small, Removable Non-stick Pot, Keep Warm Function, Suitable For 1-2 People - For Cooking Soup, Rice, Stews, Grains & Oatmeal</p><p> -35% 0FF </p><p>$25.99</p><a href="https://www.amazon.com/dp/B07KNKS1GC?tag=eloabder-20&linkCode=osi&th=1&psc=1">View Product</a></div><div class="product"><a href="https://www.amazon.com/dp/B083W2RWNL?tag=eloabder-20&linkCode=osi&th=1&psc=1"><img src="https://m.media-amazon.com/images/I/41+rZ7Ja9xL._SL500_.jpg" alt="Product Image"></a><p>HotLogic Max XP Large Portable Electric Lunch Box Food Heater - Expandable Food Warmer Tote and Heated Lunchbox for Adults Work/Car/Home - Cook, Reheat, and Keep Your Food Warm - BLACK - 120V</p><p> -13% 0FF </p><p>$78.27</p><a href="https://www.amazon.com/dp/B083W2RWNL?tag=eloabder-20&linkCode=osi&th=1&psc=1">View Product</a></div><div class="product"><a href="https://www.amazon.com/dp/B0CSW9FXB4?tag=eloabder-20&linkCode=osi&th=1&psc=1"><img src="https://m.media-amazon.com/images/I/41OrYzmJBML._SL500_.jpg" alt="Product Image"></a><p>ZPU Egg Holder Camping, 1Pcs 4 Grid Egg Container for Camping, Plastic Egg Carrier for Camping Picnic Travel Outdoor Refrigerator Kitchen, Shockproof Egg Storage Case, Clear White</p><p> -20% 0FF </p><p>$7.99</p><a href="https://www.amazon.com/dp/B0CSW9FXB4?tag=eloabder-20&linkCode=osi&th=1&psc=1">View Product</a></div>

<div class="product"><a href="https://www.amazon.com/dp/B0BVMYRKRL?tag=eloabder-20&linkCode=osi&th=1&psc=1"><img src="https://m.media-amazon.com/images/I/318s-4hULIL._SL500_.jpg" alt="Product Image"></a><p>Nextmug - Temperature-Controlled, Self-Heating Coffee Mug (Burgundy - 14 oz.)</p><p> -23% 0FF </p><p>$99.95</p><a href="https://www.amazon.com/dp/B0BVMYRKRL?tag=eloabder-20&linkCode=osi&th=1&psc=1">View Product</a></div><div class="product"><a href="https://www.amazon.com/dp/B0DB1DP2KL?tag=eloabder-20&linkCode=osi&th=1&psc=1"><img src="https://m.media-amazon.com/images/I/410VzytA0BL._SL500_.jpg" alt="Product Image"></a><p>Civexa Rechargeable Self Heating Coffee Mug, Fastest Heating & Highest Temperature, 14 Oz App-Controlled Heated Coffee Mug, 1°F Precise Temperature Control Smart Mug Warmer with 150 Min Battery Life</p><p> -33% 0FF </p><p>$79.99</p><a href="https://www.amazon.com/dp/B0DB1DP2KL?tag=eloabder-20&linkCode=osi&th=1&psc=1">View Product</a></div><div class="product"><a href="https://www.amazon.com/dp/B0BYTZ9Q6D?tag=eloabder-20&linkCode=osi&th=1&psc=1"><img src="https://m.media-amazon.com/images/I/41Qw-6ekfQL._SL500_.jpg" alt="Product Image"></a><p>ikago Smart Heated Coffee Mug Warmer & Mug Set - Heated Mug Warmer with Auto Shut Off, 1°F Precise Temperature Control Mug Warmer, Electric Coffee Mug Warmer for Desk, Birthday Gifts for Women and Men</p><p> -14% 0FF </p><p>$59.99</p><a href="https://www.amazon.com/dp/B0BYTZ9Q6D?tag=eloabder-20&linkCode=osi&th=1&psc=1">View Product</a></div><div class="product"><a href="https://www.amazon.com/dp/B0DHTR1H32?tag=eloabder-20&linkCode=osi&th=1&psc=1"><img src="https://m.media-amazon.com/images/I/31sESCtRb7L._SL500_.jpg" alt="Product Image"></a><p>Mug Warmer,Coffee Mug Warmer with 3-Temp Settings,304 Stainless Steel Coffee Warmer with Digital Display, 2-12H Timer Setting Mug Warmer for Desk, Coffee Cup Warmer As Ideal Gift for Coffee Lovers</p><p> -43% 0FF </p><p>$12.59</p><a href="https://www.amazon.com/dp/B0DHTR1H32?tag=eloabder-20&linkCode=osi&th=1&psc=1">View Product</a></div><div class="product"><a href="https://www.amazon.com/dp/B0DHTVV633?tag=eloabder-20&linkCode=osi&th=1&psc=1"><img src="https://m.media-amazon.com/images/I/31WBjhkZIKL._SL500_.jpg" alt="Product Image"></a><p>Mug Warmer,Coffee Mug Warmer with 3 Adjustable Temperature Settings,Coffee Warmer with 2-12H Auto Shutoff Functions,Easy to Clean Mug Warmer for Desk,Coffee Cup Warmer for Ideal Coffee Gifts</p><p> -19% 0FF </p><p>$12.99</p><a href="https://www.amazon.com/dp/B0DHTVV633?tag=eloabder-20&linkCode=osi&th=1&psc=1">View Product</a></div>
<div class="product"><a href="https://www.amazon.com/dp/B0CT5V2ZHR?tag=eloabder-20&linkCode=osi&th=1&psc=1"><img src="https://m.media-amazon.com/images/I/41QSTztkWYL._SL500_.jpg" alt="Product Image"></a><p>Car Electric Kettle: 12V/24V Portable Water Boiler Heated Travel Mug,Multiple Temperature Adjustable Coffee Tea Truck Cup with 304 Stainless Steel Dry Burn Protection & Handy Cup Bag</p><p> -22% 0FF </p><p>$35.99</p><a href="https://www.amazon.com/dp/B0CT5V2ZHR?tag=eloabder-20&linkCode=osi&th=1&psc=1">View Product</a></div><div class="product"><a href="https://www.amazon.com/dp/B09DFM7L6P?tag=eloabder-20&linkCode=osi&th=1&psc=1"><img src="https://m.media-amazon.com/images/I/41EHKsNXzxL._SL500_.jpg" alt="Product Image"></a><p>Muggo 12 oz Self-Heating Coffee Mug with 3 Hour Battery Life, Tea, Coffee, & Hot Beverage Warmer, Heated Travel Mug(L)</p><p> -20% 0FF </p><p>$79.99</p><a href="https://www.amazon.com/dp/B09DFM7L6P?tag=eloabder-20&linkCode=osi&th=1&psc=1">View Product</a></div><div class="product"><a href="https://www.amazon.com/dp/B0DJFBF3SH?tag=eloabder-20&linkCode=osi&th=1&psc=1"><img src="https://m.media-amazon.com/images/I/41IHoQ5MTsL._SL500_.jpg" alt="Product Image"></a><p>Ninja Pod & Grounds Specialty Single-Serve Coffee Maker, K-Cup Pod Compatible, Brews Grounds, Compact Design, Built-In Milk Frother, 56-oz. Reservoir, 6-oz. Cup to 24-oz. Mug Sizes, Stone, PB051ST</p><p> -20% 0FF </p><p>$79.99</p><a href="https://www.amazon.com/dp/B0DJFBF3SH?tag=eloabder-20&linkCode=osi&th=1&psc=1">View Product</a></div><div class="product"><a href="https://www.amazon.com/dp/B0CSDRZSGG?tag=eloabder-20&linkCode=osi&th=1&psc=1"><img src="https://m.media-amazon.com/images/I/31DLZl5VZVL._SL500_.jpg" alt="Product Image"></a><p>Ninja Hot & Iced XL Coffee Maker with Rapid Cold Brew, 4 Brew Styles, 8 Sizes Small Cup to Travel Mug, Single-Serve Coffee Brewer, 12-Cup Carafe, Permanent Filter, Removable Reservoir, Black, CM371</p><p> -33% 0FF </p><p>$99.95</p><a href="https://www.amazon.com/dp/B0CSDRZSGG?tag=eloabder-20&linkCode=osi&th=1&psc=1">View Product</a></div>
<div class="product"><a href="https://www.amazon.com/dp/B0855FZHRW?tag=eloabder-20&linkCode=osi&th=1&psc=1"><img src="https://m.media-amazon.com/images/I/41fTL2yJ5sL._SL500_.jpg" alt="Product Image"></a><p>Ovente 1.7 Liter, BPA-Free Electric Glass Hot Water Kettle with Stainless-Steel Infuser and ProntoFill Technology, Teapot Infuser Perfect for Tea (KG733S+FGK27B)</p><p> -15% 0FF </p><p>$49.57</p><a href="https://www.amazon.com/dp/B0855FZHRW?tag=eloabder-20&linkCode=osi&th=1&psc=1">View Product</a></div>

<div class="product"><a href="https://www.amazon.com/dp/B0C32T9JP5?tag=eloabder-20&linkCode=osi&th=1&psc=1"><img src="https://m.media-amazon.com/images/I/51i64SI1wsL._SL500_.jpg" alt="Product Image"></a><p>HONGBAKE Air Fryer Basket for Oven, 15.6"x11.6" Nonstick Air Fry Crisper Tray with Baking Pan, 2 Pieces Air Frying Accessories, Wide Edge, Gray</p><p> -25% 0FF </p><p>$15.99</p><a href="https://www.amazon.com/dp/B0C32T9JP5?tag=eloabder-20&linkCode=osi&th=1&psc=1">View Product</a></div><div class="product"><a href="https://www.amazon.com/dp/B089YSGMMG?tag=eloabder-20&linkCode=osi&th=1&psc=1"><img src="https://m.media-amazon.com/images/I/51aUBaF3HdL._SL500_.jpg" alt="Product Image"></a><p>Chef Pomodoro Air Fryer Tray for Oven, Copper Crisper Tray, Air Fryer Pans for Toaster Oven, Air Fryer Basket and Tray 2-Piece Set, Air Fryer Baking Pan, Air Fryer basket for Oven (Rectangle)</p><p> -33% 0FF </p><p>$19.99</p><a href="https://www.amazon.com/dp/B089YSGMMG?tag=eloabder-20&linkCode=osi&th=1&psc=1">View Product</a></div><div class="product"><a href="https://www.amazon.com/dp/B0BQ9VBZBH?tag=eloabder-20&linkCode=osi&th=1&psc=1"><img src="https://m.media-amazon.com/images/I/516B1UlyAqL._SL500_.jpg" alt="Product Image"></a><p>Oven Liners for Bottom of Oven with Baking Sheet Liner | Heat Resistant Oven Liners for Bottom of Electric Oven and Teflon Sheets for Baking | Reusable Oven Matt Liner for Bottom of Electric Oven.</p><p> -23% 0FF </p><p>$9.99</p><a href="https://www.amazon.com/dp/B0BQ9VBZBH?tag=eloabder-20&linkCode=osi&th=1&psc=1">View Product</a></div>

<div class="product"><a href="https://www.amazon.com/dp/B08BSP4GL1?tag=eloabder-20&linkCode=osi&th=1&psc=1"><img src="https://m.media-amazon.com/images/I/41gWrVLe75L._SL500_.jpg" alt="Product Image"></a><p>Elite Gourmet EBM8103B Programmable Bread Maker Machine 3 Loaf Sizes, 19 Menu Functions Gluten Free White Wheat Rye French and more, 2 Lbs, Black</p><p> -13% 0FF </p><p>$64.97</p><a href="https://www.amazon.com/dp/B08BSP4GL1?tag=eloabder-20&linkCode=osi&th=1&psc=1">View Product</a></div><div class="product"><a href="https://www.amazon.com/dp/B0CJKNWCG1?tag=eloabder-20&linkCode=osi&th=1&psc=1"><img src="https://m.media-amazon.com/images/I/31wlh9Y94-L._SL500_.jpg" alt="Product Image"></a><p>Silicone Bread Maker, Foldable Nonstick Silicone Bread Pan Easy Release Microwave Dishwasher for Kitchen</p><p> -7% 0FF </p><p>$11.59</p><a href="https://www.amazon.com/dp/B0CJKNWCG1?tag=eloabder-20&linkCode=osi&th=1&psc=1">View Product</a></div>
<div class="product"><a href="https://www.amazon.com/dp/B0BY833XLS?tag=eloabder-20&linkCode=osi&th=1&psc=1"><img src="https://m.media-amazon.com/images/I/41aFMPym+YL._SL500_.jpg" alt="Product Image"></a><p>AWEELON 2 Pcs Silicone Air Fryer Egg Pan Reusable Air Fryer Egg Mold,Non-Stick Air Fryer Baking Pan 3 Cavity Silicone Muffin Pans for Baking Hamburger Bun Pan Air Fryer Accessories</p><p> -10% 0FF </p><p>$8.98</p><a href="https://www.amazon.com/dp/B0BY833XLS?tag=eloabder-20&linkCode=osi&th=1&psc=1">View Product</a></div><div class="product"><a href="https://www.amazon.com/dp/B088TPLBQB?tag=eloabder-20&linkCode=osi&th=1&psc=1"><img src="https://m.media-amazon.com/images/I/31tsE8At5ZL._SL500_.jpg" alt="Product Image"></a><p>SELPONT Pastry Tamper- Wooden Pastry- Double Ended- Dough Tart Tamper- Baking Tool- Shaping Kitchen Tool</p><p> -25% 0FF </p><p>$8.99</p><a href="https://www.amazon.com/dp/B088TPLBQB?tag=eloabder-20&linkCode=osi&th=1&psc=1">View Product</a></div>
<div class="product"><a href="https://www.amazon.com/dp/B01M5JDU2A?tag=eloabder-20&linkCode=osi&th=1&psc=1"><img src="https://m.media-amazon.com/images/I/314-+mGNoUL._SL500_.jpg" alt="Product Image"></a><p>Gotham Steel Round Baking Pan Nonstick Bakeware, Round Cake Pan, – Large 9.5” x 9.5” x 2” Size, Even Heat & Non-Warp Technology, Ultra Nonstick Ceramic Coating, Dishwasher Safe, Brownish</p><p> -18% 0FF </p><p>$16.32</p><a href="https://www.amazon.com/dp/B01M5JDU2A?tag=eloabder-20&linkCode=osi&th=1&psc=1">View Product</a></div><div class="product"><a href="https://www.amazon.com/dp/B0CM67SP45?tag=eloabder-20&linkCode=osi&th=1&psc=1"><img src="https://m.media-amazon.com/images/I/31gSvPX0j5L._SL500_.jpg" alt="Product Image"></a><p>Air Fryer Cake Pan,Pizza Pan and Baking Cake Barrel,Nonstick Coating Backing Fit for HD9925 HD9860 HD9905 01,Dishwasher Safe, Black(22cm)</p><p> -43% 0FF </p><p>$11.88</p><a href="https://www.amazon.com/dp/B0CM67SP45?tag=eloabder-20&linkCode=osi&th=1&psc=1">View Product</a></div>
<div class="product"><a href="https://www.amazon.com/dp/B005XOYUSQ?tag=eloabder-20&linkCode=osi&th=1&psc=1"><img src="https://m.media-amazon.com/images/I/51l6VUhtL1L._SL500_.jpg" alt="Product Image"></a><p>Toas-Tite Sandwich Grill - Handheld Pie Iron, Sandwich Maker, Hand Toaster, Panini and Sandwich Press for Hand Made Hot Sandwiches and Pies - Perfect for Stovetop, Grill and Campfire</p><p> -6% 0FF </p><p>$29.95</p><a href="https://www.amazon.com/dp/B005XOYUSQ?tag=eloabder-20&linkCode=osi&th=1&psc=1">View Product</a></div><div class="product"><a href="https://www.amazon.com/dp/B0C9HX4TLP?tag=eloabder-20&linkCode=osi&th=1&psc=1"><img src="https://m.media-amazon.com/images/I/41j6he2SJ8L._SL500_.jpg" alt="Product Image"></a><p>AILITOR Double Pie Iron Sandwich Maker for Camping, Cast Iron Campfire Pie Cooker, Campfire Cooking Equipment Mountain Pie Maker</p><p> -25% 0FF </p><p>$29.99</p><a href="https://www.amazon.com/dp/B0C9HX4TLP?tag=eloabder-20&linkCode=osi&th=1&psc=1">View Product</a></div><div class="product"><a href="https://www.amazon.com/dp/B0BQ6RF42G?tag=eloabder-20&linkCode=osi&th=1&psc=1"><img src="https://m.media-amazon.com/images/I/415JIGFbKAL._SL500_.jpg" alt="Product Image"></a><p>AILITOR Campfire Sandwich Maker Cast Iron Pack of 4 - Pudgy Pie Maker for Camping, Mountain Pie Cooker</p><p> -5% 0FF </p><p>$94.99</p><a href="https://www.amazon.com/dp/B0BQ6RF42G?tag=eloabder-20&linkCode=osi&th=1&psc=1">View Product</a></div>
<div class="product"><a href="https://www.amazon.com/dp/B00KBUGQNY?tag=eloabder-20&linkCode=osi&th=1&psc=1"><img src="https://m.media-amazon.com/images/I/41XqQqVDzML._SL500_.jpg" alt="Product Image"></a><p>Wilton Candy Melts Candy And Chocolate Melting Pot, 2.5 Cups Capacity, Assorted Colors, Plastic</p><p> -24% 0FF </p><p>$32.99</p><a href="https://www.amazon.com/dp/B00KBUGQNY?tag=eloabder-20&linkCode=osi&th=1&psc=1">View Product</a></div>

<div class="product"><a href="https://www.amazon.com/dp/B07XXMSZ9T?tag=eloabder-20&linkCode=osi&th=1&psc=1"><img src="https://m.media-amazon.com/images/I/31QYFgrmuuL._SL500_.jpg" alt="Product Image"></a><p>MACONEE 12inch Universal Microwave Crisper Pan/Microwave Cookware Crispy Plate Fry Pan, Microwave Cooker for Reheat Frozen Pizza, Chicken Nuggets French Toast with Crisp Effect!</p><p> -5% 0FF </p><p>$34.99</p><a href="https://www.amazon.com/dp/B07XXMSZ9T?tag=eloabder-20&linkCode=osi&th=1&psc=1">View Product</a></div><div class="product"><a href="https://www.amazon.com/dp/B0C95D475H?tag=eloabder-20&linkCode=osi&th=1&psc=1"><img src="https://m.media-amazon.com/images/I/41KfKdcdDbL._SL500_.jpg" alt="Product Image"></a><p>Cuisinart Indoor Pizza Oven – Bake 12” Pizzas in Minutes – Portable Countertop Pizza Oven – Stainless Steel - CPZ-120</p><p> -53% 0FF </p><p>$187.49</p><a href="https://www.amazon.com/dp/B0C95D475H?tag=eloabder-20&linkCode=osi&th=1&psc=1">View Product</a></div><div class="product"><a href="https://www.amazon.com/dp/B0D9HYLN56?tag=eloabder-20&linkCode=osi&th=1&psc=1"><img src="https://m.media-amazon.com/images/I/51KRbs4TdkL._SL500_.jpg" alt="Product Image"></a><p>Presto 03434 Pizzaz Plus Rotating Oven - 12-Inch, Countertop Pizza Oven, Nonstick Tray, Top and Bottom Heating Elements, Easy to Clean, Green/Gold</p><p> -7% 0FF </p><p>$79.00</p><a href="https://www.amazon.com/dp/B0D9HYLN56?tag=eloabder-20&linkCode=osi&th=1&psc=1">View Product</a></div>
<div class="product"><a href="https://www.amazon.com/dp/B077YR9FFG?tag=eloabder-20&linkCode=osi&th=1&psc=1"><img src="https://m.media-amazon.com/images/I/51O2k+YPICL._SL500_.jpg" alt="Product Image"></a><p>Chefman Panini Press Grill and Gourmet Sandwich Maker Non-Stick Coated Plates, Opens 180 Degrees to Fit Any Type or Size of Food, Stainless Steel Surface and Removable Drip Tray, 4 Slice, Black</p><p> -20% 0FF </p><p>$39.96</p><a href="https://www.amazon.com/dp/B077YR9FFG?tag=eloabder-20&linkCode=osi&th=1&psc=1">View Product</a></div><div class="product"><a href="https://www.amazon.com/dp/B0039UU9TU?tag=eloabder-20&linkCode=osi&th=1&psc=1"><img src="https://m.media-amazon.com/images/I/41zMBCGEaoL._SL500_.jpg" alt="Product Image"></a><p>Lodge LPP3 Cast Iron Square Ribbed Panini Press, 8.25-inch</p><p> -7% 0FF </p><p>$29.61</p><a href="https://www.amazon.com/dp/B0039UU9TU?tag=eloabder-20&linkCode=osi&th=1&psc=1">View Product</a></div>
<div class="product"><a href="https://www.amazon.com/dp/B0BMV2R7NH?tag=eloabder-20&linkCode=osi&th=1&psc=1"><img src="https://m.media-amazon.com/images/I/41AU0s48sEL._SL500_.jpg" alt="Product Image"></a><p>Audecook Hot Pot Electric 2L, Cermic Glaze Non-Stick Frying Pan 8 Inch, Portable Travel Cooker for Ramen/Steak/Fried Rice/Oatmeal/Soup, with Dual Power Control (Silicone Spatula Included)</p><p> -24% 0FF </p><p>$37.99</p><a href="https://www.amazon.com/dp/B0BMV2R7NH?tag=eloabder-20&linkCode=osi&th=1&psc=1">View Product</a></div><div class="product"><a href="https://www.amazon.com/dp/B0B7FHK2H7?tag=eloabder-20&linkCode=osi&th=1&psc=1"><img src="https://m.media-amazon.com/images/I/31dqzuWr2sL._SL500_.jpg" alt="Product Image"></a><p>Audecook Hot Pot Electric with Steamer, 1.8L Portable Mini Travel Cooker, Multifunctional Non-Stick Electric Skillet for Stir Fry/Stew/Steam, Perfect for Ramen Noodles/Pasta/Egg/Soup/Oatmeal (White)</p><p> -28% 0FF </p><p>$32.98</p><a href="https://www.amazon.com/dp/B0B7FHK2H7?tag=eloabder-20&linkCode=osi&th=1&psc=1">View Product</a></div>
<div class="product"><a href="https://www.amazon.com/dp/B0002HAEKW?tag=eloabder-20&linkCode=osi&th=1&psc=1"><img src="https://m.media-amazon.com/images/I/31pTwD5u8wL._SL500_.jpg" alt="Product Image"></a><p>Farberware Classic Series Stainless Steel 8-Quart Covered Straining Stockpot with Lid, Stainless Steel Pot with Lid, Silver</p><p> -39% 0FF </p><p>$36.49</p><a href="https://www.amazon.com/dp/B0002HAEKW?tag=eloabder-20&linkCode=osi&th=1&psc=1">View Product</a></div><div class="product"><a href="https://www.amazon.com/dp/B08HR7H63D?tag=eloabder-20&linkCode=osi&th=1&psc=1"><img src="https://m.media-amazon.com/images/I/41kHWurprEL._SL500_.jpg" alt="Product Image"></a><p>Bayou Classic 200-490 30-qt Aluminum Turkey Fryer Kit Features 30-qt Aluminum Stockpot w/ Lid Lift Hook and Rack 1-oz Seasoning Injector 12-in Fry Thermometer 19-in Tall Steel Cooker w/ 4-in Burner</p><p> -6% 0FF </p><p>$157.63 ($157.63 / Count)</p><a href="https://www.amazon.com/dp/B08HR7H63D?tag=eloabder-20&linkCode=osi&th=1&psc=1">View Product</a></div>
<div class="product"><a href="https://www.amazon.com/dp/B0CV4NYDQL?tag=eloabder-20&linkCode=osi&th=1&psc=1"><img src="https://m.media-amazon.com/images/I/41ySRkI3DsL._SL500_.jpg" alt="Product Image"></a><p>Enameled Cast Iron Bread Pan With Lid 9 Piece Complete Bread Baking Set | Dutch Oven for Bread Baking | 10 Inch Bread Oven with Lid | Thick Enamel | Silicone Baking Mat | Banneton | 6 Quart (Red)</p><p> -10% 0FF </p><p>$89.99</p><a href="https://www.amazon.com/dp/B0CV4NYDQL?tag=eloabder-20&linkCode=osi&th=1&psc=1">View Product</a></div><div class="product"><a href="https://www.amazon.com/dp/B0C8WN349L?tag=eloabder-20&linkCode=osi&th=1&psc=1"><img src="https://m.media-amazon.com/images/I/41Fv7R5VoHL._SL500_.jpg" alt="Product Image"></a><p>Ninja Combi All-in-One Multicooker, Oven, & Air Fryer, Complete Meals in 15 Mins, 14-in-1 Functions, Combi Cooker + Air Fry, Bake, Roast, Slow Cook and More, 3 Accessories, Stainless Steel, SFP701</p><p> -22% 0FF </p><p>$179.99</p><a href="https://www.amazon.com/dp/B0C8WN349L?tag=eloabder-20&linkCode=osi&th=1&psc=1">View Product</a></div>





<div class="product"><a href="https://www.amazon.com/dp/B07GV78ZKK?tag=eloabder-20&linkCode=osi&th=1&psc=1"><img src="https://m.media-amazon.com/images/I/31zntCfjdLL._SL500_.jpg" alt="Product Image"></a><p>COMFEE' EM720CPL-PM Countertop Microwave Oven with Sound On/Off, ECO Mode and Easy One-Touch Buttons, 0.7 Cu Ft/700W, Pearl White</p><p> -17% 0FF </p><p>$68.39</p><a href="https://www.amazon.com/dp/B07GV78ZKK?tag=eloabder-20&linkCode=osi&th=1&psc=1">View Product</a></div>
<div class="product"><a href="https://www.amazon.com/dp/B07XMJMCS3?tag=eloabder-20&linkCode=osi&th=1&psc=1"><img src="https://m.media-amazon.com/images/I/419J3Xx48mL._SL500_.jpg" alt="Product Image"></a><p>Elite Gourmet ETO-4510M French Door 47.5Qt, 18-Slice Convection Oven 4-Control Knobs, Bake Broil Toast Rotisserie Keep Warm, Includes 2 x 14" Pizza Racks, Stainless Steel</p><p> -31% 0FF </p><p>$124.99</p><a href="https://www.amazon.com/dp/B07XMJMCS3?tag=eloabder-20&linkCode=osi&th=1&psc=1">View Product</a></div><div class="product"><a href="https://www.amazon.com/dp/B08BXX69K4?tag=eloabder-20&linkCode=osi&th=1&psc=1"><img src="https://m.media-amazon.com/images/I/41D3YEcmwdL._SL500_.jpg" alt="Product Image"></a><p>Ninja DT201 Foodi 10-in-1 XL Pro Air Fry Digital Countertop Convection Toaster Oven with Dehydrate and Reheat, 1800 Watts, Stainless Steel Finish, Silver</p><p> -23% 0FF </p><p>$229.99</p><a href="https://www.amazon.com/dp/B08BXX69K4?tag=eloabder-20&linkCode=osi&th=1&psc=1">View Product</a></div>
<div class="product"><a href="https://www.amazon.com/dp/B0CS3V8M9H?tag=eloabder-20&linkCode=osi&th=1&psc=1"><img src="https://m.media-amazon.com/images/I/412jHCGGR+L._SL500_.jpg" alt="Product Image"></a><p>Ninja Air Fryer Pro XL 6-in-1 with 6.5 QT Capacity, Max Crisp, Air Fry, Air Roast, Bake, Reheat, Dehydrate, Max Crisp Technology with 450F, Nonstick Basket & Crisper Plate, Grey, AF181</p><p> -47% 0FF </p><p>$89.99</p><a href="https://www.amazon.com/dp/B0CS3V8M9H?tag=eloabder-20&linkCode=osi&th=1&psc=1">View Product</a></div>
<div class="product"><a href="https://www.amazon.com/dp/B0B1QSBB8G?tag=eloabder-20&linkCode=osi&th=1&psc=1"><img src="https://m.media-amazon.com/images/I/51cRMyJi-bL._SL500_.jpg" alt="Product Image"></a><p>Ronco ST5000PLAT Digital Showtime Rotisserie, Platinum Edition, Cooks Food Perfectly Every Time, 3 Cooking Modes: Roast, Sear, and No Heat Rotation, Stainless Steel</p><p> -15% 0FF </p><p>$144.99</p><a href="https://www.amazon.com/dp/B0B1QSBB8G?tag=eloabder-20&linkCode=osi&th=1&psc=1">View Product</a></div><div class="product"><a href="https://www.amazon.com/dp/B08JQNN9SY?tag=eloabder-20&linkCode=osi&th=1&psc=1"><img src="https://m.media-amazon.com/images/I/51rWVbBIf+L._SL500_.jpg" alt="Product Image"></a><p>Ronco Showtime EZ-Store Large Capacity Rotisserie & BBQ Oven, Digital Controls, Compact Storage, Perfect Preset Rotation Speed, Self-Basting, Auto Shutoff, Includes Multipurpose Basket, red</p><p> -10% 0FF </p><p>$139.99</p><a href="https://www.amazon.com/dp/B08JQNN9SY?tag=eloabder-20&linkCode=osi&th=1&psc=1">View Product</a></div><div class="product"><a href="https://www.amazon.com/dp/B00IGGJKRY?tag=eloabder-20&linkCode=osi&th=1&psc=1"><img src="https://m.media-amazon.com/images/I/41ZyPJxqGNL._SL500_.jpg" alt="Product Image"></a><p>Ronco 5500 Series Rotisserie Oven, Black</p><p> -7% 0FF </p><p>$139.99</p><a href="https://www.amazon.com/dp/B00IGGJKRY?tag=eloabder-20&linkCode=osi&th=1&psc=1">View Product</a></div><div class="product"><a href="https://www.amazon.com/dp/B016VZYWNS?tag=eloabder-20&linkCode=osi&th=1&psc=1"><img src="https://m.media-amazon.com/images/I/41GY0IMde0L._SL500_.jpg" alt="Product Image"></a><p>NutriChef Vertical Countertop Rotisserie Oven Roaster, Rotating Shawarma And Kebab Machine with Skewer and Rack, Basket Tower, Roasting Rack, Poultry Tower, Drip Tray, For Meat Chicken Turkey Lamb</p><p> -8% 0FF </p><p>$110.28</p><a href="https://www.amazon.com/dp/B016VZYWNS?tag=eloabder-20&linkCode=osi&th=1&psc=1">View Product</a></div><div class="product"><a href="https://www.amazon.com/dp/B01MAWQSW5?tag=eloabder-20&linkCode=osi&th=1&psc=1"><img src="https://m.media-amazon.com/images/I/51hurfu3V2L._SL500_.jpg" alt="Product Image"></a><p>Nutrichef Vertical Countertop Oven with Rotisserie, Bake, Broil, & Kebab Rack Functions - Adjustable Settings - 2 Shelves - 1500W - Thanksgiving Turkey - Includes Grill, Kebab skewer racks & bake pan</p><p> -15% 0FF </p><p>$88.80</p><a href="https://www.amazon.com/dp/B01MAWQSW5?tag=eloabder-20&linkCode=osi&th=1&psc=1">View Product</a></div>
<div class="product"><a href="https://www.amazon.com/dp/B0BJ7VBZ2N?tag=eloabder-20&linkCode=osi&th=1&psc=1"><img src="https://m.media-amazon.com/images/I/31YfjzhQJiL._SL500_.jpg" alt="Product Image"></a><p>LG LRFLC2706S 27 Cu. Ft. French Door Smart Refrigerator in Stainless Steel</p><p> -22% 0FF </p><p>$1,645.31</p><a href="https://www.amazon.com/dp/B0BJ7VBZ2N?tag=eloabder-20&linkCode=osi&th=1&psc=1">View Product</a></div><div class="product"><a href="https://www.amazon.com/dp/B0CL9K8VTH?tag=eloabder-20&linkCode=osi&th=1&psc=1"><img src="https://m.media-amazon.com/images/I/219HZ+NJ2UL._SL500_.jpg" alt="Product Image"></a><p>THFRIONE 18.1 Cu. Ft 36" Inch W. Refrigerator with Ice & Water Dispenser, Inverter Compressor, Auto Defrost, Gray Stainless Steel Finish – Perfect for Kitchens, Homes, or Offices</p><p> -25% 0FF </p><p>$1,499.99</p><a href="https://www.amazon.com/dp/B0CL9K8VTH?tag=eloabder-20&linkCode=osi&th=1&psc=1">View Product</a></div><div class="product"><a href="https://www.amazon.com/dp/B0C2X116TR?tag=eloabder-20&linkCode=osi&th=1&psc=1"><img src="https://m.media-amazon.com/images/I/21W4R5jV3GL._SL500_.jpg" alt="Product Image"></a><p>LG LRFXC2606S 25.5 Cu. Ft. Stainless Steel French Door Smart Refrigerator</p><p> -29% 0FF </p><p>$1,843.47</p><a href="https://www.amazon.com/dp/B0C2X116TR?tag=eloabder-20&linkCode=osi&th=1&psc=1">View Product</a></div><div class="product"><a href="https://www.amazon.com/dp/B07ZL2VL1Q?tag=eloabder-20&linkCode=osi&th=1&psc=1"><img src="https://m.media-amazon.com/images/I/316q4gNbayL._SL500_.jpg" alt="Product Image"></a><p>GE Profile PVD28BYNFS 27.6 Cu.Ft. Stainless French Door Smart Refrigerator</p><p> -44% 0FF </p><p>$2,345.73</p><a href="https://www.amazon.com/dp/B07ZL2VL1Q?tag=eloabder-20&linkCode=osi&th=1&psc=1">View Product</a></div>
<div class="product"><a href="https://www.amazon.com/dp/B0CFG3VR82?tag=eloabder-20&linkCode=osi&th=1&psc=1"><img src="https://m.media-amazon.com/images/I/41mL7IdNaaL._SL500_.jpg" alt="Product Image"></a><p>4986ER0004F Washer Door Boot Gasket - Boot Seal with Drain Port Compatible with LG and Kenmore Replaces: PS3524977, 1377588, 4986ER0004J, 4986ER0004K, AH3524977, 4986ER0004M, 4986ER0004N, EA3524977</p><p> -19% 0FF </p><p>$29.98</p><a href="https://www.amazon.com/dp/B0CFG3VR82?tag=eloabder-20&linkCode=osi&th=1&psc=1">View Product</a></div><div class="product"><a href="https://www.amazon.com/dp/B0CSNKFMHZ?tag=eloabder-20&linkCode=osi&th=1&psc=1"><img src="https://m.media-amazon.com/images/I/41FWvdtKijL._SL500_.jpg" alt="Product Image"></a><p>Upgraded DC97-16140P DC97-19755A Washer Door Gasket Boot Seal Bellow Diaphragm Compatible with Samsung Front Load Washer Door Seal WF45N5300AW/US WF45M5500AZ/A5 WF45K6200AW/A2 WF45K6300AW/A2 Parts</p><p> -13% 0FF </p><p>$45.77</p><a href="https://www.amazon.com/dp/B0CSNKFMHZ?tag=eloabder-20&linkCode=osi&th=1&psc=1">View Product</a></div>
<div class="product"><a href="https://www.amazon.com/dp/B0C4PRS41W?tag=eloabder-20&linkCode=osi&th=1&psc=1"><img src="https://m.media-amazon.com/images/I/41Xc8Et+m2L._SL500_.jpg" alt="Product Image"></a><p>ROVSUN 13.2LB Portable Clothes Dryer, 3.5 Cu.Ft High End Front Load Tumble Laundry Dryer with LCD Touch Screen, Stainless Steel Tub for Apartment, Home, Dorm-110V, Luxury Grey</p><p> -6% 0FF </p><p>$289.99</p><a href="https://www.amazon.com/dp/B0C4PRS41W?tag=eloabder-20&linkCode=osi&th=1&psc=1">View Product</a></div><div class="product"><a href="https://www.amazon.com/dp/B0BV6M9MB8?tag=eloabder-20&linkCode=osi&th=1&psc=1"><img src="https://m.media-amazon.com/images/I/31UNxYC9C6L._SL500_.jpg" alt="Product Image"></a><p>BLACK+DECKER Compact Clothes Dryer, 1.5 Cu. Ft. 850W Electric Dryer, 120V Vented Portable Dryer with Stainless Steel Drum, Mini Dryer for 3.3 lbs. of Laundry for Standard Wall Outlet</p><p> -6% 0FF </p><p>$244.07</p><a href="https://www.amazon.com/dp/B0BV6M9MB8?tag=eloabder-20&linkCode=osi&th=1&psc=1">View Product</a></div>
<div class="product"><a href="https://www.amazon.com/dp/B09QGHYFY3?tag=eloabder-20&linkCode=osi&th=1&psc=1"><img src="https://m.media-amazon.com/images/I/51WzNNtcNxL._SL500_.jpg" alt="Product Image"></a><p>VEVOR Commercial Convection Oven, 66L/60Qt, Half-Size Conventional Oven Countertop, 1800W 4-Tier Toaster w/Front Glass Door, w/Trays Wire Racks Clip Gloves, 120V</p><p> -8% 0FF </p><p>$459.99</p><a href="https://www.amazon.com/dp/B09QGHYFY3?tag=eloabder-20&linkCode=osi&th=1&psc=1">View Product</a></div><div class="product"><a href="https://www.amazon.com/dp/B0BZ52FLKC?tag=eloabder-20&linkCode=osi&th=1&psc=1"><img src="https://m.media-amazon.com/images/I/51xS1rDuyiL._SL500_.jpg" alt="Product Image"></a><p>Emeril Lagasse Dual Zone 360 Air Fryer Oven Combo with French Door, 25 QT Extra Large Cook Two Foods in Different Ways, Up to 60% Faster from Frozen to Finish</p><p> -12% 0FF </p><p>$264.50</p><a href="https://www.amazon.com/dp/B0BZ52FLKC?tag=eloabder-20&linkCode=osi&th=1&psc=1">View Product</a></div><div class="product"><a href="https://www.amazon.com/dp/B0BRL9F8HV?tag=eloabder-20&linkCode=osi&th=1&psc=1"><img src="https://m.media-amazon.com/images/I/41OVh-RKLgL._SL500_.jpg" alt="Product Image"></a><p>Ninja DCT451 12-in-1 Smart Double Oven with FlexDoor, Thermometer, FlavorSeal, Smart Finish, Rapid Top Convection and Air Fry Bottom , Stainless Steel (pack of 1)</p><p> -20% 0FF </p><p>$279.99</p><a href="https://www.amazon.com/dp/B0BRL9F8HV?tag=eloabder-20&linkCode=osi&th=1&psc=1">View Product</a></div>

<div class="product"><a href="https://www.amazon.com/dp/B0773QXFH3?tag=eloabder-20&linkCode=osi&th=1&psc=1"><img src="https://m.media-amazon.com/images/I/41OitXu8hQL._SL500_.jpg" alt="Product Image"></a><p>BLACK+DECKER BCD6W 6 Place Setting ENERGY STAR Portable Compact Countertop Dishwasher</p><p> -20% 0FF </p><p>$319.99</p><a href="https://www.amazon.com/dp/B0773QXFH3?tag=eloabder-20&linkCode=osi&th=1&psc=1">View Product</a></div><div class="product"><a href="https://www.amazon.com/dp/B09QSV4FCC?tag=eloabder-20&linkCode=osi&th=1&psc=1"><img src="https://m.media-amazon.com/images/I/51vfWTq8xAL._SL500_.jpg" alt="Product Image"></a><p>IAGREEA Portable Countertop Dishwasher, 7 Washing Programs Compact Mini Dishwasher, No Hook Needed, Anti-Leakage, Fruit & Vegetable Soaking, For 4 Sets of Tableware</p><p> -9% 0FF </p><p>$209.99</p><a href="https://www.amazon.com/dp/B09QSV4FCC?tag=eloabder-20&linkCode=osi&th=1&psc=1">View Product</a></div>




<div class="product"><a href="https://www.amazon.com/dp/B07D4821JB?tag=eloabder-20&linkCode=osi&th=1&psc=1"><img src="https://m.media-amazon.com/images/I/31KcsQlzOiL._SL500_.jpg" alt="Product Image"></a><p>GE Smart Countertop Microwave Oven | Complete with Scan-to-Cook Technology and Wifi-Connectivity | 0.9 Cubic Feet Capacity, 900 Watts | Home & Kitchen Essentials | Stainless Steel</p><p> -9% 0FF </p><p>$145.00</p><a href="https://www.amazon.com/dp/B07D4821JB?tag=eloabder-20&linkCode=osi&th=1&psc=1">View Product</a></div><div class="product"><a href="https://www.amazon.com/dp/B08PK7WZC1?tag=eloabder-20&linkCode=osi&th=1&psc=1"><img src="https://m.media-amazon.com/images/I/31FW1VCDrSL._SL500_.jpg" alt="Product Image"></a><p>Toshiba ML-EM62P(SS) Large Countertop Microwave with Smart Sensor, 6 Menus, Auto Defrost, ECO Mode, Mute Option & 16.5" Position Memory Turntable, 2.2 Cu Ft, 1200W, Stainless Steel</p><p> -5% 0FF </p><p>$199.99</p><a href="https://www.amazon.com/dp/B08PK7WZC1?tag=eloabder-20&linkCode=osi&th=1&psc=1">View Product</a></div><div class="product"><a href="https://www.amazon.com/dp/B081ZS7VSM?tag=eloabder-20&linkCode=osi&th=1&psc=1"><img src="https://m.media-amazon.com/images/I/41q6iIrj2lL._SL500_.jpg" alt="Product Image"></a><p>Breville BMO870BSS1BUC1 the Combi Wave 3 in 1 Microwave, Brushed Stainless Steel</p><p> -20% 0FF </p><p>$399.95</p><a href="https://www.amazon.com/dp/B081ZS7VSM?tag=eloabder-20&linkCode=osi&th=1&psc=1">View Product</a></div><div class="product"><a href="https://www.amazon.com/dp/B089WC2P2K?tag=eloabder-20&linkCode=osi&th=1&psc=1"><img src="https://m.media-amazon.com/images/I/418Op+Eo8TL._SL500_.jpg" alt="Product Image"></a><p>TOSHIBA 4-in-1 ML-EC42P(SS) Countertop Microwave Oven, Smart Sensor, Convection, Air Fryer Combo, Mute Function, Position Memory 13.6" Turntable, 1.5 Cu Ft, 1000W, Silver</p><p> -16% 0FF </p><p>$214.99</p><a href="https://www.amazon.com/dp/B089WC2P2K?tag=eloabder-20&linkCode=osi&th=1&psc=1">View Product</a></div>
<div class="product"><a href="https://www.amazon.com/dp/B0CZNV2YJK?tag=eloabder-20&linkCode=osi&th=1&psc=1"><img src="https://m.media-amazon.com/images/I/41cLBczHUgL._SL500_.jpg" alt="Product Image"></a><p>Aeitto Blender, Blenders for Kitchen with 1500-Watt Motor, 68 Oz Large Capacity, Countertop Professional Blenders for Ice Crush, Frozen Drinks, Black</p><p> -73% 0FF </p><p>$89.99</p><a href="https://www.amazon.com/dp/B0CZNV2YJK?tag=eloabder-20&linkCode=osi&th=1&psc=1">View Product</a></div><div class="product"><a href="https://www.amazon.com/dp/B00939FV8K?tag=eloabder-20&linkCode=osi&th=1&psc=1"><img src="https://m.media-amazon.com/images/I/418t4FONikL._SL500_.jpg" alt="Product Image"></a><p>Ninja BL660 Professional Compact Smoothie & Food Processing Blender, 1100-Watts, 3 Functions -for Frozen Drinks, Smoothies, Sauces, & More, 72-oz.* Pitcher, (2) 16-oz. To-Go Cups & Spout Lids, Gray</p><p> -17% 0FF </p><p>$99.00</p><a href="https://www.amazon.com/dp/B00939FV8K?tag=eloabder-20&linkCode=osi&th=1&psc=1">View Product</a></div><div class="product"><a href="https://www.amazon.com/dp/B0CDCTBMKX?tag=eloabder-20&linkCode=osi&th=1&psc=1"><img src="https://m.media-amazon.com/images/I/41AxPEPZViL._SL500_.jpg" alt="Product Image"></a><p>Ninja TB201 Detect Power Blender Pro, BlendSense Technology, For Smoothies, Shakes & More, 1800 Peak Watts, 72 oz. Pitcher, Blender, Black</p><p> -7% 0FF </p><p>$129.99</p><a href="https://www.amazon.com/dp/B0CDCTBMKX?tag=eloabder-20&linkCode=osi&th=1&psc=1">View Product</a></div><div class="product"><a href="https://www.amazon.com/dp/B08F2PWT72?tag=eloabder-20&linkCode=osi&th=1&psc=1"><img src="https://m.media-amazon.com/images/I/21Abxpp-dvL._SL500_.jpg" alt="Product Image"></a><p>KitchenAid Variable Speed Corded Hand Blender KHBV53, Charcoal Grey</p><p> -25% 0FF </p><p>$44.95</p><a href="https://www.amazon.com/dp/B08F2PWT72?tag=eloabder-20&linkCode=osi&th=1&psc=1">View Product</a></div>


<div class="product"><a href="https://www.amazon.com/dp/B010TSWBEA?tag=eloabder-20&linkCode=osi&th=1&psc=1"><img src="https://m.media-amazon.com/images/I/21S-tgi3mHL._SL500_.jpg" alt="Product Image"></a><p>SMEG 2 Slice Toaster with 6 Presets and Defrost Function and Removable Crumb Tray TSF01SSMUS, Stainless Steel</p><p> -21% 0FF </p><p>$196.97</p><a href="https://www.amazon.com/dp/B010TSWBEA?tag=eloabder-20&linkCode=osi&th=1&psc=1">View Product</a></div><div class="product"><a href="https://www.amazon.com/dp/B00COMHC12?tag=eloabder-20&linkCode=osi&th=1&psc=1"><img src="https://m.media-amazon.com/images/I/31x2kZuLOcL._SL500_.jpg" alt="Product Image"></a><p>Breville the 'A Bit More' Toaster 2-Slice, BTA720XL, Brushed Stainless Steel</p><p> -25% 0FF </p><p>$89.95</p><a href="https://www.amazon.com/dp/B00COMHC12?tag=eloabder-20&linkCode=osi&th=1&psc=1">View Product</a></div><div class="product"><a href="https://www.amazon.com/dp/B00140SC64?tag=eloabder-20&linkCode=osi&th=1&psc=1"><img src="https://m.media-amazon.com/images/I/31AsHl4-4ZL._SL500_.jpg" alt="Product Image"></a><p>Breville Smart Toaster, 2-Slice, Brushed Aluminum</p><p> -6% 0FF </p><p>$149.95</p><a href="https://www.amazon.com/dp/B00140SC64?tag=eloabder-20&linkCode=osi&th=1&psc=1">View Product</a></div><div class="product"><a href="https://www.amazon.com/dp/B0964BFH62?tag=eloabder-20&linkCode=osi&th=1&psc=1"><img src="https://m.media-amazon.com/images/I/41Nw+vaMaiL._SL500_.jpg" alt="Product Image"></a><p>Café Express Finish 2-Slice Toaster | Extra-Wide Slots, Extra Lift for Waffles, Pastries, Texas Toast & More | 4 Pre-Set Functions, 8 Shade Options | Countertop Kitchen Essentials | Matte Black</p><p> -23% 0FF </p><p>$99.00</p><a href="https://www.amazon.com/dp/B0964BFH62?tag=eloabder-20&linkCode=osi&th=1&psc=1">View Product</a></div><div class="product"><a href="https://www.amazon.com/dp/B0876235F1?tag=eloabder-20&linkCode=osi&th=1&psc=1"><img src="https://m.media-amazon.com/images/I/41y-KW18W1L._SL500_.jpg" alt="Product Image"></a><p>Haden Heritage 4 Slice Wide Slot Stainless Steel Toaster with Adjustable Browning Control & Non-Slip Feet, Ivory & Chrome</p><p> -29% 0FF </p><p>$89.95</p><a href="https://www.amazon.com/dp/B0876235F1?tag=eloabder-20&linkCode=osi&th=1&psc=1">View Product</a></div>
<div class="product"><a href="https://www.amazon.com/dp/B0C7VMZ9FG?tag=eloabder-20&linkCode=osi&th=1&psc=1"><img src="https://m.media-amazon.com/images/I/31JHVY8m1-L._SL500_.jpg" alt="Product Image"></a><p>Breez Max | Smart AC Controller | WiFi Thermostat for Mini-Split, Window, Portable ACS/Heat Pumps | AI-Based Tech | Free App, No Subscriptions | Alexa, Google, Siri Shortcuts, IFTTT (White)</p><p> -22% 0FF </p><p>$124.99</p><a href="https://www.amazon.com/dp/B0C7VMZ9FG?tag=eloabder-20&linkCode=osi&th=1&psc=1">View Product</a></div>



<div class="product"><a href="https://www.amazon.com/dp/B09H1CGRTV?tag=eloabder-20&linkCode=osi&th=1&psc=1"><img src="https://m.media-amazon.com/images/I/31uEPVcJ8RL._SL500_.jpg" alt="Product Image"></a><p>FOTILE ChefCubii 4-in-1 Countertop Convection Steam Oven, Air Fryer, Dehydrator with True Convection Bake, Steam-Bake, Broil, 40 Preset Menu and Steam Self-Clean, 1 CFT</p><p> -20% 0FF </p><p>$399.00</p><a href="https://www.amazon.com/dp/B09H1CGRTV?tag=eloabder-20&linkCode=osi&th=1&psc=1">View Product</a></div><div class="product"><a href="https://www.amazon.com/dp/B0CZ3HSTP8?tag=eloabder-20&linkCode=osi&th=1&psc=1"><img src="https://m.media-amazon.com/images/I/41rIMFdCNsL._SL500_.jpg" alt="Product Image"></a><p>Secura Multifunction Air Fryer Steam Oven, 13 Quart Compact Oven with Convection Bake, Airfryer, Rapid Steam, Ferment, Dehydrator Combo, Nutritious & Delicious Food Steamer for Cooking (Mint Green)</p><p> -18% 0FF </p><p>$120.00</p><a href="https://www.amazon.com/dp/B0CZ3HSTP8?tag=eloabder-20&linkCode=osi&th=1&psc=1">View Product</a></div><div class="product"><a href="https://www.amazon.com/dp/B08YDJJ48N?tag=eloabder-20&linkCode=osi&th=1&psc=1"><img src="https://m.media-amazon.com/images/I/31eWtCxG5PL._SL500_.jpg" alt="Product Image"></a><p>Whynter TSO-488GB Grande 40 Quart Capacity Counter-Top Multi-Function Convection Steam Oven, Black Stainless Steel</p><p> -26% 0FF </p><p>$320.08</p><a href="https://www.amazon.com/dp/B08YDJJ48N?tag=eloabder-20&linkCode=osi&th=1&psc=1">View Product</a></div>
<div class="product"><a href="https://www.amazon.com/dp/B0B12ZBHLZ?tag=eloabder-20&linkCode=osi&th=1&psc=1"><img src="https://m.media-amazon.com/images/I/41aMbPd8AmL._SL500_.jpg" alt="Product Image"></a><p>Sensibo Air PRO - Air Conditioner Smart Controller & Air Quality Sensor. Smart Thermostat for Mini Split, Window, Portable AC. Temp & Humidity Sensors. Google, Alexa, Siri & Apple HomeKit Compatible</p><p> -31% 0FF </p><p>$149.00</p><a href="https://www.amazon.com/dp/B0B12ZBHLZ?tag=eloabder-20&linkCode=osi&th=1&psc=1">View Product</a></div><div class="product"><a href="https://www.amazon.com/dp/B0BQH2SL9Q?tag=eloabder-20&linkCode=osi&th=1&psc=1"><img src="https://m.media-amazon.com/images/I/31CwRCRuFWL._SL500_.jpg" alt="Product Image"></a><p>Feit Electric Smart Indoor WiFi Temperature and Humidity Sensor for Precision Environment Control, Wireless, Digital Remote App Control, Get Notification Alerts and No Hub Required - Temp/WiFi</p><p> -16% 0FF </p><p>$39.30</p><a href="https://www.amazon.com/dp/B0BQH2SL9Q?tag=eloabder-20&linkCode=osi&th=1&psc=1">View Product</a></div><div class="product"><a href="https://www.amazon.com/dp/B0B5GPM54S?tag=eloabder-20&linkCode=osi&th=1&psc=1"><img src="https://m.media-amazon.com/images/I/31sAt4ZNQRL._SL500_.jpg" alt="Product Image"></a><p>YoLink X3 Version Temperature & Humidity Sensor, Supports App Real-Time Data Refresh, Alexa, IFTTT, Home Assistant Integration - YoLink Hub Required</p><p> -20% 0FF </p><p>$39.99</p><a href="https://www.amazon.com/dp/B0B5GPM54S?tag=eloabder-20&linkCode=osi&th=1&psc=1">View Product</a></div><div class="product"><a href="https://www.amazon.com/dp/B09Y873L1Z?tag=eloabder-20&linkCode=osi&th=1&psc=1"><img src="https://m.media-amazon.com/images/I/41iuXKDZtVL._SL500_.jpg" alt="Product Image"></a><p>WiFi Temperature Humidity Monitor: Upgraded Smart Temperature and Humidity Sensor with Large Backlit LCD Screen & App Alerts, Indoor Thermometer Hygrometer Compatible with Alexa Google Assistant</p><p> -23% 0FF </p><p>$20.68</p><a href="https://www.amazon.com/dp/B09Y873L1Z?tag=eloabder-20&linkCode=osi&th=1&psc=1">View Product</a></div>
<div class="product"><a href="https://www.amazon.com/dp/B002HDLBTC?tag=eloabder-20&linkCode=osi&th=1&psc=1"><img src="https://m.media-amazon.com/images/I/514U5jbXZXL._SL500_.jpg" alt="Product Image"></a><p>BREW EXPRESS - 10 CUP BUILT-IN-THE-WALL - SELF FILLING COFFEE SYSTEM</p><p> -16% 0FF </p><p>$753.00 ($75.30 / Count)</p><a href="https://www.amazon.com/dp/B002HDLBTC?tag=eloabder-20&linkCode=osi&th=1&psc=1">View Product</a></div><div class="product"><a href="https://www.amazon.com/dp/B07HCMRJZD?tag=eloabder-20&linkCode=osi&th=1&psc=1"><img src="https://m.media-amazon.com/images/I/41GaMhDDegL._SL500_.jpg" alt="Product Image"></a><p>WOLF GOURMET Programmable Coffee Maker System with 10 Cup Thermal Carafe, Built-In Grounds Scale, Removable Reservoir, Red Knob, Stainless Steel (WGCM100S)</p><p> -18% 0FF </p><p>$449.95</p><a href="https://www.amazon.com/dp/B07HCMRJZD?tag=eloabder-20&linkCode=osi&th=1&psc=1">View Product</a></div>



<div class="product"><a href="https://www.amazon.com/dp/B00P387SGS?tag=eloabder-20&linkCode=osi&th=1&psc=1"><img src="https://m.media-amazon.com/images/I/31PaPGs7ucL._SL500_.jpg" alt="Product Image"></a><p>Avanti ERU200P3S ERU200 20" Electric Range Oven with Framed Glass Door, in Stainless Steel</p><p> -25% 0FF </p><p>$584.10</p><a href="https://www.amazon.com/dp/B00P387SGS?tag=eloabder-20&linkCode=osi&th=1&psc=1">View Product</a></div><div class="product"><a href="https://www.amazon.com/dp/B0CGMC72GG?tag=eloabder-20&linkCode=osi&th=1&psc=1"><img src="https://m.media-amazon.com/images/I/41VO4jA5L0L._SL500_.jpg" alt="Product Image"></a><p>Kenmore Front Control Electric Range Oven with 5 Cooktop Elements with 7 Cooking Power Options, True Convection, Steam and Self Clean, Freestanding Oven, 4.8 cu. ft. Capacity Stainless Steel</p><p> -15% 0FF </p><p>$1,099.99</p><a href="https://www.amazon.com/dp/B0CGMC72GG?tag=eloabder-20&linkCode=osi&th=1&psc=1">View Product</a></div><div class="product"><a href="https://www.amazon.com/dp/B00P3821II?tag=eloabder-20&linkCode=osi&th=1&psc=1"><img src="https://m.media-amazon.com/images/I/31VtoYu+-YL._SL500_.jpg" alt="Product Image"></a><p>Avanti ERU240P1B ERU240 24" Electric Range Oven with Framed Glass Door, in Black</p><p> -12% 0FF </p><p>$612.07</p><a href="https://www.amazon.com/dp/B00P3821II?tag=eloabder-20&linkCode=osi&th=1&psc=1">View Product</a></div><div class="product"><a href="https://www.amazon.com/dp/B098H6P9YG?tag=eloabder-20&linkCode=osi&th=1&psc=1"><img src="https://m.media-amazon.com/images/I/3173fk+5oHL._SL500_.jpg" alt="Product Image"></a><p>Premium Levella 20" Electric Range with 4 Coil Burners and 2.2 Cu. Ft. Oven Capacity in White</p><p> -7% 0FF </p><p>$699.00</p><a href="https://www.amazon.com/dp/B098H6P9YG?tag=eloabder-20&linkCode=osi&th=1&psc=1">View Product</a></div><div class="product"><a href="https://www.amazon.com/dp/B07HY4RYPD?tag=eloabder-20&linkCode=osi&th=1&psc=1"><img src="https://m.media-amazon.com/images/I/41+Y7YbWcuL._SL500_.jpg" alt="Product Image"></a><p>OVENTE Electric Countertop Double Burner, 1700W Cooktop with 7.25" and 6.10" Cast Iron Hot Plates, Temperature Control, Portable Cooking Stove and Easy to Clean Stainless Steel Base, Black BGS102B</p><p> -34% 0FF </p><p>$26.99</p><a href="https://www.amazon.com/dp/B07HY4RYPD?tag=eloabder-20&linkCode=osi&th=1&psc=1">View Product</a></div><div class="product"><a href="https://www.amazon.com/dp/B01EBC40BW?tag=eloabder-20&linkCode=osi&th=1&psc=1"><img src="https://m.media-amazon.com/images/I/31EF03Y41gL._SL500_.jpg" alt="Product Image"></a><p>GE Appliances JB645DKWW, White</p><p> -9% 0FF </p><p>$759.72</p><a href="https://www.amazon.com/dp/B01EBC40BW?tag=eloabder-20&linkCode=osi&th=1&psc=1">View Product</a></div>
<div class="product"><a href="https://www.amazon.com/dp/B0B8F38J2B?tag=eloabder-20&linkCode=osi&th=1&psc=1"><img src="https://m.media-amazon.com/images/I/31hyxdIlB5L._SL500_.jpg" alt="Product Image"></a><p>GreenPan Elite 8 - in -1 Programmable 6QT Electric Slow Cooker, Dishwasher Safe Lid & Removable Crock, PFAS-Free Healthy Ceramic Nonstick Multi-Cooker, Sear, Sauté/Brown, Steam Basket, Roast, White</p><p> -24% 0FF </p><p>$190.22</p><a href="https://www.amazon.com/dp/B0B8F38J2B?tag=eloabder-20&linkCode=osi&th=1&psc=1">View Product</a></div>

<div class="product"><a href="https://www.amazon.com/dp/B0BG677TXS?tag=eloabder-20&linkCode=osi&th=1&psc=1"><img src="https://m.media-amazon.com/images/I/31xwg0S1m1L._SL500_.jpg" alt="Product Image"></a><p>Samsung WW25B6900AW/A2 2.5 cu. ft. Smart Dial Front Load Washer</p><p> -27% 0FF </p><p>$798.00</p><a href="https://www.amazon.com/dp/B0BG677TXS?tag=eloabder-20&linkCode=osi&th=1&psc=1">View Product</a></div><div class="product"><a href="https://www.amazon.com/dp/B098FBB9KF?tag=eloabder-20&linkCode=osi&th=1&psc=1"><img src="https://m.media-amazon.com/images/I/31BJNXlaIoL._SL500_.jpg" alt="Product Image"></a><p>SAMSUNG 6.0 Cu Ft. Smart Dial Front Load Washer, Wash 2 Loads in 1 Large Capacity Machine, FlexWash, 28 Minute Super Speed Clothes Washing, Steam Stain Removal, WV60A9900AV/A5, Brushed Black</p><p> -6% 0FF </p><p>$1,794.00</p><a href="https://www.amazon.com/dp/B098FBB9KF?tag=eloabder-20&linkCode=osi&th=1&psc=1">View Product</a></div><div class="product"><a href="https://www.amazon.com/dp/B0CG21R3R3?tag=eloabder-20&linkCode=osi&th=1&psc=1"><img src="https://m.media-amazon.com/images/I/41wWRqV3hNL._SL500_.jpg" alt="Product Image"></a><p>Samsung 5.4 Cu. Ft. Smart Top Load Washer with Active Wave Agitator in White</p><p> -30% 0FF </p><p>$698.11</p><a href="https://www.amazon.com/dp/B0CG21R3R3?tag=eloabder-20&linkCode=osi&th=1&psc=1">View Product</a></div><div class="product"><a href="https://www.amazon.com/dp/B0B9GCYNTQ?tag=eloabder-20&linkCode=osi&th=1&psc=1"><img src="https://m.media-amazon.com/images/I/31-hInDefjL._SL500_.jpg" alt="Product Image"></a><p>SAMSUNG 4.6 Cu Ft AI Smart Dial Front Load Washer, Large Capacity Machine, Stackable for Small Spaces, 28 Min Super Speed Clothes Washing, Energy Star Certified, WF46BG6500AVUS, Brushed Black</p><p> -46% 0FF </p><p>$699.97</p><a href="https://www.amazon.com/dp/B0B9GCYNTQ?tag=eloabder-20&linkCode=osi&th=1&psc=1">View Product</a></div><div class="product"><a href="https://www.amazon.com/dp/B09RHLVMN3?tag=eloabder-20&linkCode=osi&th=1&psc=1"><img src="https://m.media-amazon.com/images/I/41f7mMz70DL._SL500_.jpg" alt="Product Image"></a><p>Samsung WF45T6000WPR White Front Load Laundry Package</p><p> -26% 0FF </p><p>$1,258.99</p><a href="https://www.amazon.com/dp/B09RHLVMN3?tag=eloabder-20&linkCode=osi&th=1&psc=1">View Product</a></div><div class="product"><a href="https://www.amazon.com/dp/B0DHYRW1S1?tag=eloabder-20&linkCode=osi&th=1&psc=1"><img src="https://m.media-amazon.com/images/I/31XhNU9yg2L._SL500_.jpg" alt="Product Image"></a><p>Samsung WH46DBH100EWA3 Bespoke AI Laundry Hub Large Capacity 4.6 Single Unit Steam Wash and 7.6 cu. ft. Electric White Washer and Dryer</p><p> -11% 0FF </p><p>$1,598.11</p><a href="https://www.amazon.com/dp/B0DHYRW1S1?tag=eloabder-20&linkCode=osi&th=1&psc=1">View Product</a></div><div class="product"><a href="https://www.amazon.com/dp/B0C5BGBSTS?tag=eloabder-20&linkCode=osi&th=1&psc=1"><img src="https://m.media-amazon.com/images/I/31osGMkChUL._SL500_.jpg" alt="Product Image"></a><p>LG WM6700HBA 5.0 Cu. Ft. Black Steel Front Load HE Stackable Smart Washer</p><p> -32% 0FF </p><p>$948.11</p><a href="https://www.amazon.com/dp/B0C5BGBSTS?tag=eloabder-20&linkCode=osi&th=1&psc=1">View Product</a></div>
<div class="product"><a href="https://www.amazon.com/dp/B099FM9Q3F?tag=eloabder-20&linkCode=osi&th=1&psc=1"><img src="https://m.media-amazon.com/images/I/31BJ8l-fdHL._SL500_.jpg" alt="Product Image"></a><p>SAMSUNG 7.5 Cu. Ft. Smart Dial Electric Dryer with FlexDry, Dry 2 Loads in 1 Large Capacity Machine, Super Speed 30 Minute Clothes Drying Cycle, WiFi Connected Control, DVE60A9900V/A3, Brushed Black</p><p> -10% 0FF </p><p>$899.99</p><a href="https://www.amazon.com/dp/B099FM9Q3F?tag=eloabder-20&linkCode=osi&th=1&psc=1">View Product</a></div><div class="product"><a href="https://www.amazon.com/dp/B0C72WLSJ1?tag=eloabder-20&linkCode=osi&th=1&psc=1"><img src="https://m.media-amazon.com/images/I/41Xh3Pcm43L._SL500_.jpg" alt="Product Image"></a><p>GE Profile PFQ97HSPVDS 28 Inch Smart Front Load Washer/Dryer Combo with 4.8 cu.ft. Capacity, 12 Wash Cycles, 14 Dryer Cycles</p><p> -17% 0FF </p><p>$1,915.00</p><a href="https://www.amazon.com/dp/B0C72WLSJ1?tag=eloabder-20&linkCode=osi&th=1&psc=1">View Product</a></div>
<div class="product"><a href="https://www.amazon.com/dp/B08BXXQ37X?tag=eloabder-20&linkCode=osi&th=1&psc=1"><img src="https://m.media-amazon.com/images/I/41rYTYUWK2L._SL500_.jpg" alt="Product Image"></a><p>Ninja DT251 Foodi 10-in-1 Smart XL Air Fry Oven, Bake, Broil, Toast, Roast, Digital Toaster, Thermometer, True Surround Convection up to 450°F, includes 6 trays & Recipe Guide, Silver</p><p> -24% 0FF </p><p>$249.95</p><a href="https://www.amazon.com/dp/B08BXXQ37X?tag=eloabder-20&linkCode=osi&th=1&psc=1">View Product</a></div><div class="product"><a href="https://www.amazon.com/dp/B0CLP1YV8V?tag=eloabder-20&linkCode=osi&th=1&psc=1"><img src="https://m.media-amazon.com/images/I/41SB1d44IAL._SL500_.jpg" alt="Product Image"></a><p>COSORI Smart 13-in-1 Air Fryer Toaster Oven Combo, Airfryer Rotisserie Sous Vide Convection Oven Countertop, Bake, Broil, Roast, Dehydrate, 134 Recipes & 4 Accessories, 32QT, Silver, Stainless Steel</p><p> -12% 0FF </p><p>$149.99</p><a href="https://www.amazon.com/dp/B0CLP1YV8V?tag=eloabder-20&linkCode=osi&th=1&psc=1">View Product</a></div>
<div class="product"><a href="https://www.amazon.com/dp/B09WPS1JQT?tag=eloabder-20&linkCode=osi&th=1&psc=1"><img src="https://m.media-amazon.com/images/I/213pWPsDBsL._SL500_.jpg" alt="Product Image"></a><p>SHARP Smart Dishwasher Works with Alexa. Includes LED Interior lights, Stainless Steel interior, Heated Dry with Fan Assist, Wash Zone cleans half load on either rack, Adjustable Third Rack</p><p> -28% 0FF </p><p>$649.99</p><a href="https://www.amazon.com/dp/B09WPS1JQT?tag=eloabder-20&linkCode=osi&th=1&psc=1">View Product</a></div><div class="product"><a href="https://www.amazon.com/dp/B0B9GJFNLX?tag=eloabder-20&linkCode=osi&th=1&psc=1"><img src="https://m.media-amazon.com/images/I/41rhOWVP2YL._SL500_.jpg" alt="Product Image"></a><p>BLITZHOME Portable Dishwasher Countertop, WIFI Smart Dishwasher, Compact Dishwashers with 5L Built-in Water Tank, 6 Programs, 360° Dual Spray, High-Temp& Air-Dry Function, Fruit Cleaning</p><p> -5% 0FF </p><p>$265.94</p><a href="https://www.amazon.com/dp/B0B9GJFNLX?tag=eloabder-20&linkCode=osi&th=1&psc=1">View Product</a></div><div class="product"><a href="https://www.amazon.com/dp/B0B9GDD4VS?tag=eloabder-20&linkCode=osi&th=1&psc=1"><img src="https://m.media-amazon.com/images/I/31vXK+e-zxL._SL500_.jpg" alt="Product Image"></a><p>SAMSUNG Smart 44dBA Dishwasher w/ StormWash+, AutoRelease Door, Quiet Operation, 3 Dish Racks, Pre Blast Cycle, Energy Star Certified, DW80B6060US/AA, Fingerprint Resistant Stainless Steel</p><p> -5% 0FF </p><p>$949.00</p><a href="https://www.amazon.com/dp/B0B9GDD4VS?tag=eloabder-20&linkCode=osi&th=1&psc=1">View Product</a></div><div class="product"><a href="https://www.amazon.com/dp/B0BDNRN39R?tag=eloabder-20&linkCode=osi&th=1&psc=1"><img src="https://m.media-amazon.com/images/I/21YrlEfylNL._SL500_.jpg" alt="Product Image"></a><p>Samsung DW80B7070AP 42 dBA Bespoke Smart Dishwasher - Bespoke Panel Ready</p><p> -10% 0FF </p><p>$1,029.72</p><a href="https://www.amazon.com/dp/B0BDNRN39R?tag=eloabder-20&linkCode=osi&th=1&psc=1">View Product</a></div><div class="product"><a href="https://www.amazon.com/dp/B0CFPTPD7N?tag=eloabder-20&linkCode=osi&th=1&psc=1"><img src="https://m.media-amazon.com/images/I/31JMPn7cM2L._SL500_.jpg" alt="Product Image"></a><p>Kenmore 24" Built-In Stainless Steel Tub Dishwasher with EasyFlex 3rd Rack, SmartWash, UltraWash Plus, TurboDry, and Adjustable Rack, Energy Star Certified, Fingerprint Resistant Stainless Steel</p><p> -38% 0FF </p><p>$499.99</p><a href="https://www.amazon.com/dp/B0CFPTPD7N?tag=eloabder-20&linkCode=osi&th=1&psc=1">View Product</a></div>
<div class="product"><a href="https://www.amazon.com/dp/B07X2732ZN?tag=eloabder-20&linkCode=osi&th=1&psc=1"><img src="https://m.media-amazon.com/images/I/414+VuqxfCL._SL500_.jpg" alt="Product Image"></a><p>Winco EMW-1000ST Commercial-Grade Microwave Oven, .9 Cubic Feet, Silver</p><p> -7% 0FF </p><p>$278.22</p><a href="https://www.amazon.com/dp/B07X2732ZN?tag=eloabder-20&linkCode=osi&th=1&psc=1">View Product</a></div><div class="product"><a href="https://www.amazon.com/dp/B0C1QP9ZH9?tag=eloabder-20&linkCode=osi&th=1&psc=1"><img src="https://m.media-amazon.com/images/I/41fZkBs64aL._SL500_.jpg" alt="Product Image"></a><p>Winco Commercial-Grade Planetary Mixer with Hub, 20 Liter</p><p> -18% 0FF </p><p>$1,112.49</p><a href="https://www.amazon.com/dp/B0C1QP9ZH9?tag=eloabder-20&linkCode=osi&th=1&psc=1">View Product</a></div><div class="product"><a href="https://www.amazon.com/dp/B0716Q44T2?tag=eloabder-20&linkCode=osi&th=1&psc=1"><img src="https://m.media-amazon.com/images/I/41jw7AxptIL._SL500_.jpg" alt="Product Image"></a><p>Weston Pro Series Electric Meat Grinder, Commercial Grade, 1120 Watts, 1.5 HP, 14lbs. Per Minute, Stainless Steel (10-2201-W)</p><p> -13% 0FF </p><p>$659.99</p><a href="https://www.amazon.com/dp/B0716Q44T2?tag=eloabder-20&linkCode=osi&th=1&psc=1">View Product</a></div>
<div class="product"><a href="https://www.amazon.com/dp/B0BG3BPRBS?tag=eloabder-20&linkCode=osi&th=1&psc=1"><img src="https://m.media-amazon.com/images/I/41EKP3Rd4FL._SL500_.jpg" alt="Product Image"></a><p>KITCHENAID Fitted Tilt-Head Solid Stand Mixer Cover with Storage Pocket, Quilted 100% Cotton, Milkshake, 14.4"x18"x10"</p><p> -57% 0FF </p><p>$19.50</p><a href="https://www.amazon.com/dp/B0BG3BPRBS?tag=eloabder-20&linkCode=osi&th=1&psc=1">View Product</a></div>
<div class="product"><a href="https://www.amazon.com/dp/B08F72TY67?tag=eloabder-20&linkCode=osi&th=1&psc=1"><img src="https://m.media-amazon.com/images/I/515c8kJ6iaL._SL500_.jpg" alt="Product Image"></a><p>MegaWise Vacuum Sealer Machine | 80kPa Suction Power| Bags and Cutter Included | Compact One-Touch Automatic Food Sealer with External Vacuum System | Dry Moist Fresh Modes for All Saving needs</p><p> -10% 0FF </p><p>$35.99</p><a href="https://www.amazon.com/dp/B08F72TY67?tag=eloabder-20&linkCode=osi&th=1&psc=1">View Product</a></div><div class="product"><a href="https://www.amazon.com/dp/B08L8YZ9LG?tag=eloabder-20&linkCode=osi&th=1&psc=1"><img src="https://m.media-amazon.com/images/I/316EFEDqU6S._SL500_.jpg" alt="Product Image"></a><p>VOBAGA Coffee Mug Warmer, Electric Coffee Warmer for Office Desk Accessories with Auto Shut Off, 3 Temperature Setting Smart Cup Warmer for Heating Coffee, Beverage, Milk and Tea (No Mug)</p><p> -38% 0FF </p><p>$24.97</p><a href="https://www.amazon.com/dp/B08L8YZ9LG?tag=eloabder-20&linkCode=osi&th=1&psc=1">View Product</a></div><div class="product"><a href="https://www.amazon.com/dp/B0CCTPNZD4?tag=eloabder-20&linkCode=osi&th=1&psc=1"><img src="https://m.media-amazon.com/images/I/41F5VlaiwOL._SL500_.jpg" alt="Product Image"></a><p>Coffee Mug Warmer, Smart Candle Warmer, Electric Cup Warmer with Aluminum Metal Panel for Office, Desk Accessories, Electric Beverage Warmer for Cocoa, Milk, for Coworkers Friends,</p><p> -50% 0FF </p><p>$9.99</p><a href="https://www.amazon.com/dp/B0CCTPNZD4?tag=eloabder-20&linkCode=osi&th=1&psc=1">View Product</a></div>
<div class="product"><a href="https://www.amazon.com/dp/B0BKLVF1DM?tag=eloabder-20&linkCode=osi&th=1&psc=1"><img src="https://m.media-amazon.com/images/I/41NUOnE9h0L._SL500_.jpg" alt="Product Image"></a><p>Café Couture Oven with 14 essential cooking modes, including Air Fry, CrispFinish, Bake, Broil, Roast, Toast, Pizza, WiFi & Smart Connected, Voice Control, Countertop Small Appliances, Matte White</p><p> -27% 0FF </p><p>$329.00</p><a href="https://www.amazon.com/dp/B0BKLVF1DM?tag=eloabder-20&linkCode=osi&th=1&psc=1">View Product</a></div><div class="product"><a href="https://www.amazon.com/dp/B09649DDTN?tag=eloabder-20&linkCode=osi&th=1&psc=1"><img src="https://m.media-amazon.com/images/I/41iMySSuDkL._SL500_.jpg" alt="Product Image"></a><p>GE Profile Opal 2.0 with 0.75 Gallon Tank, Chewable Crunchable Countertop Nugget Ice Maker, Scoop included, 38 lbs in 24 hours, Pellet Ice Machine with WiFi & Smart Connected, Black Stainless Steel</p><p> -17% 0FF </p><p>$498.98</p><a href="https://www.amazon.com/dp/B09649DDTN?tag=eloabder-20&linkCode=osi&th=1&psc=1">View Product</a></div><div class="product"><a href="https://www.amazon.com/dp/B0DGFSYHXL?tag=eloabder-20&linkCode=osi&th=1&psc=1"><img src="https://m.media-amazon.com/images/I/41JYWoYr-WL._SL500_.jpg" alt="Product Image"></a><p>2024 Upgrade Cord Organizer For Kitchen Appliances,4 Pack Cord Organizer for Appliances,Kitchen Appliance Cord Organizer Stick On,Self-Adhesive Cord Organizer</p><p> -30% 0FF </p><p>$6.99</p><a href="https://www.amazon.com/dp/B0DGFSYHXL?tag=eloabder-20&linkCode=osi&th=1&psc=1">View Product</a></div><div class="product"><a href="https://www.amazon.com/dp/B09SBW246Y?tag=eloabder-20&linkCode=osi&th=1&psc=1"><img src="https://m.media-amazon.com/images/I/41FsMr2XLML._SL500_.jpg" alt="Product Image"></a><p>GE Profile Opal 2.0, Chewable Crunchable Countertop Nugget Ice Maker, Scoop included, 38 lbs in 24 hours, Pellet Ice Machine with WiFi & Smart Connected, Stainless Steel</p><p> -18% 0FF </p><p>$449.00</p><a href="https://www.amazon.com/dp/B09SBW246Y?tag=eloabder-20&linkCode=osi&th=1&psc=1">View Product</a></div>
<div class="product"><a href="https://www.amazon.com/dp/B0C2FF4JD1?tag=eloabder-20&linkCode=osi&th=1&psc=1"><img src="https://m.media-amazon.com/images/I/41hiBJ9xLAL._SL500_.jpg" alt="Product Image"></a><p>Ninja BC151BK Blast Portable Blender, Cordless, 18oz. Vessel, Personal Blender-for Shakes & Smoothies, BPA Free, Leakproof-Lid & Sip Spout, USB-C Rechargeable, Dishwasher Safe Parts, Black</p><p> -33% 0FF </p><p>$39.99</p><a href="https://www.amazon.com/dp/B0C2FF4JD1?tag=eloabder-20&linkCode=osi&th=1&psc=1">View Product</a></div><div class="product"><a href="https://www.amazon.com/dp/B089TQWJKK?tag=eloabder-20&linkCode=osi&th=1&psc=1"><img src="https://m.media-amazon.com/images/I/319-1n4eaeL._SL500_.jpg" alt="Product Image"></a><p>Ninja DZ201 Foodi 8 Quart 6-in-1 DualZone 2-Basket Air Fryer with 2 Independent Frying Baskets, Match Cook & Smart Finish to Roast, Broil, Dehydrate & More for Quick, Easy Meals, Grey</p><p> -15% 0FF </p><p>$169.99</p><a href="https://www.amazon.com/dp/B089TQWJKK?tag=eloabder-20&linkCode=osi&th=1&psc=1">View Product</a></div>
<div class="product"><a href="https://www.amazon.com/dp/B0CMJQC2M3?tag=eloabder-20&linkCode=osi&th=1&psc=1"><img src="https://m.media-amazon.com/images/I/216CCwa5bJL._SL500_.jpg" alt="Product Image"></a><p>Summit Appliance FFBF235PL 24" Wide Bottom Freezer Refrigerator, Energy Star, LED Lighting, Stainless Steel (RHD)</p><p> -41% 0FF </p><p>$1,086.96</p><a href="https://www.amazon.com/dp/B0CMJQC2M3?tag=eloabder-20&linkCode=osi&th=1&psc=1">View Product</a></div><div class="product"><a href="https://www.amazon.com/dp/B096RYWSQM?tag=eloabder-20&linkCode=osi&th=1&psc=1"><img src="https://m.media-amazon.com/images/I/31uENxnUdBL._SL500_.jpg" alt="Product Image"></a><p>COMFEE’ Portable Mini Dishwasher, Energy Star, Countertop, 6 Place Settings, with 8 Washing Programs, Speed, Baby-Care, ECO& Glass, Dish Washer for Dorm, RV& Apartment, White</p><p> -10% 0FF </p><p>$259.99</p><a href="https://www.amazon.com/dp/B096RYWSQM?tag=eloabder-20&linkCode=osi&th=1&psc=1">View Product</a></div>
<div class="product"><a href="https://www.amazon.com/dp/B0CPLVLFK2?tag=eloabder-20&linkCode=osi&th=1&psc=1"><img src="https://m.media-amazon.com/images/I/41TevXHn-zL._SL500_.jpg" alt="Product Image"></a><p>Immersion Blender Handheld Corded Hand Blender 1100W, Trigger Variable Speed 5 in 1 Stick Blender, Emulsion Blender with Chopper, Whisk and Frother for Soup, Baby Food and Smoothies</p><p> -49% 0FF </p><p>$39.99</p><a href="https://www.amazon.com/dp/B0CPLVLFK2?tag=eloabder-20&linkCode=osi&th=1&psc=1">View Product</a></div>
<div class="product"><a href="https://www.amazon.com/dp/B00IE76Q7M?tag=eloabder-20&linkCode=osi&th=1&psc=1"><img src="https://m.media-amazon.com/images/I/41yTd6+03lS._SL500_.jpg" alt="Product Image"></a><p>Reynolds Kitchens Premium Slow Cooker Liners - 13 x 21 Inch, 6 Count</p><p> -40% 0FF </p><p>$3.48 ($0.58 / Count)</p><a href="https://www.amazon.com/dp/B00IE76Q7M?tag=eloabder-20&linkCode=osi&th=1&psc=1">View Product</a></div><div class="product"><a href="https://www.amazon.com/dp/B08QJ8SHGV?tag=eloabder-20&linkCode=osi&th=1&psc=1"><img src="https://m.media-amazon.com/images/I/51e1ld7+QuL._SL500_.jpg" alt="Product Image"></a><p>Sealegend 2 Pieces Dryer Vent Cleaner Kit Dryer Lint Vacuum Attachment, Dryer Vent Cleaning Lint Remover 2 Hoses Tools for Home Improvement</p><p> -6% 0FF </p><p>$14.99</p><a href="https://www.amazon.com/dp/B08QJ8SHGV?tag=eloabder-20&linkCode=osi&th=1&psc=1">View Product</a></div><div class="product"><a href="https://www.amazon.com/dp/B09KT67BL1?tag=eloabder-20&linkCode=osi&th=1&psc=1"><img src="https://m.media-amazon.com/images/I/41GfIj83V6L._SL500_.jpg" alt="Product Image"></a><p>HomeHacks 2-Pack Large Laundry Basket, Waterproof, Freestanding Laundry Hamper, Collapsible Tall Clothes Hamper with Extended Handles for Clothes Toys in the Dorm and Family-(Gradient Grey, 75L)</p><p> -20% 0FF </p><p>$19.99 ($10.00 / Count)</p><a href="https://www.amazon.com/dp/B09KT67BL1?tag=eloabder-20&linkCode=osi&th=1&psc=1">View Product</a></div><div class="product"><a href="https://www.amazon.com/dp/B08YQYB7VF?tag=eloabder-20&linkCode=osi&th=1&psc=1"><img src="https://m.media-amazon.com/images/I/410P1mYng8L._SL500_.jpg" alt="Product Image"></a><p>600W Electric Hand Mixer Kitchen Handheld Mixer 10 Speed Powerful with Turbo for Baking Cake Lightweight & Personal Electric Mixer with Egg Baking Beaters Dough Hooks, Whipping Mixing Cookies</p><p> -25% 0FF </p><p>$37.49</p><a href="https://www.amazon.com/dp/B08YQYB7VF?tag=eloabder-20&linkCode=osi&th=1&psc=1">View Product</a></div>



<div class="product"><a href="https://www.amazon.com/dp/B09SBRGSFH?tag=eloabder-20&linkCode=osi&th=1&psc=1"><img src="https://m.media-amazon.com/images/I/51B+TheiNvL._SL500_.jpg" alt="Product Image"></a><p>Ninja SS151 TWISTi Blender DUO, High-Speed 1600 WP Smoothie Maker & Nutrient Extractor* 5 Functions Smoothie, Spreads & More, smartTORQUE, 34-oz. Pitcher & (2) To-Go Cups, Gray</p><p> -29% 0FF </p><p>$99.99</p><a href="https://www.amazon.com/dp/B09SBRGSFH?tag=eloabder-20&linkCode=osi&th=1&psc=1">View Product</a></div>






<div class="product"><a href="https://www.amazon.com/dp/B0DFP72QBQ?tag=eloabder-20&linkCode=osi&th=1&psc=1"><img src="https://m.media-amazon.com/images/I/41WTRq99coL._SL500_.jpg" alt="Product Image"></a><p>UV Countertop Reverse Osmosis System Water Filter, 5 Stage RO Water Filtration System, NSF/ANSI 58 Certified, 5:1 Pure to Drain, Water Purifier for Home(No Installation Required)</p><p> -83% 0FF </p><p>$299.99</p><a href="https://www.amazon.com/dp/B0DFP72QBQ?tag=eloabder-20&linkCode=osi&th=1&psc=1">View Product</a></div><div class="product"><a href="https://www.amazon.com/dp/B0D2HLT8ZB?tag=eloabder-20&linkCode=osi&th=1&psc=1"><img src="https://m.media-amazon.com/images/I/51I3hzCxgfL._SL500_.jpg" alt="Product Image"></a><p>Hydrosip H6 Hydrogen Water Bottle – Hydrogen Water Bottle Generator Up to 3000ppb – Rich Hydrogen-Infused Water – SPE/PEM Technology – Portable Electric Water Ionizer Bottle – Quick Hydrogen Infusion</p><p> -20% 0FF </p><p>$79.99</p><a href="https://www.amazon.com/dp/B0D2HLT8ZB?tag=eloabder-20&linkCode=osi&th=1&psc=1">View Product</a></div>













<div class="product"><a href="https://www.amazon.com/dp/B0CB8QWHZ4?tag=eloabder-20&linkCode=osi&th=1&psc=1"><img src="https://m.media-amazon.com/images/I/31iiEl+sr-L._SL500_.jpg" alt="Product Image"></a><p>EIFHYT Ceiling Fan Pull Chain with Decorative 2 Pcs 3 mm 12 inch Frosted Light Bulb and Fan Cord extender Chains for Mounted Ceiling Fans and Light Fixtures (Nickel)</p><p> -50% 0FF </p><p>$3.49</p><a href="https://www.amazon.com/dp/B0CB8QWHZ4?tag=eloabder-20&linkCode=osi&th=1&psc=1">View Product</a></div>








<div class="product"><a href="https://www.amazon.com/dp/B07DRM9YXL?tag=eloabder-20&linkCode=osi&th=1&psc=1"><img src="https://m.media-amazon.com/images/I/51yigLl6c+L._SL500_.jpg" alt="Product Image"></a><p>NutriChef Electric Carving Turkey Slicer Kitchen Knife | For Thanksgiving | Portable Electrical Food Cutter Knife Set with Carving Blades & Wood Carving Stand | Cuts Meat, Bread, Cheese & Fruit</p><p> -19% 0FF </p><p>$28.38</p><a href="https://www.amazon.com/dp/B07DRM9YXL?tag=eloabder-20&linkCode=osi&th=1&psc=1">View Product</a></div><div class="product"><a href="https://www.amazon.com/dp/B091LZV4TF?tag=eloabder-20&linkCode=osi&th=1&psc=1"><img src="https://m.media-amazon.com/images/I/51UKNfHOeRL._SL500_.jpg" alt="Product Image"></a><p>Homaider Electric Knife for Carving Meat, Turkey, Bread & More. Serving Fork and Carving Blades Included</p><p> -14% 0FF </p><p>$59.99</p><a href="https://www.amazon.com/dp/B091LZV4TF?tag=eloabder-20&linkCode=osi&th=1&psc=1">View Product</a></div><div class="product"><a href="https://www.amazon.com/dp/B0C1TBT4D4?tag=eloabder-20&linkCode=osi&th=1&psc=1"><img src="https://m.media-amazon.com/images/I/31iw4Pxk70L._SL500_.jpg" alt="Product Image"></a><p>BLACK+DECKER Comfort Grip™ Electric Knife With Storage Case, Black</p><p> -23% 0FF </p><p>$23.19</p><a href="https://www.amazon.com/dp/B0C1TBT4D4?tag=eloabder-20&linkCode=osi&th=1&psc=1">View Product</a></div><div class="product"><a href="https://www.amazon.com/dp/B0D736YM74?tag=eloabder-20&linkCode=osi&th=1&psc=1"><img src="https://m.media-amazon.com/images/I/41-TimjHH+L._SL500_.jpg" alt="Product Image"></a><p>KEENSTAR Electric Knife for Carving Meat, Turkey, Bread, 150W Electric Knife Set with 2 Serrated Stainless Steel Blades & Serving Fork for Slicing Poultry, Ham & More, Ergonomic Handle & Safety Lock</p><p> -29% 0FF </p><p>$39.99</p><a href="https://www.amazon.com/dp/B0D736YM74?tag=eloabder-20&linkCode=osi&th=1&psc=1">View Product</a></div>

<div class="product"><a href="https://www.amazon.com/dp/B0B3S5GWX7?tag=eloabder-20&linkCode=osi&th=1&psc=1"><img src="https://m.media-amazon.com/images/I/31oa3VJk1OL._SL500_.jpg" alt="Product Image"></a><p>Ninja DG551 Foodi Smart XL 6-in-1 Indoor Grill with Air Fry, Roast, Bake, Broil, & Dehydrate, Foodi Smart Thermometer, 2nd Generation, Black/Silver</p><p> -39% 0FF </p><p>$169.99</p><a href="https://www.amazon.com/dp/B0B3S5GWX7?tag=eloabder-20&linkCode=osi&th=1&psc=1">View Product</a></div><div class="product"><a href="https://www.amazon.com/dp/B089ZT66H9?tag=eloabder-20&linkCode=osi&th=1&psc=1"><img src="https://m.media-amazon.com/images/I/41cjUnZlkdL._SL500_.jpg" alt="Product Image"></a><p>COSORI Air Fryer Pro Smart 5.8QT that Roast, Bake, 3-Way Control, 12-IN-1 Customizable Functions, Online Recipes, Detachable Basket, Works with Alexa & Google Assistant</p><p> -14% 0FF </p><p>$119.99</p><a href="https://www.amazon.com/dp/B089ZT66H9?tag=eloabder-20&linkCode=osi&th=1&psc=1">View Product</a></div><div class="product"><a href="https://www.amazon.com/dp/B0D8S8TN1C?tag=eloabder-20&linkCode=osi&th=1&psc=1"><img src="https://m.media-amazon.com/images/I/41iDgb-syML._SL500_.jpg" alt="Product Image"></a><p>Touch screen Toaster 2 slice, Stainless Steel Digital Timer Toaster with Sound Function, 6 Bread Types & 6 Shade Settings, Smart Extra Wide Slots Toaster with Bagel, Defrost Functions (grey)</p><p> -65% 0FF </p><p>$69.99</p><a href="https://www.amazon.com/dp/B0D8S8TN1C?tag=eloabder-20&linkCode=osi&th=1&psc=1">View Product</a></div><div class="product"><a href="https://www.amazon.com/dp/B0CZ898D5Z?tag=eloabder-20&linkCode=osi&th=1&psc=1"><img src="https://m.media-amazon.com/images/I/41OsoqP7bkL._SL500_.jpg" alt="Product Image"></a><p>Tastee Air Fryer, 8-in-1 Compact 5.5QT AirFryers, 450°F Digital Airfryer Dehydrator with Dual-sensor Smart Probe, 24 Presets One-touch Cooking, In-app Recipes with Window, Dishwasher-safe & Non-stick</p><p> -20% 0FF </p><p>$119.99</p><a href="https://www.amazon.com/dp/B0CZ898D5Z?tag=eloabder-20&linkCode=osi&th=1&psc=1">View Product</a></div><div class="product"><a href="https://www.amazon.com/dp/B0863JB424?tag=eloabder-20&linkCode=osi&th=1&psc=1"><img src="https://m.media-amazon.com/images/I/41lR3pmJiqL._SL500_.jpg" alt="Product Image"></a><p>CHEF iQ Smart Pressure Cooker 10 Cooking Functions & 18 Features, Built-in Scale, 1000+ Presets & Times & Temps w/App for 600+ Foolproof Guided Recipes, Rice & Slow Electric MultiCooker, 6 Qt</p><p> -15% 0FF </p><p>$169.94</p><a href="https://www.amazon.com/dp/B0863JB424?tag=eloabder-20&linkCode=osi&th=1&psc=1">View Product</a></div>


<div class="product"><a href="https://www.amazon.com/dp/B0B4PPHG8G?tag=eloabder-20&linkCode=osi&th=1&psc=1"><img src="https://m.media-amazon.com/images/I/31TiuN4BCdL._SL500_.jpg" alt="Product Image"></a><p>Ninja MC1001 Foodi PossibleCooker PRO 8.5 Quart Multi-Cooker, with 8-in-1 Slow Cooker, Dutch Oven, Steamer, Glass Lid Integrated Spoon, Nonstick, Oven Safe Pot to 500°F, Sea Salt Gray</p><p> -33% 0FF </p><p>$99.99</p><a href="https://www.amazon.com/dp/B0B4PPHG8G?tag=eloabder-20&linkCode=osi&th=1&psc=1">View Product</a></div><div class="product"><a href="https://www.amazon.com/dp/B0CSZ7WBYW?tag=eloabder-20&linkCode=osi&th=1&psc=1"><img src="https://m.media-amazon.com/images/I/41s2+VsF0YL._SL500_.jpg" alt="Product Image"></a><p>Ninja Air Fryer Pro 4-in-1 with 5 QT Capacity, Air Fry, Roast, Reheat, Dehydrate, Air Crisp Technology with 400F for hot, crispy results in just minutes, Nonstick Basket & Crisper Plate, Grey, AF141</p><p> -33% 0FF </p><p>$79.99</p><a href="https://www.amazon.com/dp/B0CSZ7WBYW?tag=eloabder-20&linkCode=osi&th=1&psc=1">View Product</a></div><div class="product"><a href="https://www.amazon.com/dp/B0C2FP4XNJ?tag=eloabder-20&linkCode=osi&th=1&psc=1"><img src="https://m.media-amazon.com/images/I/41PezlA3GrL._SL500_.jpg" alt="Product Image"></a><p>Ninja BC151EM Blast Portable Blender, Cordless, 18oz. Vessel, Personal Blender-for Shakes & Smoothies, BPA Free, Leakproof-Lid & Sip Spout, USB-C Rechargeable, Dishwasher Safe Parts, Forest Green</p><p> -33% 0FF </p><p>$39.99</p><a href="https://www.amazon.com/dp/B0C2FP4XNJ?tag=eloabder-20&linkCode=osi&th=1&psc=1">View Product</a></div><div class="product"><a href="https://www.amazon.com/dp/B097F4QKVY?tag=eloabder-20&linkCode=osi&th=1&psc=1"><img src="https://m.media-amazon.com/images/I/41P6OTX4B7L._SL500_.jpg" alt="Product Image"></a><p>Crock-Pot 7-Quart Slow Cooker, Portable Programmable with Timer, Locking Lid, Stainless Steel; an Essential Kitchen Appliance, Perfect for Families and Gatherings</p><p> -5% 0FF </p><p>$85.89</p><a href="https://www.amazon.com/dp/B097F4QKVY?tag=eloabder-20&linkCode=osi&th=1&psc=1">View Product</a></div><div class="product"><a href="https://www.amazon.com/dp/B0CHX9K2TV?tag=eloabder-20&linkCode=osi&th=1&psc=1"><img src="https://m.media-amazon.com/images/I/31dshLScRcL._SL500_.jpg" alt="Product Image"></a><p>nutribullet Personal Blender for Shakes, Smoothies, Food Prep, and Frozen Blending, 24 Ounces, 600 Watt, Gray, (NBR-0601)</p><p> -7% 0FF </p><p>$64.99</p><a href="https://www.amazon.com/dp/B0CHX9K2TV?tag=eloabder-20&linkCode=osi&th=1&psc=1">View Product</a></div><div class="product"><a href="https://www.amazon.com/dp/B0C33CHG99?tag=eloabder-20&linkCode=osi&th=1&psc=1"><img src="https://m.media-amazon.com/images/I/411O3FS3VIL._SL500_.jpg" alt="Product Image"></a><p>COSORI Air Fryer 9-in-1, Compact & Large 6-Qt, Fast Turbo Modes, 90-450°F Evenly Results with Precise Temperature Control, 95% Less Oil, Roast, Bake, Dry, Reheat, Frozen, Broil, Proof, Grey</p><p> -25% 0FF </p><p>$89.99</p><a href="https://www.amazon.com/dp/B0C33CHG99?tag=eloabder-20&linkCode=osi&th=1&psc=1">View Product</a></div><div class="product"><a href="https://www.amazon.com/dp/B0CFYX3946?tag=eloabder-20&linkCode=osi&th=1&psc=1"><img src="https://m.media-amazon.com/images/I/4155yrEZMWL._SL500_.jpg" alt="Product Image"></a><p>KitchenAid 5-Speed Ultra Power Hand Mixer - KHM512, Contour Silver</p><p> -25% 0FF </p><p>$44.99</p><a href="https://www.amazon.com/dp/B0CFYX3946?tag=eloabder-20&linkCode=osi&th=1&psc=1">View Product</a></div><div class="product"><a href="https://www.amazon.com/dp/B0C5Z8VCHX?tag=eloabder-20&linkCode=osi&th=1&psc=1"><img src="https://m.media-amazon.com/images/I/51h2oWq8I7L._SL500_.jpg" alt="Product Image"></a><p>Chefman Electric Kettle, 1.8L 1500W, Hot Water Boiler, Removable Lid for Easy Cleaning, Auto Shut Off, Boil-Dry Protection, Stainless Steel Filter, BPA Free, Borosilicate Glass Electric Tea Kettle</p><p> -18% 0FF </p><p>$22.99</p><a href="https://www.amazon.com/dp/B0C5Z8VCHX?tag=eloabder-20&linkCode=osi&th=1&psc=1">View Product</a></div><div class="product"><a href="https://www.amazon.com/dp/B098RD17LG?tag=eloabder-20&linkCode=osi&th=1&psc=1"><img src="https://m.media-amazon.com/images/I/41KlEtq4iCL._SL500_.jpg" alt="Product Image"></a><p>Ninja Blender, For-Smoothies, Salsa, Shakes, Slush, and-Frozen Drinks, Blender, Pitcher, and-Lid, Blender for-Kitchen, Crushes Ice, Fruit, and-Veggies, 1000-Watt, Dishwasher Safe, Black, NJ601AMZ​</p><p> -20% 0FF </p><p>$79.99</p><a href="https://www.amazon.com/dp/B098RD17LG?tag=eloabder-20&linkCode=osi&th=1&psc=1">View Product</a></div>
<div class="product"><a href="https://www.amazon.com/dp/B00939I7EK?tag=eloabder-20&linkCode=osi&th=1&psc=1"><img src="https://m.media-amazon.com/images/I/51U2RFBCh2L._SL500_.jpg" alt="Product Image"></a><p>Ninja BL770 Mega Kitchen System, 1500W, 4 Functions for Smoothies, Processing, Dough, Drinks & More, with 72 Blender Pitcher, 64 Processor Bowl, (2) 16-oz. to-Go, Black, with 2 Nutri Cups + Lids</p><p> -20% 0FF </p><p>$159.99</p><a href="https://www.amazon.com/dp/B00939I7EK?tag=eloabder-20&linkCode=osi&th=1&psc=1">View Product</a></div><div class="product"><a href="https://www.amazon.com/dp/B00NGV4506?tag=eloabder-20&linkCode=osi&th=1&psc=1"><img src="https://m.media-amazon.com/images/I/41zuo8-35WL._SL500_.jpg" alt="Product Image"></a><p>Ninja BL610 Professional 72 Oz Countertop 1000-Watt Base and Total Crushing Technology for Smoothies, Ice and Frozen Fruit, Black, Blender + Pitcher</p><p> -40% 0FF </p><p>$59.99</p><a href="https://www.amazon.com/dp/B00NGV4506?tag=eloabder-20&linkCode=osi&th=1&psc=1">View Product</a></div><div class="product"><a href="https://www.amazon.com/dp/B0855B5Z6F?tag=eloabder-20&linkCode=osi&th=1&psc=1"><img src="https://m.media-amazon.com/images/I/419Om7ZCluL._SL500_.jpg" alt="Product Image"></a><p>Ninja BN701 Professional Plus Blender, 1400 Peak Watts, 3 Functions for Smoothies, Frozen Drinks & Ice Cream with Auto IQ, 72-oz.* Total Crushing Pitcher & Lid, Dark Grey</p><p> -46% 0FF </p><p>$64.61 ($64.61 / Count)</p><a href="https://www.amazon.com/dp/B0855B5Z6F?tag=eloabder-20&linkCode=osi&th=1&psc=1">View Product</a></div><div class="product"><a href="https://www.amazon.com/dp/B012T634SM?tag=eloabder-20&linkCode=osi&th=1&psc=1"><img src="https://m.media-amazon.com/images/I/41BKzSi-ifL._SL500_.jpg" alt="Product Image"></a><p>Magic Bullet Blender, Small, Silver, 11 Piece Set</p><p> -20% 0FF </p><p>$39.88</p><a href="https://www.amazon.com/dp/B012T634SM?tag=eloabder-20&linkCode=osi&th=1&psc=1">View Product</a></div><div class="product"><a href="https://www.amazon.com/dp/B0D3Y7T31M?tag=eloabder-20&linkCode=osi&th=1&psc=1"><img src="https://m.media-amazon.com/images/I/41ffeHw82SL._SL500_.jpg" alt="Product Image"></a><p>magic bullet Combo Blender, 48oz Pitcher, Blending Cup, Simple Speed Dial – MBF50200</p><p> -20% 0FF </p><p>$39.99</p><a href="https://www.amazon.com/dp/B0D3Y7T31M?tag=eloabder-20&linkCode=osi&th=1&psc=1">View Product</a></div><div class="product"><a href="https://www.amazon.com/dp/B0CDW6J1W8?tag=eloabder-20&linkCode=osi&th=1&psc=1"><img src="https://m.media-amazon.com/images/I/51F2suuOG5L._SL500_.jpg" alt="Product Image"></a><p>KOIOS Smoothie Blender, 900W Personal Blender for Shakes and Smoothies Kitchen with 2 No-BPA 22oz Portable Blender Cups, Single Serve Smoothies Maker Mixer for Juices, Nutritious Recipe (Grey Blue)</p><p> -20% 0FF </p><p>$39.99</p><a href="https://www.amazon.com/dp/B0CDW6J1W8?tag=eloabder-20&linkCode=osi&th=1&psc=1">View Product</a></div>
<div class="product"><a href="https://www.amazon.com/dp/B071WCB1T6?tag=eloabder-20&linkCode=osi&th=1&psc=1"><img src="https://m.media-amazon.com/images/I/31jdX6frIBL._SL500_.jpg" alt="Product Image"></a><p>TOSHIBA EM131A5C-BS Countertop Microwave Ovens 1.2 Cu Ft, 12.4" Removable Turntable Smart Humidity Sensor 12 Auto Menus Mute Function ECO Mode Easy Clean Interior Black Color 1100W</p><p> -7% 0FF </p><p>$129.99</p><a href="https://www.amazon.com/dp/B071WCB1T6?tag=eloabder-20&linkCode=osi&th=1&psc=1">View Product</a></div><div class="product"><a href="https://www.amazon.com/dp/B0D292ZK9W?tag=eloabder-20&linkCode=osi&th=1&psc=1"><img src="https://m.media-amazon.com/images/I/31TTpRBhabL._SL500_.jpg" alt="Product Image"></a><p>GE GCST10A1WSS 3-in-1 Microwave Oven, 1,050 Watts Air Fryer, Broiler & Convection Mode, Kitchen Essentials for The Countertop or Dorm Room, Child-Lock Technology 1.0 Cu. Ft, Stainless Steel</p><p> -13% 0FF </p><p>$189.99</p><a href="https://www.amazon.com/dp/B0D292ZK9W?tag=eloabder-20&linkCode=osi&th=1&psc=1">View Product</a></div><div class="product"><a href="https://www.amazon.com/dp/B0D294MHR5?tag=eloabder-20&linkCode=osi&th=1&psc=1"><img src="https://m.media-amazon.com/images/I/31jA3nuhQWL._SL500_.jpg" alt="Product Image"></a><p>GE GCST07N1WSS Microwave Oven, 700-watt 6 Auto Cooking Settings, Kitchen Essentials for The Countertop, Dorm Room or Apartment, Child-Lock Technology 0.7 Cu. Ft, Stainless Steel</p><p> -9% 0FF </p><p>$99.00</p><a href="https://www.amazon.com/dp/B0D294MHR5?tag=eloabder-20&linkCode=osi&th=1&psc=1">View Product</a></div><div class="product"><a href="https://www.amazon.com/dp/B000M9EFNM?tag=eloabder-20&linkCode=osi&th=1&psc=1"><img src="https://m.media-amazon.com/images/I/41iWuh-A2fL._SL500_.jpg" alt="Product Image"></a><p>Emerson MW7302B Compact Countertop Microwave Oven with Touch Control, LED Display, 700W, 10 Power Levels, 6 Auto Menus, Glass Turntable and Child Safe Lock, 0.7 Cu., Ft. Black</p><p> -28% 0FF </p><p>$72.03</p><a href="https://www.amazon.com/dp/B000M9EFNM?tag=eloabder-20&linkCode=osi&th=1&psc=1">View Product</a></div>
<div class="product"><a href="https://www.amazon.com/dp/B082PMYZ2X?tag=eloabder-20&linkCode=osi&th=1&psc=1"><img src="https://m.media-amazon.com/images/I/3172vOXiAeL._SL500_.jpg" alt="Product Image"></a><p>RCA RFR725 2 Door Apartment Size Refrigerator with Freezer, Stainless,7.5 cu ft</p><p> -15% 0FF </p><p>$298.00</p><a href="https://www.amazon.com/dp/B082PMYZ2X?tag=eloabder-20&linkCode=osi&th=1&psc=1">View Product</a></div><div class="product"><a href="https://www.amazon.com/dp/B09RWFZTWW?tag=eloabder-20&linkCode=osi&th=1&psc=1"><img src="https://m.media-amazon.com/images/I/51jiYOTMybL._SL500_.jpg" alt="Product Image"></a><p>Upstreman 3.2 Cu.Ft Mini Fridge with Freezer, Single Door Mini Fridge, Dorm Fridge, Adjustable Thermostat, Mini Refrigerator for Bedroom, Office, Dorm, Black-BR321</p><p> -22% 0FF </p><p>$139.99</p><a href="https://www.amazon.com/dp/B09RWFZTWW?tag=eloabder-20&linkCode=osi&th=1&psc=1">View Product</a></div><div class="product"><a href="https://www.amazon.com/dp/B07QCQX8WR?tag=eloabder-20&linkCode=osi&th=1&psc=1"><img src="https://m.media-amazon.com/images/I/319YWFzYC1L._SL500_.jpg" alt="Product Image"></a><p>SAMSUNG RF28R7201SR 28 Cu. Ft. Stainless 4-Door French Door Refrigerator</p><p> -9% 0FF </p><p>$1,499.22</p><a href="https://www.amazon.com/dp/B07QCQX8WR?tag=eloabder-20&linkCode=osi&th=1&psc=1">View Product</a></div><div class="product"><a href="https://www.amazon.com/dp/B00QEUGW5M?tag=eloabder-20&linkCode=osi&th=1&psc=1"><img src="https://m.media-amazon.com/images/I/21RdnrqGpZL._SL500_.jpg" alt="Product Image"></a><p>Avanti FF18D3S-4 FF18D cu.ft. Apartment Size Refrigerator​, Full Fridge Free Technology Prevents Frost Build-up with Adjustable Shelves, Door Bins & Crisper Drawers, 18 cu. ft, Stainless Steel</p><p> -35% 0FF </p><p>$549.99</p><a href="https://www.amazon.com/dp/B00QEUGW5M?tag=eloabder-20&linkCode=osi&th=1&psc=1">View Product</a></div><div class="product"><a href="https://www.amazon.com/dp/B0CVS8WRPX?tag=eloabder-20&linkCode=osi&th=1&psc=1"><img src="https://m.media-amazon.com/images/I/21EtSdN39DL._SL500_.jpg" alt="Product Image"></a><p>Kenmore 46-75525 29.88 Inch Counter-Depth French Door Refrigerator/Freezer with Fingerprint-Resistant Stainless Steel, Ice Maker, Quiet and Energy Efficient Inverter Compressor, 17.5 cu. ft.</p><p> -15% 0FF </p><p>$1,099.99</p><a href="https://www.amazon.com/dp/B0CVS8WRPX?tag=eloabder-20&linkCode=osi&th=1&psc=1">View Product</a></div>
<div class="product"><a href="https://www.amazon.com/dp/B0D1CXL52G?tag=eloabder-20&linkCode=osi&th=1&psc=1"><img src="https://m.media-amazon.com/images/I/41b3JzpXjNL._SL500_.jpg" alt="Product Image"></a><p>Ninja Flip Toaster Oven&Air Fryer, 8-in-1 Functionality, Flip Up&Away Capability for Storage Space, LargeCapacity, Air Fry Basket, SheetPan, Wire Rack&Removable Crumb Tray, Stainless,1800 watts, SP151</p><p> -35% 0FF </p><p>$129.99</p><a href="https://www.amazon.com/dp/B0D1CXL52G?tag=eloabder-20&linkCode=osi&th=1&psc=1">View Product</a></div><div class="product"><a href="https://www.amazon.com/dp/B07SCGY2H6?tag=eloabder-20&linkCode=osi&th=1&psc=1"><img src="https://m.media-amazon.com/images/I/51lqoRxpKAL._SL500_.jpg" alt="Product Image"></a><p>Ninja SP101 Digital Air Fry Countertop Oven with 8-in-1 Functionality, Flip Up & Away Capability for Storage Space, with Air Fry Basket, Wire Rack & Crumb Tray, Silver</p><p> -41% 0FF </p><p>$129.99</p><a href="https://www.amazon.com/dp/B07SCGY2H6?tag=eloabder-20&linkCode=osi&th=1&psc=1">View Product</a></div><div class="product"><a href="https://www.amazon.com/dp/B0BMDFVL5D?tag=eloabder-20&linkCode=osi&th=1&psc=1"><img src="https://m.media-amazon.com/images/I/41MIOfXMwnL._SL500_.jpg" alt="Product Image"></a><p>Elite Gourmet ETO2530M Double French Door Countertop Toaster Oven, Bake, Broil, Toast, Keep Warm, Fits 12" pizza, 25L capacity, Stainless Steel & Black</p><p> -13% 0FF </p><p>$78.27</p><a href="https://www.amazon.com/dp/B0BMDFVL5D?tag=eloabder-20&linkCode=osi&th=1&psc=1">View Product</a></div><div class="product"><a href="https://www.amazon.com/dp/B08DL8WH9V?tag=eloabder-20&linkCode=osi&th=1&psc=1"><img src="https://m.media-amazon.com/images/I/51Zh5HMM-bL._SL500_.jpg" alt="Product Image"></a><p>CHEFMAN Multifunctional Digital Air Fryer+ Rotisserie, Dehydrator, Convection Oven, 17 Touch Screen Presets Fry, Roast, Dehydrate, Bake, XL 10L Family Size, Auto Shutoff, Large Easy-View Window, Black</p><p> -29% 0FF </p><p>$99.99</p><a href="https://www.amazon.com/dp/B08DL8WH9V?tag=eloabder-20&linkCode=osi&th=1&psc=1">View Product</a></div>
<div class="product"><a href="https://www.amazon.com/dp/B072P11H8L?tag=eloabder-20&linkCode=osi&th=1&psc=1"><img src="https://m.media-amazon.com/images/I/41FgU05M+eL._SL500_.jpg" alt="Product Image"></a><p>Amazon Basics 2 Slice Extra Wide Slot Toaster with Bagel Function, Removable Crumb Tray, 6 Browning Settings, Frozen Food Setting, Cancel Button, 900W, Black & Silver.</p><p> -13% 0FF </p><p>$19.99</p><a href="https://www.amazon.com/dp/B072P11H8L?tag=eloabder-20&linkCode=osi&th=1&psc=1">View Product</a></div><div class="product"><a href="https://www.amazon.com/dp/B091SQRKVG?tag=eloabder-20&linkCode=osi&th=1&psc=1"><img src="https://m.media-amazon.com/images/I/41VUCnZHzhL._SL500_.jpg" alt="Product Image"></a><p>Mueller UltraToast Full Stainless Steel Toaster 4 Slice, Long Extra-Wide Slots with Removable Tray, Cancel/Defrost/Reheat Functions, 6 Browning Levels with LED Display, Kitchen Essentials & Gadgets</p><p> -33% 0FF </p><p>$39.99</p><a href="https://www.amazon.com/dp/B091SQRKVG?tag=eloabder-20&linkCode=osi&th=1&psc=1">View Product</a></div><div class="product"><a href="https://www.amazon.com/dp/B08NWGNQPS?tag=eloabder-20&linkCode=osi&th=1&psc=1"><img src="https://m.media-amazon.com/images/I/41Rl2b7N4yL._SL500_.jpg" alt="Product Image"></a><p>GE 2 Slice Stainless Steel Toaster, Extra Wide Slots for Toasting Bagels, Breads, Waffles & More, 7 Adjustable Shade Settings, Removable Crumb Tray, Countertop Kitchen Essentials, 850 Watts</p><p> -14% 0FF </p><p>$41.99</p><a href="https://www.amazon.com/dp/B08NWGNQPS?tag=eloabder-20&linkCode=osi&th=1&psc=1">View Product</a></div>
<div class="product"><a href="https://www.amazon.com/dp/B09715G57M?tag=eloabder-20&linkCode=osi&th=1&psc=1"><img src="https://m.media-amazon.com/images/I/31bbfFmQvAL._SL500_.jpg" alt="Product Image"></a><p>Keurig K-Express Single Serve K-Cup Pod Coffee Maker, 3 Brew Sizes, Strong Button Feature, 42oz Removable Reservoir, Black</p><p> -33% 0FF </p><p>$59.99</p><a href="https://www.amazon.com/dp/B09715G57M?tag=eloabder-20&linkCode=osi&th=1&psc=1">View Product</a></div><div class="product"><a href="https://www.amazon.com/dp/B07S98411N?tag=eloabder-20&linkCode=osi&th=1&psc=1"><img src="https://m.media-amazon.com/images/I/41SOX63H-GL._SL500_.jpg" alt="Product Image"></a><p>Ninja 12-Cup Programmable Coffee Brewer, 2 Brew Styles, Adjustable Warm Plate, 60oz Water Reservoir, Delay Brew - Black/Stainless Steel</p><p> -13% 0FF </p><p>$69.99 ($69.99 / count)</p><a href="https://www.amazon.com/dp/B07S98411N?tag=eloabder-20&linkCode=osi&th=1&psc=1">View Product</a></div><div class="product"><a href="https://www.amazon.com/dp/B0D8LXRHQ8?tag=eloabder-20&linkCode=osi&th=1&psc=1"><img src="https://m.media-amazon.com/images/I/41rogzNp62L._SL500_.jpg" alt="Product Image"></a><p>Keurig K-Duo Hot & Iced Single Serve & Carafe Coffee Maker, MultiStream Technology, 72oz Reservoir (Gen 2)</p><p> -25% 0FF </p><p>$149.99</p><a href="https://www.amazon.com/dp/B0D8LXRHQ8?tag=eloabder-20&linkCode=osi&th=1&psc=1">View Product</a></div><div class="product"><a href="https://www.amazon.com/dp/B0BM3C13B6?tag=eloabder-20&linkCode=osi&th=1&psc=1"><img src="https://m.media-amazon.com/images/I/41Vyq25e3QL._SL500_.jpg" alt="Product Image"></a><p>Mueller 12-Cup Drip Coffee Maker - Borosilicate Carafe, Auto-Off, Reusable Filter, Anti-Drip, Keep-Warm Function, Clear Water Level Window Coffee Machine, Ideal for Home or Office</p><p> -48% 0FF </p><p>$25.87 ($2.16 / Count)</p><a href="https://www.amazon.com/dp/B0BM3C13B6?tag=eloabder-20&linkCode=osi&th=1&psc=1">View Product</a></div><div class="product"><a href="https://www.amazon.com/dp/B07GV2S1GS?tag=eloabder-20&linkCode=osi&th=1&psc=1"><img src="https://m.media-amazon.com/images/I/310Vh-Nnu7L._SL500_.jpg" alt="Product Image"></a><p>Keurig K-Mini Single Serve K-Cup Pod Coffee Maker, 6 to 12oz Brew size, with Cord Storage, Perfect for Small Spaces, Black</p><p> -40% 0FF </p><p>$59.99</p><a href="https://www.amazon.com/dp/B07GV2S1GS?tag=eloabder-20&linkCode=osi&th=1&psc=1">View Product</a></div><div class="product"><a href="https://www.amazon.com/dp/B018UQ5AMS?tag=eloabder-20&linkCode=osi&th=1&psc=1"><img src="https://m.media-amazon.com/images/I/41ZbZptck9L._SL500_.jpg" alt="Product Image"></a><p>Keurig K-Classic Single Serve K-Cup Pod Coffee Maker, with 3 Brew Sizes, 48oz Removable Reservoir, Black</p><p> -7% 0FF </p><p>$139.99</p><a href="https://www.amazon.com/dp/B018UQ5AMS?tag=eloabder-20&linkCode=osi&th=1&psc=1">View Product</a></div>
<div class="product"><a href="https://www.amazon.com/dp/B09ST4M8VF?tag=eloabder-20&linkCode=osi&th=1&psc=1"><img src="https://m.media-amazon.com/images/I/31QlZXvnG0L._SL500_.jpg" alt="Product Image"></a><p>COMFEE’ Countertop Dishwasher, Energy Star Portable Dishwasher, 6 Place Settings & 8 Washing Programs, Speed, Baby-Care, ECO& Glass, Dish Washer for Dorm, RV& Apartment, Black</p><p> -13% 0FF </p><p>$259.99</p><a href="https://www.amazon.com/dp/B09ST4M8VF?tag=eloabder-20&linkCode=osi&th=1&psc=1">View Product</a></div><div class="product"><a href="https://www.amazon.com/dp/B089YD3Z91?tag=eloabder-20&linkCode=osi&th=1&psc=1"><img src="https://m.media-amazon.com/images/I/4149SRZHueL._SL500_.jpg" alt="Product Image"></a><p>NOVETE Portable Countertop Dishwashers, Compact Dishwashers with 5 L Built-in Water Tank & Inlet Hose, 5 Washing Programs, Baby Care, Air-Dry Function and LED Light for Small Apartments</p><p> -31% 0FF </p><p>$291.70</p><a href="https://www.amazon.com/dp/B089YD3Z91?tag=eloabder-20&linkCode=osi&th=1&psc=1">View Product</a></div><div class="product"><a href="https://www.amazon.com/dp/B0CVX5GBY5?tag=eloabder-20&linkCode=osi&th=1&psc=1"><img src="https://m.media-amazon.com/images/I/41Dnq4IKwbL._SL500_.jpg" alt="Product Image"></a><p>EUHOMY Mini Portable Dishwasher Countertop Compact Dishwashers, Tabletop Small Dishwasher with 5L Built-in Water Tank with 6 Modes and Baby Care for Apartments& RVs, No Hookup Needed</p><p> -19% 0FF </p><p>$217.99</p><a href="https://www.amazon.com/dp/B0CVX5GBY5?tag=eloabder-20&linkCode=osi&th=1&psc=1">View Product</a></div><div class="product"><a href="https://www.amazon.com/dp/B0C84MCVWM?tag=eloabder-20&linkCode=osi&th=1&psc=1"><img src="https://m.media-amazon.com/images/I/21-RrSOli4L._SL500_.jpg" alt="Product Image"></a><p>Midea MDF18A1AST Built-in Dishwasher with 8 Place Settings, 6 Washing Programs, Stainless Steel Tub, Heated Dry, Energy Star</p><p> -10% 0FF </p><p>$449.00</p><a href="https://www.amazon.com/dp/B0C84MCVWM?tag=eloabder-20&linkCode=osi&th=1&psc=1">View Product</a></div><div class="product"><a href="https://www.amazon.com/dp/B0BSHF9LXB?tag=eloabder-20&linkCode=osi&th=1&psc=1"><img src="https://m.media-amazon.com/images/I/11eYYssjgEL._SL500_.jpg" alt="Product Image"></a><p>Honeywell 18 Inch Dishwasher with 8 Place settings, 6 Washing Programs, Stainless Steel Tub, UL/Energy Star- Stainless Steel</p><p> -11% 0FF </p><p>$399.99</p><a href="https://www.amazon.com/dp/B0BSHF9LXB?tag=eloabder-20&linkCode=osi&th=1&psc=1">View Product</a></div><div class="product"><a href="https://www.amazon.com/dp/B08SBR12S7?tag=eloabder-20&linkCode=osi&th=1&psc=1"><img src="https://m.media-amazon.com/images/I/41LD2A+P9ZL._SL500_.jpg" alt="Product Image"></a><p>Hermitlux Countertop Dishwasher, 5 Washing Programs Portable Dishwasher With 5-Liter Built-in Water Tank For Glass Door</p><p> -21% 0FF </p><p>$275.99</p><a href="https://www.amazon.com/dp/B08SBR12S7?tag=eloabder-20&linkCode=osi&th=1&psc=1">View Product</a></div><div class="product"><a href="https://www.amazon.com/dp/B09QCJ6TDZ?tag=eloabder-20&linkCode=osi&th=1&psc=1"><img src="https://m.media-amazon.com/images/I/41vntFM8FeL._SL500_.jpg" alt="Product Image"></a><p>COMFEE' Portable Mini Dishwasher Countertop with 5L Built-in Water Tank for Apartments& RVs, No Hookup Needed, 6 Programs, 360° Dual Spray, 162℉ High-Temp& Air-Dry Function</p><p> -10% 0FF </p><p>$269.99</p><a href="https://www.amazon.com/dp/B09QCJ6TDZ?tag=eloabder-20&linkCode=osi&th=1&psc=1">View Product</a></div><div class="product"><a href="https://www.amazon.com/dp/B0CFPJ57KP?tag=eloabder-20&linkCode=osi&th=1&psc=1"><img src="https://m.media-amazon.com/images/I/31Wtz+lzyfL._SL500_.jpg" alt="Product Image"></a><p>Kenmore 24" Built-In Stainless Steel Tub Dishwasher with EasyFlex 3rd Rack, SmartWash, UltraWash Plus, TurboDry, MoreSpace Adjustable Rack, Energy Star Certified, Fingerprint Resistant Stainless Steel</p><p> -38% 0FF </p><p>$499.99</p><a href="https://www.amazon.com/dp/B0CFPJ57KP?tag=eloabder-20&linkCode=osi&th=1&psc=1">View Product</a></div><div class="product"><a href="https://www.amazon.com/dp/B0BZGXYQ4S?tag=eloabder-20&linkCode=osi&th=1&psc=1"><img src="https://m.media-amazon.com/images/I/31HoqlDBJHL._SL500_.jpg" alt="Product Image"></a><p>FOTILE Stainless Steel Kitchen In-Sink Dishwasher Combination, Heavy Gauge Bowl Dish Sanitizing, Energy-saving, and Powerful Cleaning Countertop Dishwasher (SD2F-P3)</p><p> -27% 0FF </p><p>$799.00</p><a href="https://www.amazon.com/dp/B0BZGXYQ4S?tag=eloabder-20&linkCode=osi&th=1&psc=1">View Product</a></div>
<div class="product"><a href="https://www.amazon.com/dp/B075KLJXKZ?tag=eloabder-20&linkCode=osi&th=1&psc=1"><img src="https://m.media-amazon.com/images/I/31-WjP7B6vL._SL500_.jpg" alt="Product Image"></a><p>Kenmore Top-Load Washer with Dual Action Agitator, Stainless Steel Top Loader Laundry Washing Machine, 3.5 cu. ft. Capacity White</p><p> -31% 0FF </p><p>$499.99</p><a href="https://www.amazon.com/dp/B075KLJXKZ?tag=eloabder-20&linkCode=osi&th=1&psc=1">View Product</a></div><div class="product"><a href="https://www.amazon.com/dp/B07DC5YQW8?tag=eloabder-20&linkCode=osi&th=1&psc=1"><img src="https://m.media-amazon.com/images/I/31DuF7NeLHL._SL500_.jpg" alt="Product Image"></a><p>Kenmore 20362 Triple Action Agitator Top-Load Washer, 3.8 cu. ft, White</p><p> -10% 0FF </p><p>$629.98</p><a href="https://www.amazon.com/dp/B07DC5YQW8?tag=eloabder-20&linkCode=osi&th=1&psc=1">View Product</a></div><div class="product"><a href="https://www.amazon.com/dp/B0D8SZ4CTC?tag=eloabder-20&linkCode=osi&th=1&psc=1"><img src="https://m.media-amazon.com/images/I/31DIwBVEFHL._SL500_.jpg" alt="Product Image"></a><p>Euhomy 1.03cu.ft Portable Washer, 8.8LBS Capacity Small Portable Washing Machine with 10 Programs 5 Water Levels, Drain Pump and LED Display,Compact Washer for Apartments, RVs, Homes, Light Gray</p><p> -18% 0FF </p><p>$195.99</p><a href="https://www.amazon.com/dp/B0D8SZ4CTC?tag=eloabder-20&linkCode=osi&th=1&psc=1">View Product</a></div><div class="product"><a href="https://www.amazon.com/dp/B0CNXQK4TF?tag=eloabder-20&linkCode=osi&th=1&psc=1"><img src="https://m.media-amazon.com/images/I/41P5otQCAGL._SL500_.jpg" alt="Product Image"></a><p>COSTWAY Portable Washing Machine, Twin Tub 26lbs Capacity Laundry Washer, 18lbs Washer and 8lbs Spinner Combo with Timer Knobs, Built-in Drain Pump, Compact Washer for Home Dorm Apartment (Grey+White)</p><p> -16% 0FF </p><p>$159.99</p><a href="https://www.amazon.com/dp/B0CNXQK4TF?tag=eloabder-20&linkCode=osi&th=1&psc=1">View Product</a></div><div class="product"><a href="https://www.amazon.com/dp/B08B4L4CGG?tag=eloabder-20&linkCode=osi&th=1&psc=1"><img src="https://m.media-amazon.com/images/I/31X47q9sDGL._SL500_.jpg" alt="Product Image"></a><p>Comfee Portable Washing Machine, 0.9 cu.ft Compact Washer With LED Display, 5 Wash Cycles, 2 Built-in Rollers, Space Saving Full-Automatic Washer</p><p> -7% 0FF </p><p>$230.58</p><a href="https://www.amazon.com/dp/B08B4L4CGG?tag=eloabder-20&linkCode=osi&th=1&psc=1">View Product</a></div><div class="product"><a href="https://www.amazon.com/dp/B07HKXVQYC?tag=eloabder-20&linkCode=osi&th=1&psc=1"><img src="https://m.media-amazon.com/images/I/41-Ze3RD3lL._SL500_.jpg" alt="Product Image"></a><p>Giantex Portable Washing Machine, Full Automatic Washer and Dryer Combo, with Built-in Pump Drain 8 LBS Capacity Compact Laundry Washer Spin Dryer for Apartment RV Dorm</p><p> -29% 0FF </p><p>$229.99</p><a href="https://www.amazon.com/dp/B07HKXVQYC?tag=eloabder-20&linkCode=osi&th=1&psc=1">View Product</a></div><div class="product"><a href="https://www.amazon.com/dp/B0CXXPQ2NT?tag=eloabder-20&linkCode=osi&th=1&psc=1"><img src="https://m.media-amazon.com/images/I/414dhY400cL._SL500_.jpg" alt="Product Image"></a><p>28Lbs Portable Washing Machine, Twin Tub Washing Machine Laundry Compact Washer spinner Combo with Drain Pump and Spin Cycle, 18Lbs Washer and 10Lbs Spinner dryer for Apartments RVs and Dorms</p><p> -9% 0FF </p><p>$73.00</p><a href="https://www.amazon.com/dp/B0CXXPQ2NT?tag=eloabder-20&linkCode=osi&th=1&psc=1">View Product</a></div>
<div class="product"><a href="https://www.amazon.com/dp/B07D87K6BQ?tag=eloabder-20&linkCode=osi&th=1&psc=1"><img src="https://m.media-amazon.com/images/I/31KxNVdMpwL._SL500_.jpg" alt="Product Image"></a><p>Kenmore 29" Front Load Electric Dryer with Wrinkle Guard and 7.0 Cubic Ft. Total Capacity, White</p><p> -10% 0FF </p><p>$629.98</p><a href="https://www.amazon.com/dp/B07D87K6BQ?tag=eloabder-20&linkCode=osi&th=1&psc=1">View Product</a></div><div class="product"><a href="https://www.amazon.com/dp/B075KLNLJ8?tag=eloabder-20&linkCode=osi&th=1&psc=1"><img src="https://m.media-amazon.com/images/I/31jFwM6jvRL._SL500_.jpg" alt="Product Image"></a><p>Kenmore Electric Dryer with Wrinkle Guard and Auto Dry, Electric Laundry Drying Machine 6.5 cu. Ft. Capacity White</p><p> -6% 0FF </p><p>$565.42</p><a href="https://www.amazon.com/dp/B075KLNLJ8?tag=eloabder-20&linkCode=osi&th=1&psc=1">View Product</a></div><div class="product"><a href="https://www.amazon.com/dp/B00EAY540S?tag=eloabder-20&linkCode=osi&th=1&psc=1"><img src="https://m.media-amazon.com/images/I/41S7hlrXcNL._SL500_.jpg" alt="Product Image"></a><p>Panda 110V 850W Electric Compact Portable Clothes Laundry Dryer with Stainless Steel Tub Apartment Size 1.5 cu.ft</p><p> -21% 0FF </p><p>$197.35</p><a href="https://www.amazon.com/dp/B00EAY540S?tag=eloabder-20&linkCode=osi&th=1&psc=1">View Product</a></div>
<div class="product"><a href="https://www.amazon.com/dp/B08QDL1XTC?tag=eloabder-20&linkCode=osi&th=1&psc=1"><img src="https://m.media-amazon.com/images/I/51ROwLDwkYL._SL500_.jpg" alt="Product Image"></a><p>Breeze Stop Surround Insulation Side Panels White for Window AC Unit Indoor Air Conditioner Cover for Winter and Summer</p><p> -6% 0FF </p><p>$32.99</p><a href="https://www.amazon.com/dp/B08QDL1XTC?tag=eloabder-20&linkCode=osi&th=1&psc=1">View Product</a></div><div class="product"><a href="https://www.amazon.com/dp/B07QKSV72H?tag=eloabder-20&linkCode=osi&th=1&psc=1"><img src="https://m.media-amazon.com/images/I/519a0zWyYIL._SL500_.jpg" alt="Product Image"></a><p>MODERN WAVE Central Air Conditioner Cover for Outside Units 36 x 36 - Top Universal Outdoor AC Cover Defender (Mesh, 36" x 36")</p><p> -20% 0FF </p><p>$23.99</p><a href="https://www.amazon.com/dp/B07QKSV72H?tag=eloabder-20&linkCode=osi&th=1&psc=1">View Product</a></div><div class="product"><a href="https://www.amazon.com/dp/B09DNRZNGB?tag=eloabder-20&linkCode=osi&th=1&psc=1"><img src="https://m.media-amazon.com/images/I/3126w0nnulL._SL500_.jpg" alt="Product Image"></a><p>Mrrihand Central Air Conditioner Cover for Outside Units Waterproof Heavy Duty AC Unit for Outdoor Large AC Cover for Winter (32"X32"X36")-Balck</p><p> -5% 0FF </p><p>$24.69</p><a href="https://www.amazon.com/dp/B09DNRZNGB?tag=eloabder-20&linkCode=osi&th=1&psc=1">View Product</a></div><div class="product"><a href="https://www.amazon.com/dp/B07VBMHCSS?tag=eloabder-20&linkCode=osi&th=1&psc=1"><img src="https://m.media-amazon.com/images/I/419VzItl1yL._SL500_.jpg" alt="Product Image"></a><p>Window Air Conditioner Cover Outdoor, Luxiv Outside Window AC Unit Cover Black Dust-proof Waterproof AC Cover Outdoor Window AC Protection Cover (21Wx16Dx15H)</p><p> -25% 0FF </p><p>$14.99</p><a href="https://www.amazon.com/dp/B07VBMHCSS?tag=eloabder-20&linkCode=osi&th=1&psc=1">View Product</a></div><div class="product"><a href="https://www.amazon.com/dp/B078SPPXZ7?tag=eloabder-20&linkCode=osi&th=1&psc=1"><img src="https://m.media-amazon.com/images/I/41LD7qFfJbL._SL500_.jpg" alt="Product Image"></a><p>Foozet Indoor Air Conditioner Cover Double Insulation, Medium Beige</p><p> -23% 0FF </p><p>$19.98</p><a href="https://www.amazon.com/dp/B078SPPXZ7?tag=eloabder-20&linkCode=osi&th=1&psc=1">View Product</a></div><div class="product"><a href="https://www.amazon.com/dp/B097PS8MM9?tag=eloabder-20&linkCode=osi&th=1&psc=1"><img src="https://m.media-amazon.com/images/I/31YIYuB91VL._SL500_.jpg" alt="Product Image"></a><p>BROSYDA Central Large Air Conditioner Cover for Outside Units, Waterproof & Windproof Outdoor AC Units Cover Black (30"x30"x32" Inch)</p><p> -12% 0FF </p><p>$24.99</p><a href="https://www.amazon.com/dp/B097PS8MM9?tag=eloabder-20&linkCode=osi&th=1&psc=1">View Product</a></div><div class="product"><a href="https://www.amazon.com/dp/B07Z7G7739?tag=eloabder-20&linkCode=osi&th=1&psc=1"><img src="https://m.media-amazon.com/images/I/51yS0zSIqYL._SL500_.jpg" alt="Product Image"></a><p>Aozzy Central Air Conditioner Covers for Outside Units Heavy Duty Ac Cover for Outdoor Unit Square Winter Withstand The Rain and Snow, Or Nuts Fit Up to 24x24x22 inchs</p><p> -30% 0FF </p><p>$11.89</p><a href="https://www.amazon.com/dp/B07Z7G7739?tag=eloabder-20&linkCode=osi&th=1&psc=1">View Product</a></div>
<div class="product"><a href="https://www.amazon.com/dp/B075GFLQ7K?tag=eloabder-20&linkCode=osi&th=1&psc=1"><img src="https://m.media-amazon.com/images/I/31wtVOr0SvL._SL500_.jpg" alt="Product Image"></a><p>Kenmore Floorcare Upright Bagged Vacuum, Blue/Silver</p><p> -11% 0FF </p><p>$222.56</p><a href="https://www.amazon.com/dp/B075GFLQ7K?tag=eloabder-20&linkCode=osi&th=1&psc=1">View Product</a></div><div class="product"><a href="https://www.amazon.com/dp/B086DBC2NN?tag=eloabder-20&linkCode=osi&th=1&psc=1"><img src="https://m.media-amazon.com/images/I/41gSCJkmrUL._SL500_.jpg" alt="Product Image"></a><p>Yocada Carpet Sweeper Cleaner for Home Office Low Carpets Rugs Undercoat Carpets Pet Hair Dust Scraps Paper Small Rubbish Cleaning with a Brush</p><p> -13% 0FF </p><p>$25.99</p><a href="https://www.amazon.com/dp/B086DBC2NN?tag=eloabder-20&linkCode=osi&th=1&psc=1">View Product</a></div><div class="product"><a href="https://www.amazon.com/dp/B00K316IB6?tag=eloabder-20&linkCode=osi&th=1&psc=1"><img src="https://m.media-amazon.com/images/I/31Xu+nrbO1L._SL500_.jpg" alt="Product Image"></a><p>Bissell 28806 Perfect Sweep Turbo, Grey</p><p> -14% 0FF </p><p>$38.78</p><a href="https://www.amazon.com/dp/B00K316IB6?tag=eloabder-20&linkCode=osi&th=1&psc=1">View Product</a></div><div class="product"><a href="https://www.amazon.com/dp/B085C7CF4J?tag=eloabder-20&linkCode=osi&th=1&psc=1"><img src="https://m.media-amazon.com/images/I/41LmSVowGJL._SL500_.jpg" alt="Product Image"></a><p>Yocada Carpet Sweeper Cleaner for Home Office Low Carpets Rugs Undercoat Carpets Pet Hair Dust Scraps Paper Small Rubbish Cleaning with a Brush Blue</p><p> -13% 0FF </p><p>$25.99</p><a href="https://www.amazon.com/dp/B085C7CF4J?tag=eloabder-20&linkCode=osi&th=1&psc=1">View Product</a></div><div class="product"><a href="https://www.amazon.com/dp/B08SBQBF2R?tag=eloabder-20&linkCode=osi&th=1&psc=1"><img src="https://m.media-amazon.com/images/I/41-haqU+4SL._SL500_.jpg" alt="Product Image"></a><p>Holikme Dryer Vent Cleaner Kit Vacuum Hose Attachment Brush, Lint Remover, Dryer Vent Vacuum Hose, Blue</p><p> -43% 0FF </p><p>$8.49</p><a href="https://www.amazon.com/dp/B08SBQBF2R?tag=eloabder-20&linkCode=osi&th=1&psc=1">View Product</a></div><div class="product"><a href="https://www.amazon.com/dp/B0CQY6MPNG?tag=eloabder-20&linkCode=osi&th=1&psc=1"><img src="https://m.media-amazon.com/images/I/515TS53ns1L._SL500_.jpg" alt="Product Image"></a><p>PetOde 2 Pieces Dryer Vent Cleaner Kit Compatible with All Vacuum Cleaner, Dryer Lint Brush and Vacuum Hose Attachment with Stretch Universal Connector, Quickly Lint Remover</p><p> -25% 0FF </p><p>$8.95</p><a href="https://www.amazon.com/dp/B0CQY6MPNG?tag=eloabder-20&linkCode=osi&th=1&psc=1">View Product</a></div>
<div class="product"><a href="https://www.amazon.com/dp/B00061J2B6?tag=eloabder-20&linkCode=osi&th=1&psc=1"><img src="https://m.media-amazon.com/images/I/41YkPB6bX2L._SL500_.jpg" alt="Product Image"></a><p>Steamfast SF-680 Digital Steam Press with Multiple Fabric Settings and Steam Burst Function,Stainless/Black, Stand</p><p> -13% 0FF </p><p>$279.99</p><a href="https://www.amazon.com/dp/B00061J2B6?tag=eloabder-20&linkCode=osi&th=1&psc=1">View Product</a></div><div class="product"><a href="https://www.amazon.com/dp/B09V7232SK?tag=eloabder-20&linkCode=osi&th=1&psc=1"><img src="https://m.media-amazon.com/images/I/51bSRR0Y3FL._SL500_.jpg" alt="Product Image"></a><p>Mueller Heart Waffle Maker, 5 Belgian Waffle Iron, Adjustable Browning Control, Cool Touch Handle, Compact and Easy to Clean, Great Mother’s Day Gift</p><p> -25% 0FF </p><p>$29.97</p><a href="https://www.amazon.com/dp/B09V7232SK?tag=eloabder-20&linkCode=osi&th=1&psc=1">View Product</a></div><div class="product"><a href="https://www.amazon.com/dp/B072ZNQC2R?tag=eloabder-20&linkCode=osi&th=1&psc=1"><img src="https://m.media-amazon.com/images/I/41rlbw08uYL._SL500_.jpg" alt="Product Image"></a><p>Chefman Rotating Belgian Waffle Maker, 180° Flip Iron w/ Non-Stick Plates, Adjustable Timer, Locking Lid, & Drip Plate, Space Saving Storage, Mess-Free Breakfast, Stainless Steel/Black</p><p> -13% 0FF </p><p>$34.99</p><a href="https://www.amazon.com/dp/B072ZNQC2R?tag=eloabder-20&linkCode=osi&th=1&psc=1">View Product</a></div><div class="product"><a href="https://www.amazon.com/dp/B013WOEC1I?tag=eloabder-20&linkCode=osi&th=1&psc=1"><img src="https://m.media-amazon.com/images/I/41aAsJHqAAL._SL500_.jpg" alt="Product Image"></a><p>Whitmor Deluxe Ironing Board Cover and Pad (Ironing board not included) - Medallion Grey</p><p> -13% 0FF </p><p>$13.49</p><a href="https://www.amazon.com/dp/B013WOEC1I?tag=eloabder-20&linkCode=osi&th=1&psc=1">View Product</a></div><div class="product"><a href="https://www.amazon.com/dp/B07L4Z2X81?tag=eloabder-20&linkCode=osi&th=1&psc=1"><img src="https://m.media-amazon.com/images/I/41PzLyy0OtL._SL500_.jpg" alt="Product Image"></a><p>Chefman Anti-Overflow Belgian Waffle Maker w/Shade Selector, Temperature Control, Mess Free Moat, Round Iron w/Nonstick Plates & Cool Touch Handle, Measuring Cup Included, Black</p><p> -13% 0FF </p><p>$26.09</p><a href="https://www.amazon.com/dp/B07L4Z2X81?tag=eloabder-20&linkCode=osi&th=1&psc=1">View Product</a></div><div class="product"><a href="https://www.amazon.com/dp/B09RX517YJ?tag=eloabder-20&linkCode=osi&th=1&psc=1"><img src="https://m.media-amazon.com/images/I/41qTvdLB3RL._SL500_.jpg" alt="Product Image"></a><p>Elite Gourmet EWM-2207# Electric Non-Stick Belgian Waffle Maker Iron, Breakfast, Sandwiches, Snacks, Burgers and more, 2-Slice, Black</p><p> -13% 0FF </p><p>$13.99</p><a href="https://www.amazon.com/dp/B09RX517YJ?tag=eloabder-20&linkCode=osi&th=1&psc=1">View Product</a></div>
<div class="product"><a href="https://www.amazon.com/dp/B00DEPGY7G?tag=eloabder-20&linkCode=osi&th=1&psc=1"><img src="https://m.media-amazon.com/images/I/41NuCd1uYNL._SL500_.jpg" alt="Product Image"></a><p>OVENTE Glass Electric Kettle Hot Water Boiler 1.5 Liter Borosilicate Glass Fast Boiling Countertop Heater - BPA Free Auto Shut Off Instant Water Heater Kettle for Coffee & Tea Maker - Black KG83B</p><p> -29% 0FF </p><p>$19.99</p><a href="https://www.amazon.com/dp/B00DEPGY7G?tag=eloabder-20&linkCode=osi&th=1&psc=1">View Product</a></div><div class="product"><a href="https://www.amazon.com/dp/B07JZQ1MXT?tag=eloabder-20&linkCode=osi&th=1&psc=1"><img src="https://m.media-amazon.com/images/I/311dZHPh5AL._SL500_.jpg" alt="Product Image"></a><p>Amazon Basics Electric Kettle, Tea Kettle for Hot Water, Coffee & Tea, With Auto Shut-Off, Boil Dry Protection, Strix Thermostat, BPA-Free, 1.8 Quarts (1.7L), 1500W, Glass and Steel, Black & Silver</p><p> -7% 0FF </p><p>$26.99</p><a href="https://www.amazon.com/dp/B07JZQ1MXT?tag=eloabder-20&linkCode=osi&th=1&psc=1">View Product</a></div><div class="product"><a href="https://www.amazon.com/dp/B01LWMWU59?tag=eloabder-20&linkCode=osi&th=1&psc=1"><img src="https://m.media-amazon.com/images/I/41E4k2z3DWL._SL500_.jpg" alt="Product Image"></a><p>Zojirushi Micom Water Boiler and Warmer (135 oz. / 4L, Silver)</p><p> -30% 0FF </p><p>$146.00</p><a href="https://www.amazon.com/dp/B01LWMWU59?tag=eloabder-20&linkCode=osi&th=1&psc=1">View Product</a></div><div class="product"><a href="https://www.amazon.com/dp/B07L5HT585?tag=eloabder-20&linkCode=osi&th=1&psc=1"><img src="https://m.media-amazon.com/images/I/41BL-WlAZkL._SL500_.jpg" alt="Product Image"></a><p>Hamilton Beach 1.7L Electric Kettle, Water Boiler & Heater, LED Indicator, Built-In Mesh Filter, Auto-Shutoff & Boil-Dry Protection, Cordless Serving, Clear Glass (40864)</p><p> -17% 0FF </p><p>$24.99</p><a href="https://www.amazon.com/dp/B07L5HT585?tag=eloabder-20&linkCode=osi&th=1&psc=1">View Product</a></div>
<div class="product"><a href="https://www.amazon.com/dp/B0055522EM?tag=eloabder-20&linkCode=osi&th=1&psc=1"><img src="https://m.media-amazon.com/images/I/51DzXSitquL._SL500_.jpg" alt="Product Image"></a><p>PureGuardian Aquastick, Universal, Genuine Guardian Technologies Antimicrobial Humidifier Treatment, Ultrasonic & Evaporative, Fits All Brands, Reduces Odors, 2 Count (One Pack of Two), GGHS15</p><p> -40% 0FF </p><p>$11.99 ($6.00 / Count)</p><a href="https://www.amazon.com/dp/B0055522EM?tag=eloabder-20&linkCode=osi&th=1&psc=1">View Product</a></div><div class="product"><a href="https://www.amazon.com/dp/B0CQRYKPD4?tag=eloabder-20&linkCode=osi&th=1&psc=1"><img src="https://m.media-amazon.com/images/I/51ADaqkTaOL._SL500_.jpg" alt="Product Image"></a><p>[2 Pack] Humidifier Drops for Cleaning - Food Grade Humidifier Cleaner Slows Buildup & Scaling - Cleans & Deodorizes Water - Suitable for All Humidifier Models - 200+ Day Supply - Made in USA</p><p> -5% 0FF </p><p>$18.99 ($9.50 / Fl Oz)</p><a href="https://www.amazon.com/dp/B0CQRYKPD4?tag=eloabder-20&linkCode=osi&th=1&psc=1">View Product</a></div><div class="product"><a href="https://www.amazon.com/dp/B01J664VSA?tag=eloabder-20&linkCode=osi&th=1&psc=1"><img src="https://m.media-amazon.com/images/I/418M5+TWhnL._SL500_.jpg" alt="Product Image"></a><p>Vornado MD1-0034 Replacement Humidifier Wick (Pack of 2) , White</p><p> -20% 0FF </p><p>$12.00 ($6.00 / Count)</p><a href="https://www.amazon.com/dp/B01J664VSA?tag=eloabder-20&linkCode=osi&th=1&psc=1">View Product</a></div>
<div class="product"><a href="https://www.amazon.com/dp/B0DJ8YM235?tag=eloabder-20&linkCode=osi&th=1&psc=1"><img src="https://m.media-amazon.com/images/I/31-+n3qJwfL._SL500_.jpg" alt="Product Image"></a><p>PSOS Dehumidifier for Home, 118 OZ Water Tank, Dehumidifiers for Room 1000 sq.ft, Dehumidifiers for Bathroom Bedroom Basement with Humidity monitoring, Auto Shut Off, 7 Colors Light(White)</p><p> -40% 0FF </p><p>$89.99</p><a href="https://www.amazon.com/dp/B0DJ8YM235?tag=eloabder-20&linkCode=osi&th=1&psc=1">View Product</a></div><div class="product"><a href="https://www.amazon.com/dp/B0BX4TTZL2?tag=eloabder-20&linkCode=osi&th=1&psc=1"><img src="https://m.media-amazon.com/images/I/31JMYwASsyL._SL500_.jpg" alt="Product Image"></a><p>Hornady Rapid Dry Dehumidifier Stone - Rechargeable Dehumidifier for Gun Safe and Cases, Protect Your Firearms and Valuables from Moisture - Unlimited Use, with Moisture Level Indicator - Item 95898</p><p> -29% 0FF </p><p>$28.37</p><a href="https://www.amazon.com/dp/B0BX4TTZL2?tag=eloabder-20&linkCode=osi&th=1&psc=1">View Product</a></div>
<div class="product"><a href="https://www.amazon.com/dp/B089P1Z38J?tag=eloabder-20&linkCode=osi&th=1&psc=1"><img src="https://m.media-amazon.com/images/I/51YX73Zai2L._SL500_.jpg" alt="Product Image"></a><p>Lasko Air Flex 20" 2-in-1 Box Fan and Air Purifier in One with MERV10 Air Purifying Filter for Cleaner and Cooling Breeze, 3 Speeds, Steel Body, FF305</p><p> -6% 0FF </p><p>$65.79</p><a href="https://www.amazon.com/dp/B089P1Z38J?tag=eloabder-20&linkCode=osi&th=1&psc=1">View Product</a></div><div class="product"><a href="https://www.amazon.com/dp/B0819NMLPH?tag=eloabder-20&linkCode=osi&th=1&psc=1"><img src="https://m.media-amazon.com/images/I/51J1qcl7T+L._SL500_.jpg" alt="Product Image"></a><p>SmoTecQ Ceiling Fan Pull Chain, 120" Rust Proof Copper 3mm Beaded Extension Chains with 12 Matching Connectors, Bronze</p><p> -25% 0FF </p><p>$5.99</p><a href="https://www.amazon.com/dp/B0819NMLPH?tag=eloabder-20&linkCode=osi&th=1&psc=1">View Product</a></div><div class="product"><a href="https://www.amazon.com/dp/B09JBCGK41?tag=eloabder-20&linkCode=osi&th=1&psc=1"><img src="https://m.media-amazon.com/images/I/31O1Cq3aI-L._SL500_.jpg" alt="Product Image"></a><p>Hunter Fan Company 99770 Core Multifunction w/1.9 Remote Control with Receiver, No Size, Dove Grey</p><p> -40% 0FF </p><p>$42.78</p><a href="https://www.amazon.com/dp/B09JBCGK41?tag=eloabder-20&linkCode=osi&th=1&psc=1">View Product</a></div><div class="product"><a href="https://www.amazon.com/dp/B07S5LK7Z8?tag=eloabder-20&linkCode=osi&th=1&psc=1"><img src="https://m.media-amazon.com/images/I/41Wgts+0jEL._SL500_.jpg" alt="Product Image"></a><p>Ceiling Fan Light Switch Zing Ear Pull Chain Switch ZE-109 Fan Light Switch, On-Off Speed with Pull Chain Compatible with Ceiling Light Fans, Lamps and Wall Lights.(Bronze)</p><p> -63% 0FF </p><p>$1.89</p><a href="https://www.amazon.com/dp/B07S5LK7Z8?tag=eloabder-20&linkCode=osi&th=1&psc=1">View Product</a></div><div class="product"><a href="https://www.amazon.com/dp/B0D5M1M37N?tag=eloabder-20&linkCode=osi&th=1&psc=1"><img src="https://m.media-amazon.com/images/I/51yO2OHGQkL._SL500_.jpg" alt="Product Image"></a><p>Butto 10-Pack Ceiling Fan Filters for Blades - Strong Adhesive Ceiling Fan Filters for Common Household Contaminants - Unscented Coconut Carbon Fan Air Purifier Pads to Make Air Fresh and Natural</p><p> -21% 0FF </p><p>$14.98</p><a href="https://www.amazon.com/dp/B0D5M1M37N?tag=eloabder-20&linkCode=osi&th=1&psc=1">View Product</a></div>
<div class="product"><a href="https://www.amazon.com/dp/B0CC8DS2S5?tag=eloabder-20&linkCode=osi&th=1&psc=1"><img src="https://m.media-amazon.com/images/I/41VCzvLZYAL._SL500_.jpg" alt="Product Image"></a><p>KitchekShop Coffee Mug Warmer - Fastest Heating & Highest Temperature, Coffee Cup Warmer for Desk Auto Shut Off, 4 Temp Settings & 1-12H Timer, Smart Electric Beverage Warmer for Coffee, Tea, Water</p><p> -40% 0FF </p><p>$23.99</p><a href="https://www.amazon.com/dp/B0CC8DS2S5?tag=eloabder-20&linkCode=osi&th=1&psc=1">View Product</a></div><div class="product"><a href="https://www.amazon.com/dp/B082MVGP8T?tag=eloabder-20&linkCode=osi&th=1&psc=1"><img src="https://m.media-amazon.com/images/I/31Ui7mtlCOL._SL500_.jpg" alt="Product Image"></a><p>Amazon Basics Electric Kettle, Tea Kettle for Hot Water, Coffee & Tea, With Auto Shut-Off, Boil Dry Protection, Strix Thermostat, BPA-Free, 1.1 Quarts (1.0L), 1500W, Glass and Steel, Black & Silver</p><p> -9% 0FF </p><p>$24.49</p><a href="https://www.amazon.com/dp/B082MVGP8T?tag=eloabder-20&linkCode=osi&th=1&psc=1">View Product</a></div>
<div class="product"><a href="https://www.amazon.com/dp/B0BYR4W4F6?tag=eloabder-20&linkCode=osi&th=1&psc=1"><img src="https://m.media-amazon.com/images/I/31M2ZgX69nL._SL500_.jpg" alt="Product Image"></a><p>Arrojo Gamma Aria Blow Dryer — Dual Ionic hair Dryer for Men and Women — Quietest Hair Dryers in their Class — Speeds to 101mph for Hyper Fast Drying Blow Dryer power</p><p> -6% 0FF </p><p>$165.86</p><a href="https://www.amazon.com/dp/B0BYR4W4F6?tag=eloabder-20&linkCode=osi&th=1&psc=1">View Product</a></div><div class="product"><a href="https://www.amazon.com/dp/B095Y4T72V?tag=eloabder-20&linkCode=osi&th=1&psc=1"><img src="https://m.media-amazon.com/images/I/3190DPU1r7S._SL500_.jpg" alt="Product Image"></a><p>Turbo Power Mega Turbo 2500 Heat Dryer</p><p> -7% 0FF </p><p>$93.44 ($93.44 / Count)</p><a href="https://www.amazon.com/dp/B095Y4T72V?tag=eloabder-20&linkCode=osi&th=1&psc=1">View Product</a></div>
<div class="product"><a href="https://www.amazon.com/dp/B0D4TT37CG?tag=eloabder-20&linkCode=osi&th=1&psc=1"><img src="https://m.media-amazon.com/images/I/51rJj7bo1sL._SL500_.jpg" alt="Product Image"></a><p>250W Professional Electric Cheese Grater for Block Cheese,Automatic Cheese Grater for Potato,Carrots,Salad Shooter Electric Slicer Shredder with 5 Types of Blades,Your Nice Kitchen Helper!</p><p> -8% 0FF </p><p>$66.99</p><a href="https://www.amazon.com/dp/B0D4TT37CG?tag=eloabder-20&linkCode=osi&th=1&psc=1">View Product</a></div>
<div class="product"><a href="https://www.amazon.com/dp/B007WQ9YNO?tag=eloabder-20&linkCode=osi&th=1&psc=1"><img src="https://m.media-amazon.com/images/I/41V32cTWxML._SL500_.jpg" alt="Product Image"></a><p>AROMA Digital Rice Cooker, 4-Cup (Uncooked) / 8-Cup (Cooked), Steamer, Grain Cooker, Multicooker, 2 Qt, Stainless Steel Exterior, ARC-914SBD</p><p> -9% 0FF </p><p>$29.98</p><a href="https://www.amazon.com/dp/B007WQ9YNO?tag=eloabder-20&linkCode=osi&th=1&psc=1">View Product</a></div><div class="product"><a href="https://www.amazon.com/dp/B0752VWV65?tag=eloabder-20&linkCode=osi&th=1&psc=1"><img src="https://m.media-amazon.com/images/I/41s222n8XjL._SL500_.jpg" alt="Product Image"></a><p>Hamilton Beach Digital Programmable Rice Cooker & Food Steamer, 8 Cups Cooked (4 Uncooked), With Steam & Rinse Basket, Stainless Steel (37518)</p><p> -20% 0FF </p><p>$31.99</p><a href="https://www.amazon.com/dp/B0752VWV65?tag=eloabder-20&linkCode=osi&th=1&psc=1">View Product</a></div><div class="product"><a href="https://www.amazon.com/dp/B0979TYRYN?tag=eloabder-20&linkCode=osi&th=1&psc=1"><img src="https://m.media-amazon.com/images/I/31pxVDIb99L._SL500_.jpg" alt="Product Image"></a><p>Aroma Housewares 4-Cups (Cooked) / 1Qt. Rice & Grain Cooker (ARC-302NG), White</p><p> -24% 0FF </p><p>$18.99</p><a href="https://www.amazon.com/dp/B0979TYRYN?tag=eloabder-20&linkCode=osi&th=1&psc=1">View Product</a></div><div class="product"><a href="https://www.amazon.com/dp/B01BUL7FJ6?tag=eloabder-20&linkCode=osi&th=1&psc=1"><img src="https://m.media-amazon.com/images/I/41PX+tkWChL._SL500_.jpg" alt="Product Image"></a><p>Aroma Housewares ARC-363-1NGB 3 Uncooked/6 Cups Cooked Rice Cooker, Steamer, Multicooker, 2-6 cups, Black</p><p> -33% 0FF </p><p>$19.99</p><a href="https://www.amazon.com/dp/B01BUL7FJ6?tag=eloabder-20&linkCode=osi&th=1&psc=1">View Product</a></div><div class="product"><a href="https://www.amazon.com/dp/B0BD4PRBVZ?tag=eloabder-20&linkCode=osi&th=1&psc=1"><img src="https://m.media-amazon.com/images/I/51PB+13RRPL._SL500_.jpg" alt="Product Image"></a><p>COSORI Rice Cooker 10 Cup, 24h Keep Warm, 18 Functions Fuzzy Logic Rice Maker with Stainless Steel Steamer Basket, Sauté, Slow Cooker, Black</p><p> -15% 0FF </p><p>$84.99</p><a href="https://www.amazon.com/dp/B0BD4PRBVZ?tag=eloabder-20&linkCode=osi&th=1&psc=1">View Product</a></div>
<div class="product"><a href="https://www.amazon.com/dp/B003OAJGJO?tag=eloabder-20&linkCode=osi&th=1&psc=1"><img src="https://m.media-amazon.com/images/I/51qadG4iFyL._SL500_.jpg" alt="Product Image"></a><p>Crock-Pot 7 Quart Oval Manual Slow Cooker, Stainless Steel (SCV700-S-BR), Versatile Cookware for Large Families or Entertaining</p><p> -30% 0FF </p><p>$34.99</p><a href="https://www.amazon.com/dp/B003OAJGJO?tag=eloabder-20&linkCode=osi&th=1&psc=1">View Product</a></div><div class="product"><a href="https://www.amazon.com/dp/B07DFVY29X?tag=eloabder-20&linkCode=osi&th=1&psc=1"><img src="https://m.media-amazon.com/images/I/415PUCXFtVL._SL500_.jpg" alt="Product Image"></a><p>Crock-Pot Large 8-Quart Programmable Slow Cooker with Auto Warm Setting, Black Stainless Steel (Pack of 1)</p><p> -25% 0FF </p><p>$74.99</p><a href="https://www.amazon.com/dp/B07DFVY29X?tag=eloabder-20&linkCode=osi&th=1&psc=1">View Product</a></div>
<div class="product"><a href="https://www.amazon.com/dp/B0BFX95J5P?tag=eloabder-20&linkCode=osi&th=1&psc=1"><img src="https://m.media-amazon.com/images/I/51Bj52vXGZL._SL500_.jpg" alt="Product Image"></a><p>COSORI Electric Pressure Cooker 6 qt, 9-in-1 Instant Multi Cooker with Safer Venting Design, Rice Cooker, Slow Cooker, Sous Vide, Saute Pot, 1100W, Stainless Steel</p><p> -22% 0FF </p><p>$69.99</p><a href="https://www.amazon.com/dp/B0BFX95J5P?tag=eloabder-20&linkCode=osi&th=1&psc=1">View Product</a></div><div class="product"><a href="https://www.amazon.com/dp/B08PPZWNCV?tag=eloabder-20&linkCode=osi&th=1&psc=1"><img src="https://m.media-amazon.com/images/I/41ZKZkeEwEL._SL500_.jpg" alt="Product Image"></a><p>Instant Pot Pro (8 QT) 10-in-1 Pressure Cooker, Slow Cooker, Rice/Grain Cooker, Steamer, Sauté, Sous Vide, Yogurt Maker, Sterilizer, and Warmer, Includes App With Over 800 Recipes, Black</p><p> -21% 0FF </p><p>$149.99</p><a href="https://www.amazon.com/dp/B08PPZWNCV?tag=eloabder-20&linkCode=osi&th=1&psc=1">View Product</a></div><div class="product"><a href="https://www.amazon.com/dp/B089P2W2N6?tag=eloabder-20&linkCode=osi&th=1&psc=1"><img src="https://m.media-amazon.com/images/I/41tjnk41j0L._SL500_.jpg" alt="Product Image"></a><p>12 Qt Stainless steel Electric Pressure Canner</p><p> -30% 0FF </p><p>$229.99</p><a href="https://www.amazon.com/dp/B089P2W2N6?tag=eloabder-20&linkCode=osi&th=1&psc=1">View Product</a></div><div class="product"><a href="https://www.amazon.com/dp/B0DJFJFSZ5?tag=eloabder-20&linkCode=osi&th=1&psc=1"><img src="https://m.media-amazon.com/images/I/41RArdH-6LL._SL500_.jpg" alt="Product Image"></a><p>COMFEE’ 9-in-1 Electric Pressure Cooker, 14 Presets Instant Multi Cooker Olla de Presion Non-Stick Pot Yogurt Maker Rice Cooker Slow Cooker Sauté Steamer 6 Quarts Black</p><p> -10% 0FF </p><p>$64.79</p><a href="https://www.amazon.com/dp/B0DJFJFSZ5?tag=eloabder-20&linkCode=osi&th=1&psc=1">View Product</a></div><div class="product"><a href="https://www.amazon.com/dp/B0C35HNPW9?tag=eloabder-20&linkCode=osi&th=1&psc=1"><img src="https://m.media-amazon.com/images/I/41C54nM0HvL._SL500_.jpg" alt="Product Image"></a><p>Instant Pot RIO Wide Base, 7.5 Quarts, Large Searing Base, WhisperQuiet Steam Release, 7-in-1 Electric Multi-Cooker, Pressure Cooker, Slow Cooker, Rice Cooker, Steamer, Sauté, Yogurt & Warmer</p><p> -13% 0FF </p><p>$113.50</p><a href="https://www.amazon.com/dp/B0C35HNPW9?tag=eloabder-20&linkCode=osi&th=1&psc=1">View Product</a></div>
<div class="product"><a href="https://www.amazon.com/dp/B01LZ6QN28?tag=eloabder-20&linkCode=osi&th=1&psc=1"><img src="https://m.media-amazon.com/images/I/310sq1rOuLL._SL500_.jpg" alt="Product Image"></a><p>KitchenAid KFC3516IC 3.5 Cup Food Chopper, Ice Blue</p><p> -25% 0FF </p><p>$44.99</p><a href="https://www.amazon.com/dp/B01LZ6QN28?tag=eloabder-20&linkCode=osi&th=1&psc=1">View Product</a></div><div class="product"><a href="https://www.amazon.com/dp/B089TP3K77?tag=eloabder-20&linkCode=osi&th=1&psc=1"><img src="https://m.media-amazon.com/images/I/41wrQtJwO4L._SL500_.jpg" alt="Product Image"></a><p>Ninja Food Processor, Professional Plus, 1000 Peak Watts, 4 Functions for Chopping, Slicing, Purees & Dough with 9-Cup Processor Bowl, 3 Blades, Food Chute & Pusher, Silver, BN601</p><p> -19% 0FF </p><p>$96.99</p><a href="https://www.amazon.com/dp/B089TP3K77?tag=eloabder-20&linkCode=osi&th=1&psc=1">View Product</a></div><div class="product"><a href="https://www.amazon.com/dp/B07CB25BRK?tag=eloabder-20&linkCode=osi&th=1&psc=1"><img src="https://m.media-amazon.com/images/I/4184he88uaL._SL500_.jpg" alt="Product Image"></a><p>KitchenAid KFP0718ER 7-Cup Food Processor Chop, Puree, Shred and Slice - Empire Red</p><p> -20% 0FF </p><p>$79.99</p><a href="https://www.amazon.com/dp/B07CB25BRK?tag=eloabder-20&linkCode=osi&th=1&psc=1">View Product</a></div><div class="product"><a href="https://www.amazon.com/dp/B0841NBX4Y?tag=eloabder-20&linkCode=osi&th=1&psc=1"><img src="https://m.media-amazon.com/images/I/31BQFzOW77S._SL500_.jpg" alt="Product Image"></a><p>BLACK+DECKER Food Processor and Vegetable Chopper, Stainless Steel Blade, 8-Cup Capacity, 450W Power with Attachments to Shred, Slice, Mince, Grind, and Puree</p><p> -22% 0FF </p><p>$42.99</p><a href="https://www.amazon.com/dp/B0841NBX4Y?tag=eloabder-20&linkCode=osi&th=1&psc=1">View Product</a></div>
<div class="product"><a href="https://www.amazon.com/dp/B00004SGFW?tag=eloabder-20&linkCode=osi&th=1&psc=1"><img src="https://m.media-amazon.com/images/I/41VBlHn++3L._SL500_.jpg" alt="Product Image"></a><p>KitchenAid Classic Series 4.5 Quart Tilt-Head Stand Mixer K45SS, White</p><p> -10% 0FF </p><p>$297.99</p><a href="https://www.amazon.com/dp/B00004SGFW?tag=eloabder-20&linkCode=osi&th=1&psc=1">View Product</a></div><div class="product"><a href="https://www.amazon.com/dp/B09BVCPSBT?tag=eloabder-20&linkCode=osi&th=1&psc=1"><img src="https://m.media-amazon.com/images/I/41ApmT8ttnL._SL500_.jpg" alt="Product Image"></a><p>Kitchen in the box Stand Mixer,3.2Qt Small Electric Food Mixer,6 Speeds Portable Lightweight Kitchen Mixer for Daily Use with Egg Whisk,Dough Hook,Flat Beater (Black)</p><p> -20% 0FF </p><p>$79.99</p><a href="https://www.amazon.com/dp/B09BVCPSBT?tag=eloabder-20&linkCode=osi&th=1&psc=1">View Product</a></div><div class="product"><a href="https://www.amazon.com/dp/B09Y9LHFJ5?tag=eloabder-20&linkCode=osi&th=1&psc=1"><img src="https://m.media-amazon.com/images/I/31zHqTmCLdL._SL500_.jpg" alt="Product Image"></a><p>Hamilton Beach Classic Stand and Hand Mixer, 4 Quarts, 6 Speeds with QuickBurst, Bowl Rest, 290 Watts Peak Power, Blue (64658)</p><p> -13% 0FF </p><p>$45.99</p><a href="https://www.amazon.com/dp/B09Y9LHFJ5?tag=eloabder-20&linkCode=osi&th=1&psc=1">View Product</a></div><div class="product"><a href="https://www.amazon.com/dp/B01H7R1EJY?tag=eloabder-20&linkCode=osi&th=1&psc=1"><img src="https://m.media-amazon.com/images/I/41bfuTs0SXL._SL500_.jpg" alt="Product Image"></a><p>Cuisinart Stand Mixer, 12 Speed, 5.5 Quart Stainless Steel Bowl, Chef’s Whisk, Mixing Paddle, Dough Hook, Splash Guard w/ Pour Spout, White Linen, SM-50, Manual</p><p> -20% 0FF </p><p>$199.95 ($199.95 / Count)</p><a href="https://www.amazon.com/dp/B01H7R1EJY?tag=eloabder-20&linkCode=osi&th=1&psc=1">View Product</a></div><div class="product"><a href="https://www.amazon.com/dp/B01K2FQ4DE?tag=eloabder-20&linkCode=osi&th=1&psc=1"><img src="https://m.media-amazon.com/images/I/419VfH8b6OL._SL500_.jpg" alt="Product Image"></a><p>Cuisinart Stand Mixer, 12 Speeds, 5.5-Quart Mixing Bowl, Chef's Whisk, Flat Mixing Paddle, Dough Hook, and Splash Guard with Pour Spout, Silver Lining, SM-50BC, Silver Lining</p><p> -20% 0FF </p><p>$199.95 ($199.95 / Count)</p><a href="https://www.amazon.com/dp/B01K2FQ4DE?tag=eloabder-20&linkCode=osi&th=1&psc=1">View Product</a></div>
<div class="product"><a href="https://www.amazon.com/dp/B009VUHLHA?tag=eloabder-20&linkCode=osi&th=1&psc=1"><img src="https://m.media-amazon.com/images/I/3129GS2CaML._SL500_.jpg" alt="Product Image"></a><p>KitchenAid 5 Ultra Power Speed Hand Mixer - KHM512, Empire Red (1 Pack)</p><p> -25% 0FF </p><p>$44.99</p><a href="https://www.amazon.com/dp/B009VUHLHA?tag=eloabder-20&linkCode=osi&th=1&psc=1">View Product</a></div><div class="product"><a href="https://www.amazon.com/dp/B07DD385JN?tag=eloabder-20&linkCode=osi&th=1&psc=1"><img src="https://m.media-amazon.com/images/I/41dfQaFsuUL._SL500_.jpg" alt="Product Image"></a><p>OVENTE Portable 5 Speed Mixing Electric Hand Mixer with Stainless Steel Whisk Beater Attachments & Snap Storage Case, Compact Lightweight 150 Watt Powerful Blender for Baking & Cooking, Black HM151B</p><p> -32% 0FF </p><p>$16.99</p><a href="https://www.amazon.com/dp/B07DD385JN?tag=eloabder-20&linkCode=osi&th=1&psc=1">View Product</a></div><div class="product"><a href="https://www.amazon.com/dp/B0034A8C4O?tag=eloabder-20&linkCode=osi&th=1&psc=1"><img src="https://m.media-amazon.com/images/I/41t6hdU+x0L._SL500_.jpg" alt="Product Image"></a><p>Cuisinart HM-90S Power Advantage Plus 9-Speed Handheld Mixer with Storage Case, White</p><p> -25% 0FF </p><p>$59.95</p><a href="https://www.amazon.com/dp/B0034A8C4O?tag=eloabder-20&linkCode=osi&th=1&psc=1">View Product</a></div><div class="product"><a href="https://www.amazon.com/dp/B00O4XVV66?tag=eloabder-20&linkCode=osi&th=1&psc=1"><img src="https://m.media-amazon.com/images/I/41TAePDHOkL._SL500_.jpg" alt="Product Image"></a><p>Hamilton Beach Power Deluxe 6-Speed Electric Hand Mixer with Snap-On Storage Case, QuickBurst, Beaters, Whisk, Powerful 250 Watt Motor, Bowl Rest, Black (62692)</p><p> -8% 0FF </p><p>$22.99</p><a href="https://www.amazon.com/dp/B00O4XVV66?tag=eloabder-20&linkCode=osi&th=1&psc=1">View Product</a></div><div class="product"><a href="https://www.amazon.com/dp/B09JV6224Q?tag=eloabder-20&linkCode=osi&th=1&psc=1"><img src="https://m.media-amazon.com/images/I/41vUDKzR2aL._SL500_.jpg" alt="Product Image"></a><p>KitchenAid 6 Speed Hand Mixer with Flex Edge Beaters - KHM6118</p><p> -25% 0FF </p><p>$59.95</p><a href="https://www.amazon.com/dp/B09JV6224Q?tag=eloabder-20&linkCode=osi&th=1&psc=1">View Product</a></div><div class="product"><a href="https://www.amazon.com/dp/B0B397TM76?tag=eloabder-20&linkCode=osi&th=1&psc=1"><img src="https://m.media-amazon.com/images/I/41IGzC-belL._SL500_.jpg" alt="Product Image"></a><p>Yomelo 9-Speed Digital Hand Mixer Electric, 400W Powerful DC Motor, Baking Mixer Handheld with Snap-On Storage Case, Touch Button, Turbo Boost, Dough Hooks, Whisk (Ice Blue)</p><p> -20% 0FF </p><p>$39.97</p><a href="https://www.amazon.com/dp/B0B397TM76?tag=eloabder-20&linkCode=osi&th=1&psc=1">View Product</a></div>
<div class="product"><a href="https://www.amazon.com/dp/B07FNW57J7?tag=eloabder-20&linkCode=osi&th=1&psc=1"><img src="https://m.media-amazon.com/images/I/51FDxusQ0iL._SL500_.jpg" alt="Product Image"></a><p>Chefman Electric Kettle with Temperature Control, 5 Presets LED Indicator Lights, Removable Tea Infuser, Glass Tea Kettle & Hot Water Boiler, 360° Swivel Base, BPA Free, Stainless Steel, 1.8 Liters</p><p> -14% 0FF </p><p>$29.99</p><a href="https://www.amazon.com/dp/B07FNW57J7?tag=eloabder-20&linkCode=osi&th=1&psc=1">View Product</a></div><div class="product"><a href="https://www.amazon.com/dp/B0BNMRYJ1Q?tag=eloabder-20&linkCode=osi&th=1&psc=1"><img src="https://m.media-amazon.com/images/I/31K-SXluWdL._SL500_.jpg" alt="Product Image"></a><p>MEISON Electric Kettle, 1.7 L Double Wall Food Grade Stainless Steel Interior Water Boiler, Coffee Pot & Tea Kettle, Auto Shut-Off and Boil-Dry Protection, 1200W, 2 Year Warranty(Black)</p><p> -56% 0FF </p><p>$21.99</p><a href="https://www.amazon.com/dp/B0BNMRYJ1Q?tag=eloabder-20&linkCode=osi&th=1&psc=1">View Product</a></div>
<div class="product"><a href="https://www.amazon.com/dp/B07665GLFH?tag=eloabder-20&linkCode=osi&th=1&psc=1"><img src="https://m.media-amazon.com/images/I/41183-xnqRL._SL500_.jpg" alt="Product Image"></a><p>OVENTE Electric Deep Fryer 2 Liter Capacity, 1500 Watt Lid with Viewing Window and Odor Filter, Adjustable Temperature, Removable Frying Basket and Easy to Clean Stainless Steel Body, Silver FDM2201BR</p><p> -36% 0FF </p><p>$29.99</p><a href="https://www.amazon.com/dp/B07665GLFH?tag=eloabder-20&linkCode=osi&th=1&psc=1">View Product</a></div><div class="product"><a href="https://www.amazon.com/dp/B00NQ7QFGM?tag=eloabder-20&linkCode=osi&th=1&psc=1"><img src="https://m.media-amazon.com/images/I/411tBrsFTDL._SL500_.jpg" alt="Product Image"></a><p>T-fal 3.5L Stainless Steel Deep Fryer with Basket, 1700W, Oil Filtration, Temp Control, Digital Timer, Dishwasher Safe Parts</p><p> -9% 0FF </p><p>$117.99</p><a href="https://www.amazon.com/dp/B00NQ7QFGM?tag=eloabder-20&linkCode=osi&th=1&psc=1">View Product</a></div><div class="product"><a href="https://www.amazon.com/dp/B00N9TPNNI?tag=eloabder-20&linkCode=osi&th=1&psc=1"><img src="https://m.media-amazon.com/images/I/41dpJ-+eDML._SL500_.jpg" alt="Product Image"></a><p>Elite Gourmet EDF-401T Electric 4.5 Qt. / 17 Cup Immersion Deep Fryer 3-Baskets, 1700-Watt, Timer Control Adjustable Temperature, Lid with Viewing Window and Odor Free Filter</p><p> -11% 0FF </p><p>$53.44</p><a href="https://www.amazon.com/dp/B00N9TPNNI?tag=eloabder-20&linkCode=osi&th=1&psc=1">View Product</a></div><div class="product"><a href="https://www.amazon.com/dp/B07KJGR9JZ?tag=eloabder-20&linkCode=osi&th=1&psc=1"><img src="https://m.media-amazon.com/images/I/51Wl+RTXTML._SL500_.jpg" alt="Product Image"></a><p>Chefman 4.5 Liter Deep Fryer w/Basket Strainer, XL Jumbo Size, Adjustable Temperature & Timer, Perfect for Fried Chicken, Shrimp, French Fries, Chips & More, Removable Oil-Container, Stainless Steel</p><p> -14% 0FF </p><p>$59.99</p><a href="https://www.amazon.com/dp/B07KJGR9JZ?tag=eloabder-20&linkCode=osi&th=1&psc=1">View Product</a></div><div class="product"><a href="https://www.amazon.com/dp/B07TRNP5V7?tag=eloabder-20&linkCode=osi&th=1&psc=1"><img src="https://m.media-amazon.com/images/I/416X3E03X9L._SL500_.jpg" alt="Product Image"></a><p>National Presto 10-Quart Kitchen Kettle XL Multi-Cooker, Steamer, Black Deep-Fryer</p><p> -38% 0FF </p><p>$58.78</p><a href="https://www.amazon.com/dp/B07TRNP5V7?tag=eloabder-20&linkCode=osi&th=1&psc=1">View Product</a></div><div class="product"><a href="https://www.amazon.com/dp/B0B6D9739D?tag=eloabder-20&linkCode=osi&th=1&psc=1"><img src="https://m.media-amazon.com/images/I/41Dm+ZShvHL._SL500_.jpg" alt="Product Image"></a><p>Elite Gourmet EDF2100 Electric Immersion Deep Fryer Removable Basket Adjustable Temperature, Lid with Viewing Window and Odor Free Filter, 2 Quart / 8.2 cup</p><p> -8% 0FF </p><p>$34.99</p><a href="https://www.amazon.com/dp/B0B6D9739D?tag=eloabder-20&linkCode=osi&th=1&psc=1">View Product</a></div>
<div class="product"><a href="https://www.amazon.com/dp/B0CYBM2DFK?tag=eloabder-20&linkCode=osi&th=1&psc=1"><img src="https://m.media-amazon.com/images/I/51v84ZcytjL._SL500_.jpg" alt="Product Image"></a><p>Pukomc Electric Indoor Grill,2 in 1 Indoor Grills for Kitchen with Grill Net & Non-Stick Cooking Removable Plate, Temperature Control, Dishwasher Safe, 1500W Smokeless Grill</p><p> -11% 0FF </p><p>$49.99</p><a href="https://www.amazon.com/dp/B0CYBM2DFK?tag=eloabder-20&linkCode=osi&th=1&psc=1">View Product</a></div><div class="product"><a href="https://www.amazon.com/dp/B0778XLPB7?tag=eloabder-20&linkCode=osi&th=1&psc=1"><img src="https://m.media-amazon.com/images/I/41J7WwuJlYL._SL500_.jpg" alt="Product Image"></a><p>Cuisinart GR-5BP1 Electric Griddler FIVE, Enjoy 5-in-1 Functions, LCD Display, Wide Temperature Range and Sear Function, Stainless Steel</p><p> -17% 0FF </p><p>$99.95</p><a href="https://www.amazon.com/dp/B0778XLPB7?tag=eloabder-20&linkCode=osi&th=1&psc=1">View Product</a></div>
<div class="product"><a href="https://www.amazon.com/dp/B07MVN676J?tag=eloabder-20&linkCode=osi&th=1&psc=1"><img src="https://m.media-amazon.com/images/I/414mvfQwPdL._SL500_.jpg" alt="Product Image"></a><p>OVENTE Electric Sandwich Maker with Non-Stick Plates, Indicator Lights, Cool Touch Handle, Easy to Clean and Store, Perfect for Cooking Breakfast, Grilled Cheese, Tuna Melts and Snacks, Black GPS401B</p><p> -36% 0FF </p><p>$15.99</p><a href="https://www.amazon.com/dp/B07MVN676J?tag=eloabder-20&linkCode=osi&th=1&psc=1">View Product</a></div><div class="product"><a href="https://www.amazon.com/dp/B07B4ZFRC5?tag=eloabder-20&linkCode=osi&th=1&psc=1"><img src="https://m.media-amazon.com/images/I/41Mwee5EhWL._SL500_.jpg" alt="Product Image"></a><p>Hamilton Beach Electric Sealed Sandwich Maker Grill with PFAS-Free Nonstick Plates, Makes Stuffed French Toast, Omelets, Compact & Easy to Store, Black (25430G)</p><p> -7% 0FF </p><p>$20.49</p><a href="https://www.amazon.com/dp/B07B4ZFRC5?tag=eloabder-20&linkCode=osi&th=1&psc=1">View Product</a></div><div class="product"><a href="https://www.amazon.com/dp/B08B28SGFH?tag=eloabder-20&linkCode=osi&th=1&psc=1"><img src="https://m.media-amazon.com/images/I/31rHEytHAqL._SL500_.jpg" alt="Product Image"></a><p>Nostalgia MyMini Personal Sandwich Maker, Nonstick Panini Press, Pizza Pockets, Quesadillas, Mint Green</p><p> -17% 0FF </p><p>$14.99</p><a href="https://www.amazon.com/dp/B08B28SGFH?tag=eloabder-20&linkCode=osi&th=1&psc=1">View Product</a></div><div class="product"><a href="https://www.amazon.com/dp/B002YD99Y4?tag=eloabder-20&linkCode=osi&th=1&psc=1"><img src="https://m.media-amazon.com/images/I/41FEfCzAJ9L._SL500_.jpg" alt="Product Image"></a><p>Cuisinart Panini Press, Stainless Steel Griddler, Sandwich Maker & More, 5-IN-1, GR-4NP1</p><p> -20% 0FF </p><p>$79.95</p><a href="https://www.amazon.com/dp/B002YD99Y4?tag=eloabder-20&linkCode=osi&th=1&psc=1">View Product</a></div>
<div class="product"><a href="https://www.amazon.com/dp/B003HL1JZO?tag=eloabder-20&linkCode=osi&th=1&psc=1"><img src="https://m.media-amazon.com/images/I/41NQPUjC3hL._SL500_.jpg" alt="Product Image"></a><p>Hamilton Beach Belgian Mini Waffle Maker with Shade Control, Makes 2 at Once, Create Personalized Keto Chaffles and Hash Browns, Non-Stick Plates, Compact Design, Stainless Steel</p><p> -25% 0FF </p><p>$23.99</p><a href="https://www.amazon.com/dp/B003HL1JZO?tag=eloabder-20&linkCode=osi&th=1&psc=1">View Product</a></div><div class="product"><a href="https://www.amazon.com/dp/B01FYIAQA6?tag=eloabder-20&linkCode=osi&th=1&psc=1"><img src="https://m.media-amazon.com/images/I/51LjHkbLVyL._SL500_.jpg" alt="Product Image"></a><p>KRUPS: Waffle Maker, Stainless Steel, 4 Slices, 1200 Watts Square, 5 Browning Levels, Removable Plates, Dishwasher Safe, Belgian Waffle Silver and Black</p><p> -18% 0FF </p><p>$65.70</p><a href="https://www.amazon.com/dp/B01FYIAQA6?tag=eloabder-20&linkCode=osi&th=1&psc=1">View Product</a></div><div class="product"><a href="https://www.amazon.com/dp/B08ML7J5SG?tag=eloabder-20&linkCode=osi&th=1&psc=1"><img src="https://m.media-amazon.com/images/I/41c0iTegfQL._SL500_.jpg" alt="Product Image"></a><p>DASH No-Drip Waffle Maker - Four Waffle Molds, Nonstick Waffle Iron with Quick Heat-Up, Nonstick Surface - Perfect Waffle Maker for Kids and Families, Just Add Batter</p><p> -13% 0FF </p><p>$34.99</p><a href="https://www.amazon.com/dp/B08ML7J5SG?tag=eloabder-20&linkCode=osi&th=1&psc=1">View Product</a></div>
<div class="product"><a href="https://www.amazon.com/dp/B010TR1SMW?tag=eloabder-20&linkCode=osi&th=1&psc=1"><img src="https://m.media-amazon.com/images/I/51+Sr3R6eUL._SL500_.jpg" alt="Product Image"></a><p>Original Whirley Pop Popcorn Maker- Silver 6 Qt Aluminum Popcorn Maker with Metal Gear, Wabash Family Farms, With Included Good Time Guide</p><p> -44% 0FF </p><p>$19.99</p><a href="https://www.amazon.com/dp/B010TR1SMW?tag=eloabder-20&linkCode=osi&th=1&psc=1">View Product</a></div><div class="product"><a href="https://www.amazon.com/dp/B00KL8SM92?tag=eloabder-20&linkCode=osi&th=1&psc=1"><img src="https://m.media-amazon.com/images/I/41TLvq95xTL._SL500_.jpg" alt="Product Image"></a><p>West Bend Stir Crazy Popcorn Machine Electric Hot Oil Popper Includes Large Lid for Serving Bowl and Convenient Nesting Storage, 6-Quart, Red</p><p> -28% 0FF </p><p>$33.65</p><a href="https://www.amazon.com/dp/B00KL8SM92?tag=eloabder-20&linkCode=osi&th=1&psc=1">View Product</a></div><div class="product"><a href="https://www.amazon.com/dp/B01HRGJE88?tag=eloabder-20&linkCode=osi&th=1&psc=1"><img src="https://m.media-amazon.com/images/I/41hNl5eCgyS._SL500_.jpg" alt="Product Image"></a><p>West Bend Stir Crazy Movie Theater Popcorn Popper with Nonstick Popcorn Kettle, Measuring Tool and Popcorn Scoop for Gourmet Popcorn Machine , 4 Qt., Red</p><p> -25% 0FF </p><p>$60.24</p><a href="https://www.amazon.com/dp/B01HRGJE88?tag=eloabder-20&linkCode=osi&th=1&psc=1">View Product</a></div><div class="product"><a href="https://www.amazon.com/dp/B0C43XTHC6?tag=eloabder-20&linkCode=osi&th=1&psc=1"><img src="https://m.media-amazon.com/images/I/418qLhEayLL._SL500_.jpg" alt="Product Image"></a><p>Presto 04811 PopLite My Munch Hot Air Popcorn Popper - Personal Sized, Built-In Serving Bowl, Compact Design, 8 Cups, Blue</p><p> -13% 0FF </p><p>$34.99</p><a href="https://www.amazon.com/dp/B0C43XTHC6?tag=eloabder-20&linkCode=osi&th=1&psc=1">View Product</a></div>
<div class="product"><a href="https://www.amazon.com/dp/B08QXB9BH5?tag=eloabder-20&linkCode=osi&th=1&psc=1"><img src="https://m.media-amazon.com/images/I/3114JA1oLJL._SL500_.jpg" alt="Product Image"></a><p>Ninja NC301 CREAMi Ice Cream Maker, for Gelato, Mix-ins, Milkshakes, Sorbet, Smoothie Bowls & More, 7 One-Touch Programs, with (2) Pint Containers & Lids, Compact Size, Perfect for Kids, Silver</p><p> -22% 0FF </p><p>$179.99</p><a href="https://www.amazon.com/dp/B08QXB9BH5?tag=eloabder-20&linkCode=osi&th=1&psc=1">View Product</a></div><div class="product"><a href="https://www.amazon.com/dp/B0B9CZ6XBQ?tag=eloabder-20&linkCode=osi&th=1&psc=1"><img src="https://m.media-amazon.com/images/I/41FrbCLAa8L._SL500_.jpg" alt="Product Image"></a><p>Ninja CREAMi Deluxe 11-in-1 Ice Cream & Frozen Treat Maker for Ice Cream, Sorbet, Milkshakes, Frozen Yogurt, & More, 11 Programs, XL Capacity, Silver, Includes (2) Family-Sized 24 oz. Tubs</p><p> -12% 0FF </p><p>$219.95</p><a href="https://www.amazon.com/dp/B0B9CZ6XBQ?tag=eloabder-20&linkCode=osi&th=1&psc=1">View Product</a></div>
<div class="product"><a href="https://www.amazon.com/dp/B07C8V4FDR?tag=eloabder-20&linkCode=osi&th=1&psc=1"><img src="https://m.media-amazon.com/images/I/41-2gch534L._SL500_.jpg" alt="Product Image"></a><p>Cuisinart Bread Maker Machine, Compact and Automatic, Customizable Settings, Up to 2lb Loaves, CBK-110P1, Silver,Black</p><p> -23% 0FF </p><p>$99.95</p><a href="https://www.amazon.com/dp/B07C8V4FDR?tag=eloabder-20&linkCode=osi&th=1&psc=1">View Product</a></div><div class="product"><a href="https://www.amazon.com/dp/B09RYYGJXR?tag=eloabder-20&linkCode=osi&th=1&psc=1"><img src="https://m.media-amazon.com/images/I/31Nti+QxbGL._SL500_.jpg" alt="Product Image"></a><p>Elite Gourmet EBM8103M Programmable Bread Maker Machine 3 Loaf Sizes, 19 Menu Functions Gluten Free White Wheat Rye French and more, 2 Lbs, Mint</p><p> -13% 0FF </p><p>$64.97</p><a href="https://www.amazon.com/dp/B09RYYGJXR?tag=eloabder-20&linkCode=osi&th=1&psc=1">View Product</a></div><div class="product"><a href="https://www.amazon.com/dp/B07BYXHYLY?tag=eloabder-20&linkCode=osi&th=1&psc=1"><img src="https://m.media-amazon.com/images/I/51oB-JofaaL._SL500_.jpg" alt="Product Image"></a><p>KBS Pro Stainless Steel Bread Machine, 2LB 17-in-1 Programmable XL Bread Maker with Fruit Nut Dispenser, Nonstick Ceramic Pan& Digital Touch Panel, 3 Loaf Sizes 3 Crust Colors, Reserve& Keep Warm Set</p><p> -21% 0FF </p><p>$149.96</p><a href="https://www.amazon.com/dp/B07BYXHYLY?tag=eloabder-20&linkCode=osi&th=1&psc=1">View Product</a></div><div class="product"><a href="https://www.amazon.com/dp/B087FB8SCK?tag=eloabder-20&linkCode=osi&th=1&psc=1"><img src="https://m.media-amazon.com/images/I/41HIsBOmQJL._SL500_.jpg" alt="Product Image"></a><p>KITCHENARM 29-in-1 SMART Bread Machine with Gluten Free Setting 2LB 1.5LB 1LB Bread Maker Machine with Homemade Cycle - Stainless Steel Breadmaker with Recipes Whole Wheat Bread Making Machine</p><p> -11% 0FF </p><p>$114.97</p><a href="https://www.amazon.com/dp/B087FB8SCK?tag=eloabder-20&linkCode=osi&th=1&psc=1">View Product</a></div><div class="product"><a href="https://www.amazon.com/dp/B07ZQ711SW?tag=eloabder-20&linkCode=osi&th=1&psc=1"><img src="https://m.media-amazon.com/images/I/41XD-2f77RL._SL500_.jpg" alt="Product Image"></a><p>KBS 17-in-1 Bread Maker-Dual Heaters, 710W Machine Stainless Steel with Gluten-Free, Dough Maker,Jam,Yogurt PROG, Auto Nut Dispenser,Ceramic Pan& Touch Panel, 3 Loaf Sizes 3 Crust Colors,Recipes</p><p> -20% 0FF </p><p>$159.99</p><a href="https://www.amazon.com/dp/B07ZQ711SW?tag=eloabder-20&linkCode=osi&th=1&psc=1">View Product</a></div><div class="product"><a href="https://www.amazon.com/dp/B08SKFPMBG?tag=eloabder-20&linkCode=osi&th=1&psc=1"><img src="https://m.media-amazon.com/images/I/41GbafaeBYL._SL500_.jpg" alt="Product Image"></a><p>Briskind 19-in-1 Compact Bread Maker Machine, 1.5 lb / 1 lb Loaf Small Breadmaker with Carrying Handle, Including Gluten Free, Dough, Jam, Yogurt Menus, Bake Evenly, Automatic Keep Warm, 3 Crust Color</p><p> -25% 0FF </p><p>$89.75</p><a href="https://www.amazon.com/dp/B08SKFPMBG?tag=eloabder-20&linkCode=osi&th=1&psc=1">View Product</a></div><div class="product"><a href="https://www.amazon.com/dp/B07D82LJ4Q?tag=eloabder-20&linkCode=osi&th=1&psc=1"><img src="https://m.media-amazon.com/images/I/41i3kbapguL._SL500_.jpg" alt="Product Image"></a><p>West Bend 47413 Hi-Rise Programmable Bread Maker Machine with Horizontal Dual Blade and 12 Programs, Including Gluten Free Mode, 3 Lb, Gray</p><p> -30% 0FF </p><p>$87.68</p><a href="https://www.amazon.com/dp/B07D82LJ4Q?tag=eloabder-20&linkCode=osi&th=1&psc=1">View Product</a></div>
<div class="product"><a href="https://www.amazon.com/dp/B0BR8HZL9V?tag=eloabder-20&linkCode=osi&th=1&psc=1"><img src="https://m.media-amazon.com/images/I/315cLuabx0L._SL500_.jpg" alt="Product Image"></a><p>Ninja JC151 NeverClog Cold Press Juicer, Powerful Slow Juicer with Total Pulp Control, Countertop, Electric, 2 Pulp Functions, Dishwasher Safe, 2nd Generation, Charcoal</p><p> -23% 0FF </p><p>$99.99</p><a href="https://www.amazon.com/dp/B0BR8HZL9V?tag=eloabder-20&linkCode=osi&th=1&psc=1">View Product</a></div><div class="product"><a href="https://www.amazon.com/dp/B0DJ7QML7K?tag=eloabder-20&linkCode=osi&th=1&psc=1"><img src="https://m.media-amazon.com/images/I/410TN+TUghL._SL500_.jpg" alt="Product Image"></a><p>Cold Press Juicer, 400w Slow Juicer Machines with 5.4" Wide Feed Chute, Masticating Juicer with High Juice Yield for Whole Vegetables & Fruits</p><p> -77% 0FF </p><p>$139.98</p><a href="https://www.amazon.com/dp/B0DJ7QML7K?tag=eloabder-20&linkCode=osi&th=1&psc=1">View Product</a></div><div class="product"><a href="https://www.amazon.com/dp/B0DBH5LC1M?tag=eloabder-20&linkCode=osi&th=1&psc=1"><img src="https://m.media-amazon.com/images/I/41p0ebtD3PL._SL500_.jpg" alt="Product Image"></a><p>Masticating Juicer, 350W Slow Cold Press Juicer with 5.8" Extra-Large Feeding Chute, Juicer Machines for Whole Fruits and Vegetables, Easy to Clean with Brush</p><p> -77% 0FF </p><p>$149.99</p><a href="https://www.amazon.com/dp/B0DBH5LC1M?tag=eloabder-20&linkCode=osi&th=1&psc=1">View Product</a></div><div class="product"><a href="https://www.amazon.com/dp/B0C99W1Z9Q?tag=eloabder-20&linkCode=osi&th=1&psc=1"><img src="https://m.media-amazon.com/images/I/41ds5gec49L._SL500_.jpg" alt="Product Image"></a><p>Magic Bullet Mini Juicer with Cup Black</p><p> -17% 0FF </p><p>$49.99</p><a href="https://www.amazon.com/dp/B0C99W1Z9Q?tag=eloabder-20&linkCode=osi&th=1&psc=1">View Product</a></div><div class="product"><a href="https://www.amazon.com/dp/B0CBS6HVSY?tag=eloabder-20&linkCode=osi&th=1&psc=1"><img src="https://m.media-amazon.com/images/I/41lmBoVvM1L._SL500_.jpg" alt="Product Image"></a><p>Cold Press Juicer, Amumu Slow Masticating Machines with 5.4" Extra Large Feed Chute Fit Whole Fruits & Vegetables Easy Clean Self Feeding Effortless for Batch Juicing, High Juice Yield, BPA Free 250W</p><p> -84% 0FF </p><p>$139.99</p><a href="https://www.amazon.com/dp/B0CBS6HVSY?tag=eloabder-20&linkCode=osi&th=1&psc=1">View Product</a></div><div class="product"><a href="https://www.amazon.com/dp/B0B4F9NSN5?tag=eloabder-20&linkCode=osi&th=1&psc=1"><img src="https://m.media-amazon.com/images/I/41HdCERLiNL._SL500_.jpg" alt="Product Image"></a><p>Elite Gourmet Masticating Juicer Machines, 12-inch Juicer, Masticating Cold Press Juicer Machines, Juicer for Vegetables and Fruits, Easy to Clean Juicer, Charcoal Grey</p><p> -31% 0FF </p><p>$34.49</p><a href="https://www.amazon.com/dp/B0B4F9NSN5?tag=eloabder-20&linkCode=osi&th=1&psc=1">View Product</a></div><div class="product"><a href="https://www.amazon.com/dp/B0DCG5Y8QN?tag=eloabder-20&linkCode=osi&th=1&psc=1"><img src="https://m.media-amazon.com/images/I/41+givs3UpL._SL500_.jpg" alt="Product Image"></a><p>AMZCHEF Cold Press Juicer, Juicer Machines - 5.2" Large Feed Chute for Whole Fruits & Vegetables, Stainless Steel Slow Masticating Juicer Easy to Clean, Large Auger, Double Strainers, Silver</p><p> -30% 0FF </p><p>$139.99</p><a href="https://www.amazon.com/dp/B0DCG5Y8QN?tag=eloabder-20&linkCode=osi&th=1&psc=1">View Product</a></div><div class="product"><a href="https://www.amazon.com/dp/B0DKHPRPC3?tag=eloabder-20&linkCode=osi&th=1&psc=1"><img src="https://m.media-amazon.com/images/I/41lpEOGVh0L._SL500_.jpg" alt="Product Image"></a><p>Cold Press Juicer, Masticating Juicer with 5.4" Wide Feed Chute, 350w Slow Juicer Machines Fit Whole Vegetables and Fruits,Juice Extractor Machine with High Juice Yield, Easy to Clean(Black)</p><p> -30% 0FF </p><p>$139.99</p><a href="https://www.amazon.com/dp/B0DKHPRPC3?tag=eloabder-20&linkCode=osi&th=1&psc=1">View Product</a></div>
<div class="product"><a href="https://www.amazon.com/dp/B006SODTTQ?tag=eloabder-20&linkCode=osi&th=1&psc=1"><img src="https://m.media-amazon.com/images/I/31namjfhGVL._SL500_.jpg" alt="Product Image"></a><p>nutribullet Baby BSR-0801N Turbo Food Steamer</p><p> -19% 0FF </p><p>$32.54</p><a href="https://www.amazon.com/dp/B006SODTTQ?tag=eloabder-20&linkCode=osi&th=1&psc=1">View Product</a></div><div class="product"><a href="https://www.amazon.com/dp/B0831SCHG8?tag=eloabder-20&linkCode=osi&th=1&psc=1"><img src="https://m.media-amazon.com/images/I/413VC6sZL1L._SL500_.jpg" alt="Product Image"></a><p>OVENTE 2 Tier Electric Food Steamer for Cooking Vegetables, Stainless Steel Base, Stackable and Dishwasher Safe Baskets, 400W with Auto Shutoff and 60-Minute Timer, 5 Quart Capacity, Silver FS62S</p><p> -24% 0FF </p><p>$24.99</p><a href="https://www.amazon.com/dp/B0831SCHG8?tag=eloabder-20&linkCode=osi&th=1&psc=1">View Product</a></div><div class="product"><a href="https://www.amazon.com/dp/B07H789X8M?tag=eloabder-20&linkCode=osi&th=1&psc=1"><img src="https://m.media-amazon.com/images/I/41HqkL3gJcL._SL500_.jpg" alt="Product Image"></a><p>Secura 2 Stainless Steel Food Steamer 8.5 Qt Electric Glass Lid Vegetable Steamer Double Tiered Stackable Baskets with Timer</p><p> -20% 0FF </p><p>$109.99</p><a href="https://www.amazon.com/dp/B07H789X8M?tag=eloabder-20&linkCode=osi&th=1&psc=1">View Product</a></div>
<div class="product"><a href="https://www.amazon.com/dp/B07L85NN3T?tag=eloabder-20&linkCode=osi&th=1&psc=1"><img src="https://m.media-amazon.com/images/I/31iMBZdBNVL._SL500_.jpg" alt="Product Image"></a><p>IMUSA USA GAU-18202 4 Cup Espresso/Cappuccino Maker,120 volts, Black</p><p> -25% 0FF </p><p>$29.99</p><a href="https://www.amazon.com/dp/B07L85NN3T?tag=eloabder-20&linkCode=osi&th=1&psc=1">View Product</a></div><div class="product"><a href="https://www.amazon.com/dp/B0D5QY4PY9?tag=eloabder-20&linkCode=osi&th=1&psc=1"><img src="https://m.media-amazon.com/images/I/41nFnfr1ZEL._SL500_.jpg" alt="Product Image"></a><p>CHULUX Kom-Pro Espresso Machine 20 Bar, Semi Automatic Stainless Steel Coffee Machine for Home Latte Cappuccino Espresso Maker, Powerful Milk Frother Steam Wand</p><p> -21% 0FF </p><p>$98.99</p><a href="https://www.amazon.com/dp/B0D5QY4PY9?tag=eloabder-20&linkCode=osi&th=1&psc=1">View Product</a></div><div class="product"><a href="https://www.amazon.com/dp/B0C3F2S53N?tag=eloabder-20&linkCode=osi&th=1&psc=1"><img src="https://m.media-amazon.com/images/I/415fcoCOhfL._SL500_.jpg" alt="Product Image"></a><p>Nespresso Vertuo Pop+ Deluxe Coffee and Espresso Machine by De'Longhi, 120 Volts, Silver</p><p> -27% 0FF </p><p>$109.00</p><a href="https://www.amazon.com/dp/B0C3F2S53N?tag=eloabder-20&linkCode=osi&th=1&psc=1">View Product</a></div><div class="product"><a href="https://www.amazon.com/dp/B0CPJ2XTXF?tag=eloabder-20&linkCode=osi&th=1&psc=1"><img src="https://m.media-amazon.com/images/I/41jHRzdDKAL._SL500_.jpg" alt="Product Image"></a><p>CHULUX Kompatto Espresso Machine 20 Bar with Milk Frother, Stainless Steel Automatic Espresso Coffee Machine for Home Latte & Cappuccino Maker, 40oz Removable Water Tank, 1350W</p><p> -25% 0FF </p><p>$89.99</p><a href="https://www.amazon.com/dp/B0CPJ2XTXF?tag=eloabder-20&linkCode=osi&th=1&psc=1">View Product</a></div><div class="product"><a href="https://www.amazon.com/dp/B0CZ6HQKZD?tag=eloabder-20&linkCode=osi&th=1&psc=1"><img src="https://m.media-amazon.com/images/I/51RRtyCyZlL._SL500_.jpg" alt="Product Image"></a><p>Ihomekee Espresso machine, CM6822 15 Bar Coffee Maker for Cappuccino and Latte Maker With Milk Frother, Removable Water Tank, Fast Heating Coffee Machine for Home, Office</p><p> -11% 0FF </p><p>$79.99</p><a href="https://www.amazon.com/dp/B0CZ6HQKZD?tag=eloabder-20&linkCode=osi&th=1&psc=1">View Product</a></div>
<div class="product"><a href="https://www.amazon.com/dp/B00C8C5I8M?tag=eloabder-20&linkCode=osi&th=1&psc=1"><img src="https://m.media-amazon.com/images/I/21w0+TOUozL._SL500_.jpg" alt="Product Image"></a><p>Elite Gourmet EDB-302BF Countertop Double Cast Iron Burner, 1500 Watts Electric Hot Plate, Temperature Controls, Power Indicator Lights, Easy to Clean, Black</p><p> -24% 0FF </p><p>$27.99</p><a href="https://www.amazon.com/dp/B00C8C5I8M?tag=eloabder-20&linkCode=osi&th=1&psc=1">View Product</a></div><div class="product"><a href="https://www.amazon.com/dp/B08V43S4MJ?tag=eloabder-20&linkCode=osi&th=1&psc=1"><img src="https://m.media-amazon.com/images/I/31fI1bV+ApL._SL500_.jpg" alt="Product Image"></a><p>OVENTE Countertop Infrared Single Burner, 1000W Electric Hot Plate with 7” Ceramic Glass Cooktop, 5 Level Temperature Setting & Easy to Clean Base, Compact Stove for Home Dorm Office, Black BGI101B</p><p> -29% 0FF </p><p>$24.99</p><a href="https://www.amazon.com/dp/B08V43S4MJ?tag=eloabder-20&linkCode=osi&th=1&psc=1">View Product</a></div><div class="product"><a href="https://www.amazon.com/dp/B07D71TD67?tag=eloabder-20&linkCode=osi&th=1&psc=1"><img src="https://m.media-amazon.com/images/I/317DTFZe0AL._SL500_.jpg" alt="Product Image"></a><p>CUSIMAX Electric Hot Plate for Cooking Portable Single Burner 1500W Cast Iron hot plates Heat-up in Seconds Adjustable Temperature Control Stainless Steel Non-Slip Rubber Feet Upgraded Version B101</p><p> -30% 0FF </p><p>$41.96</p><a href="https://www.amazon.com/dp/B07D71TD67?tag=eloabder-20&linkCode=osi&th=1&psc=1">View Product</a></div><div class="product"><a href="https://www.amazon.com/dp/B08QMP7VD3?tag=eloabder-20&linkCode=osi&th=1&psc=1"><img src="https://m.media-amazon.com/images/I/41OrKZIVmpL._SL500_.jpg" alt="Product Image"></a><p>Mueller RapidTherm Portable Induction Cooktop, Hot Plate Electric Stove Top Burner 1800W, 8 Temp Levels up to 460°F, Auto-Off & Pot Detection, LED Display, Child Lock, 4 Programs, Burners for Cooking</p><p> -10% 0FF </p><p>$53.97</p><a href="https://www.amazon.com/dp/B08QMP7VD3?tag=eloabder-20&linkCode=osi&th=1&psc=1">View Product</a></div><div class="product"><a href="https://www.amazon.com/dp/B0007QCRNU?tag=eloabder-20&linkCode=osi&th=1&psc=1"><img src="https://m.media-amazon.com/images/I/31-Ehn2oohL._SL500_.jpg" alt="Product Image"></a><p>Aroma Housewares AHP-303 Single Burner Hot Plate, Metal, Black</p><p> -9% 0FF </p><p>$18.21</p><a href="https://www.amazon.com/dp/B0007QCRNU?tag=eloabder-20&linkCode=osi&th=1&psc=1">View Product</a></div><div class="product"><a href="https://www.amazon.com/dp/B08WR5VF24?tag=eloabder-20&linkCode=osi&th=1&psc=1"><img src="https://m.media-amazon.com/images/I/41z751CI4eL._SL500_.jpg" alt="Product Image"></a><p>OVENTE Electric Countertop Single Burner, 1000W Cooktop with 7.25 Inch Cast Iron Hot Plate, 5 Level Temperature Control, Compact Cooking Stove and Easy to Clean Stainless Steel Base, Silver BGS101S</p><p> -7% 0FF </p><p>$24.99</p><a href="https://www.amazon.com/dp/B08WR5VF24?tag=eloabder-20&linkCode=osi&th=1&psc=1">View Product</a></div>
<div class="product"><a href="https://www.amazon.com/dp/B01GD1JSZM?tag=eloabder-20&linkCode=osi&th=1&psc=1"><img src="https://m.media-amazon.com/images/I/31SlYF1eXnL._SL500_.jpg" alt="Product Image"></a><p>Presto 16-Inch Electric Skillet, Grey Ceramic</p><p> -26% 0FF </p><p>$48.90</p><a href="https://www.amazon.com/dp/B01GD1JSZM?tag=eloabder-20&linkCode=osi&th=1&psc=1">View Product</a></div><div class="product"><a href="https://www.amazon.com/dp/B00FJ3NSCK?tag=eloabder-20&linkCode=osi&th=1&psc=1"><img src="https://m.media-amazon.com/images/I/31+AWuZl9ML._SL500_.jpg" alt="Product Image"></a><p>BELLA Electric Skillet and Frying Pan with Glass Lid, Nonstick Coating, Cool Touch Handles, Removable Heating Probe, Dishwasher Safe, 12 x 12 inch, Black</p><p> -23% 0FF </p><p>$26.99</p><a href="https://www.amazon.com/dp/B00FJ3NSCK?tag=eloabder-20&linkCode=osi&th=1&psc=1">View Product</a></div><div class="product"><a href="https://www.amazon.com/dp/B004PEIY9G?tag=eloabder-20&linkCode=osi&th=1&psc=1"><img src="https://m.media-amazon.com/images/I/31oFk81gjbL._SL500_.jpg" alt="Product Image"></a><p>BLACK+DECKER Electric Skillet, Variable Temperature Control, Nonstick Cooking Surface, Dishwasher Safe, Tempered Glass Lid, 12"x15"</p><p> -7% 0FF </p><p>$46.39</p><a href="https://www.amazon.com/dp/B004PEIY9G?tag=eloabder-20&linkCode=osi&th=1&psc=1">View Product</a></div>
<div class="product"><a href="https://www.amazon.com/dp/B07K1FCZLF?tag=eloabder-20&linkCode=osi&th=1&psc=1"><img src="https://m.media-amazon.com/images/I/41A489usqJL._SL500_.jpg" alt="Product Image"></a><p>OVENTE Electric Griddle with 16 x 10 Inch Flat Non-Stick Cooking Surface, Adjustable Thermostat, Essential Indoor Grill for Instant Breakfast Pancakes Burgers Eggs, Black GD1610B</p><p> -6% 0FF </p><p>$21.02</p><a href="https://www.amazon.com/dp/B07K1FCZLF?tag=eloabder-20&linkCode=osi&th=1&psc=1">View Product</a></div><div class="product"><a href="https://www.amazon.com/dp/B01G7DM7X6?tag=eloabder-20&linkCode=osi&th=1&psc=1"><img src="https://m.media-amazon.com/images/I/31MeKzHffDL._SL500_.jpg" alt="Product Image"></a><p>Presto 07062-22-Inch Ceramic Removable Handles Electric Griddle, 22 Inch, Black</p><p> -13% 0FF </p><p>$51.99</p><a href="https://www.amazon.com/dp/B01G7DM7X6?tag=eloabder-20&linkCode=osi&th=1&psc=1">View Product</a></div><div class="product"><a href="https://www.amazon.com/dp/B0765XJ31G?tag=eloabder-20&linkCode=osi&th=1&psc=1"><img src="https://m.media-amazon.com/images/I/31QCHjFop2L._SL500_.jpg" alt="Product Image"></a><p>BLACK+DECKER 8-Serving Electric Griddle, GD2051B, Non-Stick Cooking Surface, Warming Tray, Removable Drip Tray, Family Sized</p><p> -26% 0FF </p><p>$40.72 ($40.72 / Count)</p><a href="https://www.amazon.com/dp/B0765XJ31G?tag=eloabder-20&linkCode=osi&th=1&psc=1">View Product</a></div><div class="product"><a href="https://www.amazon.com/dp/B0BH9DK283?tag=eloabder-20&linkCode=osi&th=1&psc=1"><img src="https://m.media-amazon.com/images/I/41PvXG2lP0L._SL500_.jpg" alt="Product Image"></a><p>BELLA Electric Griddle & Flat Grill with Nonstick Large Cooking Surface and Removable Probe for Eggs, Tortillas, Pancake and more, 10.5" x 20", Black</p><p> -34% 0FF </p><p>$19.78</p><a href="https://www.amazon.com/dp/B0BH9DK283?tag=eloabder-20&linkCode=osi&th=1&psc=1">View Product</a></div><div class="product"><a href="https://www.amazon.com/dp/B0051XSIO6?tag=eloabder-20&linkCode=osi&th=1&psc=1"><img src="https://m.media-amazon.com/images/I/41xVHW6OqdL._SL500_.jpg" alt="Product Image"></a><p>Presto 07047 Cool Touch Electric Griddle</p><p> -18% 0FF </p><p>$36.73</p><a href="https://www.amazon.com/dp/B0051XSIO6?tag=eloabder-20&linkCode=osi&th=1&psc=1">View Product</a></div>
<div class="product"><a href="https://www.amazon.com/dp/B01FLR0ET8?tag=eloabder-20&linkCode=osi&th=1&psc=1"><img src="https://m.media-amazon.com/images/I/41Vqjrj43GL._SL500_.jpg" alt="Product Image"></a><p>Duxtop Portable Induction Cooktop Burner, Induction Hot Plate with LCD Sensor Touch 1800 Watts, Silver 9600LS/BT-200DZ</p><p> -28% 0FF </p><p>$109.29</p><a href="https://www.amazon.com/dp/B01FLR0ET8?tag=eloabder-20&linkCode=osi&th=1&psc=1">View Product</a></div><div class="product"><a href="https://www.amazon.com/dp/B0C7HL4GHP?tag=eloabder-20&linkCode=osi&th=1&psc=1"><img src="https://m.media-amazon.com/images/I/41-D+rnAOVL._SL500_.jpg" alt="Product Image"></a><p>Nuwave Precision Induction Cooktop Gold, 12” Shatter-Proof Ceramic Glass Surface, Large 8” Heating Coil, Portable, 51Temp Settings 100°F to 575°F, 3 Wattage Settings 600, 900, and 1500 Watts</p><p> -10% 0FF </p><p>$89.99</p><a href="https://www.amazon.com/dp/B0C7HL4GHP?tag=eloabder-20&linkCode=osi&th=1&psc=1">View Product</a></div><div class="product"><a href="https://www.amazon.com/dp/B0045QEPYM?tag=eloabder-20&linkCode=osi&th=1&psc=1"><img src="https://m.media-amazon.com/images/I/41cdyP4hsFL._SL500_.jpg" alt="Product Image"></a><p>Duxtop 1800W Portable Induction Cooktop Countertop Burner, Gold 8100MC/BT-180G3</p><p> -15% 0FF </p><p>$62.99</p><a href="https://www.amazon.com/dp/B0045QEPYM?tag=eloabder-20&linkCode=osi&th=1&psc=1">View Product</a></div><div class="product"><a href="https://www.amazon.com/dp/B0BSG6JTC1?tag=eloabder-20&linkCode=osi&th=1&psc=1"><img src="https://m.media-amazon.com/images/I/41DhHtBXtUL._SL500_.jpg" alt="Product Image"></a><p>Nuwave Double Induction Cooktop, Powerful 1800W, 2 Large 8” Heating Coils, Independent Controls, 94 Temp Settings from 100°F to 575°F in 5°F Increments, 2 x 11.5” Shatter-Proof Ceramic Glass Surface</p><p> -13% 0FF </p><p>$200.31</p><a href="https://www.amazon.com/dp/B0BSG6JTC1?tag=eloabder-20&linkCode=osi&th=1&psc=1">View Product</a></div><div class="product"><a href="https://www.amazon.com/dp/B0B4J6PXPN?tag=eloabder-20&linkCode=osi&th=1&psc=1"><img src="https://m.media-amazon.com/images/I/41kump2F4aL._SL500_.jpg" alt="Product Image"></a><p>ChangBERT Induction Cooktop, Commercial Grade Portable Cooker, Large 8” Heating Coil, 18/10 Stainless Steel Countertop Burner with NSF Certified, 10 Hours Timer, Powerful 1800W Professional Hot Plate</p><p> -23% 0FF </p><p>$119.99</p><a href="https://www.amazon.com/dp/B0B4J6PXPN?tag=eloabder-20&linkCode=osi&th=1&psc=1">View Product</a></div>
<div class="product"><a href="https://www.amazon.com/dp/B09Q88QQHL?tag=eloabder-20&linkCode=osi&th=1&psc=1"><img src="https://m.media-amazon.com/images/I/41cDQKq5xXL._SL500_.jpg" alt="Product Image"></a><p>Gevi One-Touch Button Electric Coffee Grinder Coffee Bean Grinder for Coffee Espresso Latte Mochas, Noiseless Operation Coffee Serving Sets</p><p> -22% 0FF </p><p>$12.99 ($12.99 / 1)</p><a href="https://www.amazon.com/dp/B09Q88QQHL?tag=eloabder-20&linkCode=osi&th=1&psc=1">View Product</a></div><div class="product"><a href="https://www.amazon.com/dp/B079PMWD1B?tag=eloabder-20&linkCode=osi&th=1&psc=1"><img src="https://m.media-amazon.com/images/I/41bLrL-p8jL._SL500_.jpg" alt="Product Image"></a><p>Secura Electric Coffee Grinder and Spice Grinder with 2 Stainless Steel Blades Removable Bowls</p><p> -27% 0FF </p><p>$39.99</p><a href="https://www.amazon.com/dp/B079PMWD1B?tag=eloabder-20&linkCode=osi&th=1&psc=1">View Product</a></div><div class="product"><a href="https://www.amazon.com/dp/B07LG33LV3?tag=eloabder-20&linkCode=osi&th=1&psc=1"><img src="https://m.media-amazon.com/images/I/415qB6lyWgL._SL500_.jpg" alt="Product Image"></a><p>SHARDOR Coffee Grinder Electric, Spice Grinder Electric, Herb Grinder, Grinder for Coffee Bean Spices and Seeds with 2 Removable Stainless Steel Bowls, Black</p><p> -15% 0FF </p><p>$39.99</p><a href="https://www.amazon.com/dp/B07LG33LV3?tag=eloabder-20&linkCode=osi&th=1&psc=1">View Product</a></div><div class="product"><a href="https://www.amazon.com/dp/B00LU2I46E?tag=eloabder-20&linkCode=osi&th=1&psc=1"><img src="https://m.media-amazon.com/images/I/51eoYTzS22L._SL500_.jpg" alt="Product Image"></a><p>BLACK+DECKER 12-Cup Mill and Brew Coffe Maker, CM5000B, 24-Hour Programble, Built-in Grinder, Sneak-A-Cup, Permanent Washable Fitler</p><p> -20% 0FF </p><p>$79.99</p><a href="https://www.amazon.com/dp/B00LU2I46E?tag=eloabder-20&linkCode=osi&th=1&psc=1">View Product</a></div>
<div class="product"><a href="https://www.amazon.com/dp/B07GK7XKJK?tag=eloabder-20&linkCode=osi&th=1&psc=1"><img src="https://m.media-amazon.com/images/I/41MydiUACIL._SL500_.jpg" alt="Product Image"></a><p>KitchenAid KSMMGA Metal Food Grinder Attachment, Silver</p><p> -25% 0FF </p><p>$74.95</p><a href="https://www.amazon.com/dp/B07GK7XKJK?tag=eloabder-20&linkCode=osi&th=1&psc=1">View Product</a></div><div class="product"><a href="https://www.amazon.com/dp/B0CFXXGRLX?tag=eloabder-20&linkCode=osi&th=1&psc=1"><img src="https://m.media-amazon.com/images/I/41C1H8gjr9L._SL500_.jpg" alt="Product Image"></a><p>Electric Meat Grinder, Sausage Stuffer Maker 450W(3000W Max) Food Grinder with Blade & 3 Plates, Sausage Stuffer Tubes & Kubbe Kit, Stainless Steel Heavy Duty Meat Mincer Machine for Home Kitchen Use</p><p> -14% 0FF </p><p>$69.99</p><a href="https://www.amazon.com/dp/B0CFXXGRLX?tag=eloabder-20&linkCode=osi&th=1&psc=1">View Product</a></div><div class="product"><a href="https://www.amazon.com/dp/B0DCVND85W?tag=eloabder-20&linkCode=osi&th=1&psc=1"><img src="https://m.media-amazon.com/images/I/41P1HRElb0L._SL500_.jpg" alt="Product Image"></a><p>AAOBOSI Meat Grinder, 4-In-1 Meat Grinder Electric [2800W Max] with 3 Slice, Shred Blades,2 Blades,4 Plates,Sausage Stuffer,Kubbe Kit, for Home Kitchen Use, Stainless Steel</p><p> -9% 0FF </p><p>$99.99</p><a href="https://www.amazon.com/dp/B0DCVND85W?tag=eloabder-20&linkCode=osi&th=1&psc=1">View Product</a></div><div class="product"><a href="https://www.amazon.com/dp/B08GHFBX7P?tag=eloabder-20&linkCode=osi&th=1&psc=1"><img src="https://m.media-amazon.com/images/I/41go97GVl0L._SL500_.jpg" alt="Product Image"></a><p>Electric Meat Grinder, Heavy Duty Meat Mincer, Sausage Stuffer Maker, Food Grinder with Sausage & Kubbe Kit, 2 Grinder Plates, Stainless Steel (Black)</p><p> -22% 0FF </p><p>$69.99</p><a href="https://www.amazon.com/dp/B08GHFBX7P?tag=eloabder-20&linkCode=osi&th=1&psc=1">View Product</a></div>
<div class="product"><a href="https://www.amazon.com/dp/B0BXXKFJK2?tag=eloabder-20&linkCode=osi&th=1&psc=1"><img src="https://m.media-amazon.com/images/I/41WmZf5IgvL._SL500_.jpg" alt="Product Image"></a><p>Silonn Ice Maker Countertop, Portable Ice Machine with Carry Handle, Self-Cleaning Ice Makers with Basket and Scoop, 9 Cubes in 6 Mins, 26 lbs per Day, Ideal for Home, Kitchen, Camping, RV</p><p> -6% 0FF </p><p>$103.02</p><a href="https://www.amazon.com/dp/B0BXXKFJK2?tag=eloabder-20&linkCode=osi&th=1&psc=1">View Product</a></div><div class="product"><a href="https://www.amazon.com/dp/B0DBHN7WSN?tag=eloabder-20&linkCode=osi&th=1&psc=1"><img src="https://m.media-amazon.com/images/I/411SrTdFoYL._SL500_.jpg" alt="Product Image"></a><p>Nugget Ice Makers Countertop with Soft Chewable Pellet Ice, 7 Mins Ice Making, 35.5Lbs/24Hrs, Pebble Ice Maker Machine with Self-Cleaning/Ice Basket/Ice Scoop for Home/Office/Bar, Black</p><p> -12% 0FF </p><p>$149.00</p><a href="https://www.amazon.com/dp/B0DBHN7WSN?tag=eloabder-20&linkCode=osi&th=1&psc=1">View Product</a></div><div class="product"><a href="https://www.amazon.com/dp/B08ZYJ8CRX?tag=eloabder-20&linkCode=osi&th=1&psc=1"><img src="https://m.media-amazon.com/images/I/41oHlJFaHrL._SL500_.jpg" alt="Product Image"></a><p>Silonn Ice Maker Countertop, 9 Cubes Ready in 6 Mins, 26lbs in 24Hrs, Self-Cleaning Ice Machine with Ice Scoop and Basket, 2 Sizes of Bullet Ice for Home Kitchen Office Bar Party</p><p> -23% 0FF </p><p>$84.98</p><a href="https://www.amazon.com/dp/B08ZYJ8CRX?tag=eloabder-20&linkCode=osi&th=1&psc=1">View Product</a></div><div class="product"><a href="https://www.amazon.com/dp/B0964BF4N7?tag=eloabder-20&linkCode=osi&th=1&psc=1"><img src="https://m.media-amazon.com/images/I/41P6Pg4IlDL._SL500_.jpg" alt="Product Image"></a><p>GE Profile Opal 2.0 with 0.75 Gallon Tank, Chewable Crunchable Countertop Nugget Ice Maker, Scoop included, 38 lbs in 24 hours, Pellet Ice Machine with WiFi & Smart Connected, Stainless Steel</p><p> -19% 0FF </p><p>$487.00</p><a href="https://www.amazon.com/dp/B0964BF4N7?tag=eloabder-20&linkCode=osi&th=1&psc=1">View Product</a></div><div class="product"><a href="https://www.amazon.com/dp/B004VV8GOQ?tag=eloabder-20&linkCode=osi&th=1&psc=1"><img src="https://m.media-amazon.com/images/I/417MZhHcvfL._SL500_.jpg" alt="Product Image"></a><p>Frigidaire EFIC103-AMZ-SC Counter Top Maker with Over-Sized Ice Bucket, Stainless Steel, Self Cleaning Function, Heavy Duty, Stainless</p><p> -31% 0FF </p><p>$89.96</p><a href="https://www.amazon.com/dp/B004VV8GOQ?tag=eloabder-20&linkCode=osi&th=1&psc=1">View Product</a></div><div class="product"><a href="https://www.amazon.com/dp/B0CNVL19YJ?tag=eloabder-20&linkCode=osi&th=1&psc=1"><img src="https://m.media-amazon.com/images/I/415SM2A141L._SL500_.jpg" alt="Product Image"></a><p>AGLUCKY Ice Makers Countertop with Handle,26.5Lbs/24H,9 Cubes in 6 Mins,2 Sizes of Bullet Ice,Portable Ice Maker Machine with Self-Cleaning,Perfect for Home Kitchen(Black)</p><p> -11% 0FF </p><p>$79.99</p><a href="https://www.amazon.com/dp/B0CNVL19YJ?tag=eloabder-20&linkCode=osi&th=1&psc=1">View Product</a></div><div class="product"><a href="https://www.amazon.com/dp/B0BPSW1K11?tag=eloabder-20&linkCode=osi&th=1&psc=1"><img src="https://m.media-amazon.com/images/I/41+T7GsSO2L._SL500_.jpg" alt="Product Image"></a><p>Countertop Ice Maker, Ice Maker Machine 6 Mins 9 Ice, 26.5lbs/24Hrs, Portable Ice Maker Machine with Self-Cleaning, Ice Scoop, and Basket, Compact Ice Maker for Home/Kitchen/Office/Party</p><p> -10% 0FF </p><p>$89.99</p><a href="https://www.amazon.com/dp/B0BPSW1K11?tag=eloabder-20&linkCode=osi&th=1&psc=1">View Product</a></div>
<div class="product"><a href="https://www.amazon.com/dp/B08K93NJP8?tag=eloabder-20&linkCode=osi&th=1&psc=1"><img src="https://m.media-amazon.com/images/I/41RhvK8Yd4L._SL500_.jpg" alt="Product Image"></a><p>ROVSUN 18 Bottle Wine Fridge, Freestanding Compressor Wine Cooler Refrigerator, Beverage Wine Chiller with Digital Temperature Control & Double-layer Glass Door for Red White Wine, Champagne, Beer</p><p> -11% 0FF </p><p>$169.99</p><a href="https://www.amazon.com/dp/B08K93NJP8?tag=eloabder-20&linkCode=osi&th=1&psc=1">View Product</a></div><div class="product"><a href="https://www.amazon.com/dp/B00QSJRSM0?tag=eloabder-20&linkCode=osi&th=1&psc=1"><img src="https://m.media-amazon.com/images/I/31Ugidkf02L._SL500_.jpg" alt="Product Image"></a><p>Koolatron 6 Bottle Refrigerator Black Thermoelectric Wine cooler Freestanding Wine Cellar Red White and Sparkling Wine fridge Ideal for Small Kitchens Apartments RVs</p><p> -35% 0FF </p><p>$129.99</p><a href="https://www.amazon.com/dp/B00QSJRSM0?tag=eloabder-20&linkCode=osi&th=1&psc=1">View Product</a></div><div class="product"><a href="https://www.amazon.com/dp/B00QSJRR4Y?tag=eloabder-20&linkCode=osi&th=1&psc=1"><img src="https://m.media-amazon.com/images/I/41UPTwoGc7L._SL500_.jpg" alt="Product Image"></a><p>Koolatron 20 Bottle Refrigerator Wine Cooler Black Thermoelectric Wine Fridge Under Counter Wine Cellar for Red White Sparkling Wine Storage in Home Bar Apartment</p><p> -33% 0FF </p><p>$199.99</p><a href="https://www.amazon.com/dp/B00QSJRR4Y?tag=eloabder-20&linkCode=osi&th=1&psc=1">View Product</a></div><div class="product"><a href="https://www.amazon.com/dp/B0CQYFQKFX?tag=eloabder-20&linkCode=osi&th=1&psc=1"><img src="https://m.media-amazon.com/images/I/41ckgpC+TLL._SL500_.jpg" alt="Product Image"></a><p>Kalamera Mini Fridge 24” Beverage and Wine Cooler Built-in or Freestanding - 118 Cans & 16 Bottles Capacity Wine Refrigerator Cooler</p><p> -20% 0FF </p><p>$479.98</p><a href="https://www.amazon.com/dp/B0CQYFQKFX?tag=eloabder-20&linkCode=osi&th=1&psc=1">View Product</a></div>
<div class="product"><a href="https://www.amazon.com/dp/B0CHW317SG?tag=eloabder-20&linkCode=osi&th=1&psc=1"><img src="https://m.media-amazon.com/images/I/41KZKC5wMwL._SL500_.jpg" alt="Product Image"></a><p>EUHOMY 48 Can Beverage Refrigerator cooler-Mini Fridge Glass Door for Beer Drinks Wines, Countertop Beverage Fridge with Adjustable Shelves Blue LED for Home/Office/Dorm/Bar, 1.3 cu.ft</p><p> -20% 0FF </p><p>$116.09</p><a href="https://www.amazon.com/dp/B0CHW317SG?tag=eloabder-20&linkCode=osi&th=1&psc=1">View Product</a></div><div class="product"><a href="https://www.amazon.com/dp/B0DGLF3KJY?tag=eloabder-20&linkCode=osi&th=1&psc=1"><img src="https://m.media-amazon.com/images/I/51GSGBxBzSL._SL500_.jpg" alt="Product Image"></a><p>Zibbizo Upgraded Mini Fridge for Bedroom 3.2 Cu.Ft Small Refrigerator with Freezer for Dorm Office, Compact Single Door Adjustable Thermostat Low Noise, 17.5" D x 17.7" W x 31.5" H, Black</p><p> -10% 0FF </p><p>$134.99</p><a href="https://www.amazon.com/dp/B0DGLF3KJY?tag=eloabder-20&linkCode=osi&th=1&psc=1">View Product</a></div><div class="product"><a href="https://www.amazon.com/dp/B08NQ5CPPG?tag=eloabder-20&linkCode=osi&th=1&psc=1"><img src="https://m.media-amazon.com/images/I/31t78TW8XCL._SL500_.jpg" alt="Product Image"></a><p>Frigidaire EFMIS175 Retro 9-Can Mini Personal Fridge Portable Cooler for Car, Office, Bedroom, Dorm Room, or Cabin, 11.8"D x 7.1"W x 10.1"H, Pink</p><p> -17% 0FF </p><p>$33.13</p><a href="https://www.amazon.com/dp/B08NQ5CPPG?tag=eloabder-20&linkCode=osi&th=1&psc=1">View Product</a></div><div class="product"><a href="https://www.amazon.com/dp/B09DTM1NZW?tag=eloabder-20&linkCode=osi&th=1&psc=1"><img src="https://m.media-amazon.com/images/I/311losY-FFL._SL500_.jpg" alt="Product Image"></a><p>FRIGIDAIRE Black EFR176- AMZ Retro Mini Refrigerator-Energy Saving-Adjustable Thermostat Control-Side Mounted Bottle Opener-Ideal for Dorm, Office, RV, Garage, Apartment 1.6 Cubic Feet</p><p> -12% 0FF </p><p>$123.14</p><a href="https://www.amazon.com/dp/B09DTM1NZW?tag=eloabder-20&linkCode=osi&th=1&psc=1">View Product</a></div>
<div class="product"><a href="https://www.amazon.com/dp/B000EW7LGA?tag=eloabder-20&linkCode=osi&th=1&psc=1"><img src="https://m.media-amazon.com/images/I/31RD0Qf0CyL._SL500_.jpg" alt="Product Image"></a><p>InSinkErator Badger 5XP Garbage Disposal, Standard Series 3/4 HP Continuous Feed Food Waste Disposer, Black / Stainless</p><p> -56% 0FF </p><p>$119.99</p><a href="https://www.amazon.com/dp/B000EW7LGA?tag=eloabder-20&linkCode=osi&th=1&psc=1">View Product</a></div><div class="product"><a href="https://www.amazon.com/dp/B000LNIK6C?tag=eloabder-20&linkCode=osi&th=1&psc=1"><img src="https://m.media-amazon.com/images/I/41r60mVDVjL._SL500_.jpg" alt="Product Image"></a><p>Waste King 1/2 HP Garbage Disposal with Power Cord for Kitchen Sink Food Waste, L-1001</p><p> -11% 0FF </p><p>$78.03</p><a href="https://www.amazon.com/dp/B000LNIK6C?tag=eloabder-20&linkCode=osi&th=1&psc=1">View Product</a></div><div class="product"><a href="https://www.amazon.com/dp/B00004U9JO?tag=eloabder-20&linkCode=osi&th=1&psc=1"><img src="https://m.media-amazon.com/images/I/31rMP7d81sL._SL500_.jpg" alt="Product Image"></a><p>InSinkErator Badger 5 Garbage Disposal, Standard Series 1/2 HP Continuous Feed Food Waste Disposer, Black, Set of 1</p><p> -41% 0FF </p><p>$115.96</p><a href="https://www.amazon.com/dp/B00004U9JO?tag=eloabder-20&linkCode=osi&th=1&psc=1">View Product</a></div><div class="product"><a href="https://www.amazon.com/dp/B0CDMH8PVY?tag=eloabder-20&linkCode=osi&th=1&psc=1"><img src="https://m.media-amazon.com/images/I/31LFQmfgZHL._SL500_.jpg" alt="Product Image"></a><p>InSinkErator EVOLUTION 0.75HP 3/4 HP, Advanced Series EZ Connect Continuous Feed Food Waste Garbage Disposal, Gray</p><p> -41% 0FF </p><p>$235.42</p><a href="https://www.amazon.com/dp/B0CDMH8PVY?tag=eloabder-20&linkCode=osi&th=1&psc=1">View Product</a></div><div class="product"><a href="https://www.amazon.com/dp/B0CDMH72DY?tag=eloabder-20&linkCode=osi&th=1&psc=1"><img src="https://m.media-amazon.com/images/I/311HrVUr9jL._SL500_.jpg" alt="Product Image"></a><p>InSinkErator Power 1HP, 1 HP Garbage Disposal, Power Series EZ Connect Continuous Feed Food Waste Disposer, Black</p><p> -44% 0FF </p><p>$199.36</p><a href="https://www.amazon.com/dp/B0CDMH72DY?tag=eloabder-20&linkCode=osi&th=1&psc=1">View Product</a></div>
<div class="product"><a href="https://www.amazon.com/dp/B07RSZSYNC?tag=eloabder-20&linkCode=osi&th=1&psc=1"><img src="https://m.media-amazon.com/images/I/41R-l5eAIuL._SL500_.jpg" alt="Product Image"></a><p>LEVOIT Core 300-P Air Purifier Replacement Filter, 3-In-1 Filter, Efficiency Activated Carbon, Core 300-RF, 1 Pack, White</p><p> -20% 0FF </p><p>$23.99</p><a href="https://www.amazon.com/dp/B07RSZSYNC?tag=eloabder-20&linkCode=osi&th=1&psc=1">View Product</a></div>
<div class="product"><a href="https://www.amazon.com/dp/B07T2TYPSB?tag=eloabder-20&linkCode=osi&th=1&psc=1"><img src="https://m.media-amazon.com/images/I/41ZBBLMHatL._SL500_.jpg" alt="Product Image"></a><p>Schneider Industries Micro Vacuum Attachment 7 Piece Kit</p><p> -37% 0FF </p><p>$8.87</p><a href="https://www.amazon.com/dp/B07T2TYPSB?tag=eloabder-20&linkCode=osi&th=1&psc=1">View Product</a></div><div class="product"><a href="https://www.amazon.com/dp/B000BSJCLY?tag=eloabder-20&linkCode=osi&th=1&psc=1"><img src="https://m.media-amazon.com/images/I/41AoF04bprL._SL500_.jpg" alt="Product Image"></a><p>Schneider Industries Micro Vacuum Attachment 7 Piece Kit, 0.5 Liters, Black</p><p> -27% 0FF </p><p>$9.95</p><a href="https://www.amazon.com/dp/B000BSJCLY?tag=eloabder-20&linkCode=osi&th=1&psc=1">View Product</a></div><div class="product"><a href="https://www.amazon.com/dp/B0CRN52G7Z?tag=eloabder-20&linkCode=osi&th=1&psc=1"><img src="https://m.media-amazon.com/images/I/41DuITrcwkL._SL500_.jpg" alt="Product Image"></a><p>KUIFORTI Ironing Board Covers Standard Size Cute Sewing Machine Pattern Ironing Board Covers with Padding Novelty Gifts for Tailor Seamstress Iron Board Cover Replacement</p><p> -19% 0FF </p><p>$12.99</p><a href="https://www.amazon.com/dp/B0CRN52G7Z?tag=eloabder-20&linkCode=osi&th=1&psc=1">View Product</a></div><div class="product"><a href="https://www.amazon.com/dp/B09LM5F3TM?tag=eloabder-20&linkCode=osi&th=1&psc=1"><img src="https://m.media-amazon.com/images/I/31V8xl2YzoL._SL500_.jpg" alt="Product Image"></a><p>JUKI A9838-090-0A0 JUKI Professional Sewing Machine Zipper Press</p><p> -5% 0FF </p><p>$9.48</p><a href="https://www.amazon.com/dp/B09LM5F3TM?tag=eloabder-20&linkCode=osi&th=1&psc=1">View Product</a></div>
<div class="product"><a href="https://www.amazon.com/dp/B0932K1LR7?tag=eloabder-20&linkCode=osi&th=1&psc=1"><img src="https://m.media-amazon.com/images/I/21feg31K-AS._SL500_.jpg" alt="Product Image"></a><p>LG Styler Steam Closet | Clothes Steamer for Garments and Household Item Care | Sanitize, Deodorize, Freshen & Dry with Steam Technology & Moving Hangers| Easy Install | Wi-Fi enabled| Mirror (S3MFBN)</p><p> -12% 0FF </p><p>$1,495.00</p><a href="https://www.amazon.com/dp/B0932K1LR7?tag=eloabder-20&linkCode=osi&th=1&psc=1">View Product</a></div><div class="product"><a href="https://www.amazon.com/dp/B0CDN1RB64?tag=eloabder-20&linkCode=osi&th=1&psc=1"><img src="https://m.media-amazon.com/images/I/31piNYNA75L._SL500_.jpg" alt="Product Image"></a><p>LG Styler Steam Closet with TrueSteam Technology and Exclusive Moving Hangers (S5WBC), Cream White</p><p> -32% 0FF </p><p>$1,298.00</p><a href="https://www.amazon.com/dp/B0CDN1RB64?tag=eloabder-20&linkCode=osi&th=1&psc=1">View Product</a></div><div class="product"><a href="https://www.amazon.com/dp/B0C55F8L9V?tag=eloabder-20&linkCode=osi&th=1&psc=1"><img src="https://m.media-amazon.com/images/I/31WVZxkPdLL._SL500_.jpg" alt="Product Image"></a><p>Garment Steamer Ironing Gloves and Garment hanger for steaming clothes,Steam rack for clothes,Handheld garment steamer rack,Clothes hanger for steam ironing</p><p> -10% 0FF </p><p>$26.99</p><a href="https://www.amazon.com/dp/B0C55F8L9V?tag=eloabder-20&linkCode=osi&th=1&psc=1">View Product</a></div>

<div class="product"><a href="https://www.amazon.com/dp/B0C2CJWJKJ?tag=eloabder-20&linkCode=osi&th=1&psc=1"><img src="https://m.media-amazon.com/images/I/51RVoLJhhmL._SL500_.jpg" alt="Product Image"></a><p>Metal Pasta Maker Attachment for KitchenAid Mixers -Kitchen aid Mixer Accessories Pasta Attachment 3-in-1 Includes Pasta Roller, Spaghetti Cutter, and Fettuccine Cutter</p><p> -11% 0FF </p><p>$79.99</p><a href="https://www.amazon.com/dp/B0C2CJWJKJ?tag=eloabder-20&linkCode=osi&th=1&psc=1">View Product</a></div><div class="product"><a href="https://www.amazon.com/dp/B01ENK4UV2?tag=eloabder-20&linkCode=osi&th=1&psc=1"><img src="https://m.media-amazon.com/images/I/314A-DNnPtL._SL500_.jpg" alt="Product Image"></a><p>KitchenAid KSMPEXTA Gourmet Pasta Press Attachment with 6 Interchangeable Pasta Plates, White</p><p> -23% 0FF </p><p>$169.99</p><a href="https://www.amazon.com/dp/B01ENK4UV2?tag=eloabder-20&linkCode=osi&th=1&psc=1">View Product</a></div><div class="product"><a href="https://www.amazon.com/dp/B0D41P1V2X?tag=eloabder-20&linkCode=osi&th=1&psc=1"><img src="https://m.media-amazon.com/images/I/41HVCvDVCtL._SL500_.jpg" alt="Product Image"></a><p>FavorKit Pasta Maker Attachment 3 in 1 Set Compatible for KitchenAid Mixers Plus Hub Knob Screw Accessory Included Pasta Sheet Roller, Spaghetti Cutter, Fettuccine Cutter and Cleaning Brush</p><p> -45% 0FF </p><p>$59.99</p><a href="https://www.amazon.com/dp/B0D41P1V2X?tag=eloabder-20&linkCode=osi&th=1&psc=1">View Product</a></div><div class="product"><a href="https://www.amazon.com/dp/B08LX43YVF?tag=eloabder-20&linkCode=osi&th=1&psc=1"><img src="https://m.media-amazon.com/images/I/311wopN+2tL._SL500_.jpg" alt="Product Image"></a><p>Cuisinart Bread, Pasta & Dough Maker Machine, White, PM-1</p><p> -28% 0FF </p><p>$143.99</p><a href="https://www.amazon.com/dp/B08LX43YVF?tag=eloabder-20&linkCode=osi&th=1&psc=1">View Product</a></div><div class="product"><a href="https://www.amazon.com/dp/B0DJMC1XJ8?tag=eloabder-20&linkCode=osi&th=1&psc=1"><img src="https://m.media-amazon.com/images/I/31xmE4brazL._SL500_.jpg" alt="Product Image"></a><p>Pasta Maker Attachment for KitchenAid Stand Mixers with 6 Different Shapes of Pasta Outlet, Durable Pasta Press Attachments</p><p> -44% 0FF </p><p>$49.99</p><a href="https://www.amazon.com/dp/B0DJMC1XJ8?tag=eloabder-20&linkCode=osi&th=1&psc=1">View Product</a></div>
<div class="product"><a href="https://www.amazon.com/dp/B0BQ9F56WV?tag=eloabder-20&linkCode=osi&th=1&psc=1"><img src="https://m.media-amazon.com/images/I/41B6Pr8rUVL._SL500_.jpg" alt="Product Image"></a><p>Anova Culinary Sous Vide Precision Cooker 3.0 (WiFi), 1100 Watts</p><p> -40% 0FF </p><p>$119.00</p><a href="https://www.amazon.com/dp/B0BQ9F56WV?tag=eloabder-20&linkCode=osi&th=1&psc=1">View Product</a></div><div class="product"><a href="https://www.amazon.com/dp/B09BJ5VGM4?tag=eloabder-20&linkCode=osi&th=1&psc=1"><img src="https://m.media-amazon.com/images/I/31lWAHFnoYL._SL500_.jpg" alt="Product Image"></a><p>Sous Vide Machines, Immersion Circulators, Precision Cooker, with Recipe,Temperature and Time Digital Display Control, 1000W</p><p> -17% 0FF </p><p>$49.77</p><a href="https://www.amazon.com/dp/B09BJ5VGM4?tag=eloabder-20&linkCode=osi&th=1&psc=1">View Product</a></div><div class="product"><a href="https://www.amazon.com/dp/B07RNWJZNR?tag=eloabder-20&linkCode=osi&th=1&psc=1"><img src="https://m.media-amazon.com/images/I/51RpzG8PCdL._SL500_.jpg" alt="Product Image"></a><p>Inkbird WIFI Sous Vide Machine ISV-100W, 1000 Watts Sous-Vide Cooker Immersion Circulator with 14 Preset Recipes on APP & Calibration Function, Thermal Immersion, Fast-Heating with Timer |Best Gift</p><p> -21% 0FF </p><p>$69.49</p><a href="https://www.amazon.com/dp/B07RNWJZNR?tag=eloabder-20&linkCode=osi&th=1&psc=1">View Product</a></div><div class="product"><a href="https://www.amazon.com/dp/B07QFC6LN6?tag=eloabder-20&linkCode=osi&th=1&psc=1"><img src="https://m.media-amazon.com/images/I/41XFRVF7U4L._SL500_.jpg" alt="Product Image"></a><p>Anova Culinary Sous Vide Precision Cooker Pro, 1200 Watts, Black and Silver</p><p> -42% 0FF </p><p>$231.50</p><a href="https://www.amazon.com/dp/B07QFC6LN6?tag=eloabder-20&linkCode=osi&th=1&psc=1">View Product</a></div><div class="product"><a href="https://www.amazon.com/dp/B0C384T4P2?tag=eloabder-20&linkCode=osi&th=1&psc=1"><img src="https://m.media-amazon.com/images/I/217eMQhOaUL._SL500_.jpg" alt="Product Image"></a><p>Breville the Joule Turbo Sous Vide Machine, Sous Vide Cooker, Immersion Circulator, BSV600PSS, Polished Stainless Steel</p><p> -20% 0FF </p><p>$199.99</p><a href="https://www.amazon.com/dp/B0C384T4P2?tag=eloabder-20&linkCode=osi&th=1&psc=1">View Product</a></div><div class="product"><a href="https://www.amazon.com/dp/B08S316BZ8?tag=eloabder-20&linkCode=osi&th=1&psc=1"><img src="https://m.media-amazon.com/images/I/419Nj871gPL._SL500_.jpg" alt="Product Image"></a><p>Greater Goods Kitchen Sous Vide Machine - Precision Cooker, Immersion Circulator, Brushless Motor, 1100 Watts (Onyx Black)</p><p> -23% 0FF </p><p>$99.99</p><a href="https://www.amazon.com/dp/B08S316BZ8?tag=eloabder-20&linkCode=osi&th=1&psc=1">View Product</a></div><div class="product"><a href="https://www.amazon.com/dp/B0BK12LRCM?tag=eloabder-20&linkCode=osi&th=1&psc=1"><img src="https://m.media-amazon.com/images/I/415kAnZQbQL._SL500_.jpg" alt="Product Image"></a><p>KitchenBoss WIFI Sous Vide Cooker: Ultra-Quiet Sous-vide Cooking Machine 1100 Watts Stainless Steel Immersion Circulator for Kitchen with TFT Preset Recipes, Black</p><p> -24% 0FF </p><p>$135.99</p><a href="https://www.amazon.com/dp/B0BK12LRCM?tag=eloabder-20&linkCode=osi&th=1&psc=1">View Product</a></div>
<div class="product"><a href="https://www.amazon.com/dp/B089DCC9JR?tag=eloabder-20&linkCode=osi&th=1&psc=1"><img src="https://m.media-amazon.com/images/I/413t3P7zaRL._SL500_.jpg" alt="Product Image"></a><p>Navaris Electric Plate Warmer - 10 Plate Blanket Heater Pockets for Warming Dinner Plates to 165 Degrees in 10 Minutes - Thin Folding Design - Black</p><p> -8% 0FF </p><p>$33.99</p><a href="https://www.amazon.com/dp/B089DCC9JR?tag=eloabder-20&linkCode=osi&th=1&psc=1">View Product</a></div>
<div class="product"><a href="https://www.amazon.com/dp/B0C1N9PFXT?tag=eloabder-20&linkCode=osi&th=1&psc=1"><img src="https://m.media-amazon.com/images/I/51iiV--e5wL._SL500_.jpg" alt="Product Image"></a><p>Christmas Stove Top Covers, Extra Large Stove Top Cover for Electric, Anti-Slip Waterproof Mat for Glass Stove Top Protector Heat Resistant Square Pad Multipurpose Foldable Cooktop Cover</p><p> -8% 0FF </p><p>$23.99</p><a href="https://www.amazon.com/dp/B0C1N9PFXT?tag=eloabder-20&linkCode=osi&th=1&psc=1">View Product</a></div>

<div class="product"><a href="https://www.amazon.com/dp/B0932ZV12J?tag=eloabder-20&linkCode=osi&th=1&psc=1"><img src="https://m.media-amazon.com/images/I/41qhisDRAIL._SL500_.jpg" alt="Product Image"></a><p>TP01 True HEPA Replacement Filter Compatible with Dyson Tower Purifier Pure Cool Link TP01, TP02, TP03, AM11, BP01 Models, Compare to Part 968126-03, 2 Pack</p><p> -15% 0FF </p><p>$27.95 ($13.98 / Count)</p><a href="https://www.amazon.com/dp/B0932ZV12J?tag=eloabder-20&linkCode=osi&th=1&psc=1">View Product</a></div><div class="product"><a href="https://www.amazon.com/dp/B0D6D5Q5L2?tag=eloabder-20&linkCode=osi&th=1&psc=1"><img src="https://m.media-amazon.com/images/I/21URyRtgElL._SL500_.jpg" alt="Product Image"></a><p>Lasko Filter Replacement 3 Pack for DST100 Pinnacle Tower Fan, Plant-Based Filters, Remove Hair, Dust, VOCs and Odors from Home, Black, 21”, CXF42</p><p> -9% 0FF </p><p>$13.57 ($4.52 / Count)</p><a href="https://www.amazon.com/dp/B0D6D5Q5L2?tag=eloabder-20&linkCode=osi&th=1&psc=1">View Product</a></div><div class="product"><a href="https://www.amazon.com/dp/B0C16KXRNH?tag=eloabder-20&linkCode=osi&th=1&psc=1"><img src="https://m.media-amazon.com/images/I/41WJFefZ4ZL._SL500_.jpg" alt="Product Image"></a><p>Amalfy 2 Pack of 360° Glass HEPA Filter Replacement Compatible with Dyson Pure Cool Link TP01/TP02 Purifying Tower Fan, Dyson Pure Cool Me BP01 Personal Purifying Fan</p><p> -7% 0FF </p><p>$26.88 ($13.44 / Count)</p><a href="https://www.amazon.com/dp/B0C16KXRNH?tag=eloabder-20&linkCode=osi&th=1&psc=1">View Product</a></div><div class="product"><a href="https://www.amazon.com/dp/B0BR59XXWM?tag=eloabder-20&linkCode=osi&th=1&psc=1"><img src="https://m.media-amazon.com/images/I/41tUzZA5emL._SL500_.jpg" alt="Product Image"></a><p>Netezza TP01 HEPA Filter for Dyson,Replacement Filter for Dyson Tower Purifier Pure Cool Link TP01, TP02, TP03, AM11, BP01 Tower Air Purifier, Compare to Part 968126-03,2 Pack</p><p> -20% 0FF </p><p>$21.99 ($11.00 / Count)</p><a href="https://www.amazon.com/dp/B0BR59XXWM?tag=eloabder-20&linkCode=osi&th=1&psc=1">View Product</a></div>
<div class="product"><a href="https://www.amazon.com/dp/B07NQ7SX96?tag=eloabder-20&linkCode=osi&th=1&psc=1"><img src="https://m.media-amazon.com/images/I/31Mp+dZaF4L._SL500_.jpg" alt="Product Image"></a><p>Lutron Pico Smart Remote for Caseta Smart Fan Speed Control, PJ2-3BRL-GIV-F01, Ivory</p><p> -25% 0FF </p><p>$25.45</p><a href="https://www.amazon.com/dp/B07NQ7SX96?tag=eloabder-20&linkCode=osi&th=1&psc=1">View Product</a></div>
<div class="product"><a href="https://www.amazon.com/dp/B08G1MTK16?tag=eloabder-20&linkCode=osi&th=1&psc=1"><img src="https://m.media-amazon.com/images/I/41SAcC6OyGL._SL500_.jpg" alt="Product Image"></a><p>Dotlite Bronze Ceiling Fan Pull Chain Set, Decorative Fan Pull Chain Pendant Extension, 12 Inches Lighting & Fan Beaded Ball Chain Extender with Connector (2 Pack)</p><p> -30% 0FF </p><p>$6.99 ($3.50 / Count)</p><a href="https://www.amazon.com/dp/B08G1MTK16?tag=eloabder-20&linkCode=osi&th=1&psc=1">View Product</a></div>
<div class="product"><a href="https://www.amazon.com/dp/B0924J3XJ5?tag=eloabder-20&linkCode=osi&th=1&psc=1"><img src="https://m.media-amazon.com/images/I/21TiicLaafL._SL500_.jpg" alt="Product Image"></a><p>Comfee' CVU30W2AST 30 Inch Ducted Ductless Vent Durable Stainless Steel Kitchen Reusable Filter, 200 CFM, 2 Speed Exhaust Fan Under Cabinet Range Hood</p><p> -22% 0FF </p><p>$69.99</p><a href="https://www.amazon.com/dp/B0924J3XJ5?tag=eloabder-20&linkCode=osi&th=1&psc=1">View Product</a></div><div class="product"><a href="https://www.amazon.com/dp/B00QW2CUGC?tag=eloabder-20&linkCode=osi&th=1&psc=1"><img src="https://m.media-amazon.com/images/I/51evCHlA3yL._SL500_.jpg" alt="Product Image"></a><p>Broan-NuTone S97012026 Fan</p><p> -32% 0FF </p><p>$33.99</p><a href="https://www.amazon.com/dp/B00QW2CUGC?tag=eloabder-20&linkCode=osi&th=1&psc=1">View Product</a></div><div class="product"><a href="https://www.amazon.com/dp/B09JZZJ2Y1?tag=eloabder-20&linkCode=osi&th=1&psc=1"><img src="https://m.media-amazon.com/images/I/41fdKM9nvxL._SL500_.jpg" alt="Product Image"></a><p>Broan-NuTone PM300SS Custom Power Pack Range Hood Insert with 2-Speed Exhaust Fan and Light, 300 Max Blower CFM, Stainless Steel, 21-Inch Built</p><p> -7% 0FF </p><p>$203.10</p><a href="https://www.amazon.com/dp/B09JZZJ2Y1?tag=eloabder-20&linkCode=osi&th=1&psc=1">View Product</a></div><div class="product"><a href="https://www.amazon.com/dp/B000KKO6E6?tag=eloabder-20&linkCode=osi&th=1&psc=1"><img src="https://m.media-amazon.com/images/I/31t4veALoUL._SL500_.jpg" alt="Product Image"></a><p>Broan-NuTone F403623 Exhaust Fan for Under Cabinet Two-Speed Four-Way Range Hood, 36-Inch, Black</p><p> -15% 0FF </p><p>$79.54</p><a href="https://www.amazon.com/dp/B000KKO6E6?tag=eloabder-20&linkCode=osi&th=1&psc=1">View Product</a></div>
<div class="product"><a href="https://www.amazon.com/dp/B07FDJMC9Q?tag=eloabder-20&linkCode=osi&th=1&psc=1"><img src="https://m.media-amazon.com/images/I/31MBSKiZOPL._SL500_.jpg" alt="Product Image"></a><p>Ninja Air Fryer, Roast, Bake, Air Fry, Roast, Broil, Reheats, & Dehydrates, 4-in-1, Fries, Frozen Food, Veggies, and Juicy Meat, Less Oil, Easy Meals, Healthy Meals, Compact, 4 QT, Grey, AF101</p><p> -11% 0FF </p><p>$79.99</p><a href="https://www.amazon.com/dp/B07FDJMC9Q?tag=eloabder-20&linkCode=osi&th=1&psc=1">View Product</a></div><div class="product"><a href="https://www.amazon.com/dp/B0B15Q3HCQ?tag=eloabder-20&linkCode=osi&th=1&psc=1"><img src="https://m.media-amazon.com/images/I/41iJ87aPT8L._SL500_.jpg" alt="Product Image"></a><p>Ninja Air Fryer, Thermometer, Roast, Bake, Air Fry, Crisps, Broil, Reheats, Keep Warm, 10-in-1, Fries, Frozen Food, Veggies, and Meat, Quick Meals, Healthy Meals, Less Oil, 10 QT, Grey, DZ550​</p><p> -18% 0FF </p><p>$204.78</p><a href="https://www.amazon.com/dp/B0B15Q3HCQ?tag=eloabder-20&linkCode=osi&th=1&psc=1">View Product</a></div><div class="product"><a href="https://www.amazon.com/dp/B0BDFRZX3F?tag=eloabder-20&linkCode=osi&th=1&psc=1"><img src="https://m.media-amazon.com/images/I/41pyLTPPKOL._SL500_.jpg" alt="Product Image"></a><p>COSORI 2.1Qt Air Fryer, Small 4-in-1 Air Fryer Perfect for Simple Meals and Snack, Easy to Leftover Food to Crispy, 97% Less Oil, 30 In-App Recipes, Nonstick & Dishwasher Safe Basket</p><p> -17% 0FF </p><p>$49.99</p><a href="https://www.amazon.com/dp/B0BDFRZX3F?tag=eloabder-20&linkCode=osi&th=1&psc=1">View Product</a></div><div class="product"><a href="https://www.amazon.com/dp/B0936FGLQS?tag=eloabder-20&linkCode=osi&th=1&psc=1"><img src="https://m.media-amazon.com/images/I/41TKOcGeZzL._SL500_.jpg" alt="Product Image"></a><p>COSORI Air Fryer 9-in-1, Compact 5-Qt, Perect for Meat Enthusiasts with 450°F Max Heat Function , 130+ In-App Recipes, Little to No Oil, Easy Clean Glass Touch Panel & Nonstick Basket, Gray</p><p> -20% 0FF </p><p>$79.94</p><a href="https://www.amazon.com/dp/B0936FGLQS?tag=eloabder-20&linkCode=osi&th=1&psc=1">View Product</a></div><div class="product"><a href="https://www.amazon.com/dp/B0CGRYRBL7?tag=eloabder-20&linkCode=osi&th=1&psc=1"><img src="https://m.media-amazon.com/images/I/41jspc2TDCL._SL500_.jpg" alt="Product Image"></a><p>West Bend Compact Air Fryer 5-Quart Capacity with Digital Controls and 10 Cooking Presets, Nonstick Frying Basket, 1500-Watts, Black</p><p> -21% 0FF </p><p>$47.29</p><a href="https://www.amazon.com/dp/B0CGRYRBL7?tag=eloabder-20&linkCode=osi&th=1&psc=1">View Product</a></div><div class="product"><a href="https://www.amazon.com/dp/B08DKYBTPH?tag=eloabder-20&linkCode=osi&th=1&psc=1"><img src="https://m.media-amazon.com/images/I/51PO1kLlN6L._SL500_.jpg" alt="Product Image"></a><p>Chefman TurboFry® Touch Air Fryer, XL 8-Qt Family Size, One-Touch Digital Control Presets, French Fries, Chicken, Meat, Fish, Nonstick Dishwasher-Safe Parts, Automatic Shutoff, Stainless Steel</p><p> -29% 0FF </p><p>$84.98</p><a href="https://www.amazon.com/dp/B08DKYBTPH?tag=eloabder-20&linkCode=osi&th=1&psc=1">View Product</a></div>
<div class="product"><a href="https://www.amazon.com/dp/B000EX16RY?tag=eloabder-20&linkCode=osi&th=1&psc=1"><img src="https://m.media-amazon.com/images/I/41LqsX6dEML._SL500_.jpg" alt="Product Image"></a><p>Euro Cuisine YM80 Electric Yogurt Maker Machine- Promote Gut Health with Probiotic Rich Homemade Yogurt -Home Yogurt Incubator with Glass Jars, White</p><p> -40% 0FF </p><p>$29.99</p><a href="https://www.amazon.com/dp/B000EX16RY?tag=eloabder-20&linkCode=osi&th=1&psc=1">View Product</a></div><div class="product"><a href="https://www.amazon.com/dp/B085XS69L5?tag=eloabder-20&linkCode=osi&th=1&psc=1"><img src="https://m.media-amazon.com/images/I/41JEca97hnL._SL500_.jpg" alt="Product Image"></a><p>Bear Yogurt Maker, Greek Yogurt Maker Machine with Strainer and Timer Control, Stainless Steel Inner Pot, Automatic Digital with 2 Glass Jars 1 Quart for Home Organic Yogurt, Cheese, Fruit Wine</p><p> -19% 0FF </p><p>$64.99</p><a href="https://www.amazon.com/dp/B085XS69L5?tag=eloabder-20&linkCode=osi&th=1&psc=1">View Product</a></div><div class="product"><a href="https://www.amazon.com/dp/B09MP8BK8P?tag=eloabder-20&linkCode=osi&th=1&psc=1"><img src="https://m.media-amazon.com/images/I/41ORh3ZvMrL._SL500_.jpg" alt="Product Image"></a><p>JoyMech Yogurt Maker, Compact Greek Yogurt Maker Machine with Constant Temperature Control, Stainless Steel Container, 1 Quart for Home Organic Yogurt</p><p> -25% 0FF </p><p>$29.99</p><a href="https://www.amazon.com/dp/B09MP8BK8P?tag=eloabder-20&linkCode=osi&th=1&psc=1">View Product</a></div>
<div class="product"><a href="https://www.amazon.com/dp/B0BXSKHL8D?tag=eloabder-20&linkCode=osi&th=1&psc=1"><img src="https://m.media-amazon.com/images/I/419rzQjVpiL._SL500_.jpg" alt="Product Image"></a><p>Mesliese Vacuum Sealer Machine Powerful 90Kpa Precision 6-in-1 Compact Food Preservation System with Cutter, 2 Bag Rolls & 5 Pre-cut Bags, Widened 12mm Sealing Strip, Dry&Moist Modes (Silver)</p><p> -42% 0FF </p><p>$69.99</p><a href="https://www.amazon.com/dp/B0BXSKHL8D?tag=eloabder-20&linkCode=osi&th=1&psc=1">View Product</a></div><div class="product"><a href="https://www.amazon.com/dp/B08BRN1B7Q?tag=eloabder-20&linkCode=osi&th=1&psc=1"><img src="https://m.media-amazon.com/images/I/41B5yUrv3IL._SL500_.jpg" alt="Product Image"></a><p>POTANE Precision Vacuum Sealer Machine, Powerful Pro Vacuum Food Sealer, 8-in-1 Easy Presets, 4 Food Modes, Dry&Moist&Soft&Delicate with Starter Kit, Compact Design(Silver)</p><p> -29% 0FF </p><p>$84.98</p><a href="https://www.amazon.com/dp/B08BRN1B7Q?tag=eloabder-20&linkCode=osi&th=1&psc=1">View Product</a></div><div class="product"><a href="https://www.amazon.com/dp/B0CW2G9W1T?tag=eloabder-20&linkCode=osi&th=1&psc=1"><img src="https://m.media-amazon.com/images/I/51IAX5BLMkL._SL500_.jpg" alt="Product Image"></a><p>Bonsenkitchen Vacuum Sealer Machine, Fast-Compact Food Sealer, Multi-Functional Food Vacuum Sealer with 5 Vacuum Bags & Accessory Hose, Globefish Technology for High-Speed Continuous Working, Silver</p><p> -40% 0FF </p><p>$29.99</p><a href="https://www.amazon.com/dp/B0CW2G9W1T?tag=eloabder-20&linkCode=osi&th=1&psc=1">View Product</a></div><div class="product"><a href="https://www.amazon.com/dp/B0D8BB83Y1?tag=eloabder-20&linkCode=osi&th=1&psc=1"><img src="https://m.media-amazon.com/images/I/41pEdOT1LVL._SL500_.jpg" alt="Product Image"></a><p>Mesliese Vacuum Sealer Machine, 85kPa 120W Automatic Food Sealer, Powerful Sealing System, Build-in Cutter | Bags Storage | Moist Mode and Air Suction Hose | 2 Bag Rolls and 5pcs Pre-cut Bags</p><p> -23% 0FF </p><p>$99.99</p><a href="https://www.amazon.com/dp/B0D8BB83Y1?tag=eloabder-20&linkCode=osi&th=1&psc=1">View Product</a></div><div class="product"><a href="https://www.amazon.com/dp/B07B4W5PMB?tag=eloabder-20&linkCode=osi&th=1&psc=1"><img src="https://m.media-amazon.com/images/I/41c7aLA6wtL._SL500_.jpg" alt="Product Image"></a><p>GERYON Vacuum Sealer, Vacuum Sealer Machine for Food Storage with Sealer Bags & Roll, Automatic Food Sealer for Sous Vide, Compact Design, LED Lights, Easy to Clean, Dry & Moist Modes (Silver)</p><p> -15% 0FF </p><p>$35.70</p><a href="https://www.amazon.com/dp/B07B4W5PMB?tag=eloabder-20&linkCode=osi&th=1&psc=1">View Product</a></div><div class="product"><a href="https://www.amazon.com/dp/B01KCK9W1K?tag=eloabder-20&linkCode=osi&th=1&psc=1"><img src="https://m.media-amazon.com/images/I/41imUh6Fx+L._SL500_.jpg" alt="Product Image"></a><p>Nesco Deluxe Food VS-12 Vacuum Sealer, 130 Watts, Kit Bags & Viewing Lid, Compact, Silver</p><p> -18% 0FF </p><p>$114.69 ($114.69 / count)</p><a href="https://www.amazon.com/dp/B01KCK9W1K?tag=eloabder-20&linkCode=osi&th=1&psc=1">View Product</a></div><div class="product"><a href="https://www.amazon.com/dp/B08XJW5LHG?tag=eloabder-20&linkCode=osi&th=1&psc=1"><img src="https://m.media-amazon.com/images/I/51XpZ5cHWqL._SL500_.jpg" alt="Product Image"></a><p>2023 Updated Vacuum Sealer Machine, MEGAWISE Food Sealer w/Starter Kit, Dry & Moist Food Modes, Compact Design with 10 Vacuum Bags & Bulit-in Cutter(Grey)</p><p> -24% 0FF </p><p>$25.10</p><a href="https://www.amazon.com/dp/B08XJW5LHG?tag=eloabder-20&linkCode=osi&th=1&psc=1">View Product</a></div><div class="product"><a href="https://www.amazon.com/dp/B0DF7F9QNG?tag=eloabder-20&linkCode=osi&th=1&psc=1"><img src="https://m.media-amazon.com/images/I/51W8Bchue6L._SL500_.jpg" alt="Product Image"></a><p>BEYUAM Vacuum Sealer Machine: Upgraded 5 in1 Food Vacuum Sealer with Dry&Moist Modes, LED Indicator Lights, Compact Design, Includes 15PCS Vacuum Seal Bags,1 Air Suction Hose, 1Cutter</p><p> -30% 0FF </p><p>$20.99</p><a href="https://www.amazon.com/dp/B0DF7F9QNG?tag=eloabder-20&linkCode=osi&th=1&psc=1">View Product</a></div>
<div class="product"><a href="https://www.amazon.com/dp/B01AKTFK6Y?tag=eloabder-20&linkCode=osi&th=1&psc=1"><img src="https://m.media-amazon.com/images/I/31ayy5SDEeL._SL500_.jpg" alt="Product Image"></a><p>Avalon Bottom Loading Water Cooler Water Dispenser with BioGuard- 3 Temperature Settings - Hot, Cold & Room Water, Durable Stainless Steel Construction, Anti-Microbial Coating- UL Listed</p><p> -11% 0FF </p><p>$177.05</p><a href="https://www.amazon.com/dp/B01AKTFK6Y?tag=eloabder-20&linkCode=osi&th=1&psc=1">View Product</a></div><div class="product"><a href="https://www.amazon.com/dp/B06XJ86F7L?tag=eloabder-20&linkCode=osi&th=1&psc=1"><img src="https://m.media-amazon.com/images/I/41ZROGKK8KL._SL500_.jpg" alt="Product Image"></a><p>Avalon Self Cleaning Bottleless Water Cooler Water Dispenser - 3 Temperature Settings - Hot, Cold & Room Water, Durable Stainless Steel Cabinet, NSF Certified Filter- UL Listed</p><p> -33% 0FF </p><p>$199.99</p><a href="https://www.amazon.com/dp/B06XJ86F7L?tag=eloabder-20&linkCode=osi&th=1&psc=1">View Product</a></div><div class="product"><a href="https://www.amazon.com/dp/B01J1W7S34?tag=eloabder-20&linkCode=osi&th=1&psc=1"><img src="https://m.media-amazon.com/images/I/31-F2Hf3T3L._SL500_.jpg" alt="Product Image"></a><p>Avalon Limited Edition Self Cleaning Water Cooler Water Dispenser - 3 Temperature Settings - Hot, Cold & Room Water, Durable Stainless Steel Construction, Bottom Loading - UL Listed</p><p> -50% 0FF </p><p>$150.00</p><a href="https://www.amazon.com/dp/B01J1W7S34?tag=eloabder-20&linkCode=osi&th=1&psc=1">View Product</a></div><div class="product"><a href="https://www.amazon.com/dp/B0DK1BRVFH?tag=eloabder-20&linkCode=osi&th=1&psc=1"><img src="https://m.media-amazon.com/images/I/213Scb+FXHL._SL500_.jpg" alt="Product Image"></a><p>Tehanld Top Loading Water Cooler Dispenser Hot Cold & Cool Water Dispenser for 3 or 5 Gallon Bottles, Child Safety Lock, Simple Quite Design, Ideal for Home, Office, Living Room</p><p> -6% 0FF </p><p>$119.99</p><a href="https://www.amazon.com/dp/B0DK1BRVFH?tag=eloabder-20&linkCode=osi&th=1&psc=1">View Product</a></div>
<div class="product"><a href="https://www.amazon.com/dp/B0786TJC33?tag=eloabder-20&linkCode=osi&th=1&psc=1"><img src="https://m.media-amazon.com/images/I/41frLdkbpPL._SL500_.jpg" alt="Product Image"></a><p>hOmeLabs Beverage Refrigerator and Cooler - 120 Can Mini Fridge with Glass Door for Soda Beer or Wine - Small Drink Dispenser Machine for Office or Bar with Adjustable Removable Shelves</p><p> -14% 0FF </p><p>$299.99</p><a href="https://www.amazon.com/dp/B0786TJC33?tag=eloabder-20&linkCode=osi&th=1&psc=1">View Product</a></div><div class="product"><a href="https://www.amazon.com/dp/B07F9PH82Z?tag=eloabder-20&linkCode=osi&th=1&psc=1"><img src="https://m.media-amazon.com/images/I/41DBsObCijL._SL500_.jpg" alt="Product Image"></a><p>Antarctic Star 26 Bottle 130 Can Wine Cooler/Cabinet Beverage Refrigerator Mini Wine Cellar Beer Soda Clear Glass Door Bar Fridge Quiet Compressor Adjust Temp Freestanding Indoor Use 3.2cu.ft Black</p><p> -7% 0FF </p><p>$249.98</p><a href="https://www.amazon.com/dp/B07F9PH82Z?tag=eloabder-20&linkCode=osi&th=1&psc=1">View Product</a></div><div class="product"><a href="https://www.amazon.com/dp/B0C1S3RB9Q?tag=eloabder-20&linkCode=osi&th=1&psc=1"><img src="https://m.media-amazon.com/images/I/519o+StfLML._SL500_.jpg" alt="Product Image"></a><p>Antarctic Star Beverage Refrigerator Cooler 68 Can, Mini Fridge with Glass Door for Beer Drinks Wine,Freestanding Small Fridge with Electronic Temperature Control for Home and Bar,1.7 cu.ft</p><p> -10% 0FF </p><p>$152.99</p><a href="https://www.amazon.com/dp/B0C1S3RB9Q?tag=eloabder-20&linkCode=osi&th=1&psc=1">View Product</a></div>
<div class="product"><a href="https://www.amazon.com/dp/B0864P1L3Y?tag=eloabder-20&linkCode=osi&th=1&psc=1"><img src="https://m.media-amazon.com/images/I/41YjtUvRvIL._SL500_.jpg" alt="Product Image"></a><p>Ivation 18 Bottle Compressor Wine Cooler Refrigerator w/Lock, Large Freestanding Wine Cellar For Red, White, Champagne or Sparkling Wine, 41f-64f Digital Temperature Control Fridge Glass Door Black</p><p> -32% 0FF </p><p>$224.99</p><a href="https://www.amazon.com/dp/B0864P1L3Y?tag=eloabder-20&linkCode=osi&th=1&psc=1">View Product</a></div><div class="product"><a href="https://www.amazon.com/dp/B0C2F2JY88?tag=eloabder-20&linkCode=osi&th=1&psc=1"><img src="https://m.media-amazon.com/images/I/41CVJtUWA9L._SL500_.jpg" alt="Product Image"></a><p>DUURA Elite DE430WCDZSS Wine Cooler Designer Series Dual-Zone, 46-Bottle, Metallic</p><p> -10% 0FF </p><p>$262.81</p><a href="https://www.amazon.com/dp/B0C2F2JY88?tag=eloabder-20&linkCode=osi&th=1&psc=1">View Product</a></div>
<div class="product"><a href="https://www.amazon.com/dp/B0C4NH7Q1Z?tag=eloabder-20&linkCode=osi&th=1&psc=1"><img src="https://m.media-amazon.com/images/I/41huzzh73qL._SL500_.jpg" alt="Product Image"></a><p>VEVOR Beer Kegerator, Single Tap Draft Beer Dispenser, Full Size Keg Refrigerator With Shelves, CO2 Cylinder, Drip Tray & Rail, 32°F- 50°F Temperature Control, Holds 1/6, 1/4, 1/2 Barrels, Black</p><p> -14% 0FF </p><p>$528.27</p><a href="https://www.amazon.com/dp/B0C4NH7Q1Z?tag=eloabder-20&linkCode=osi&th=1&psc=1">View Product</a></div><div class="product"><a href="https://www.amazon.com/dp/B0170O0D82?tag=eloabder-20&linkCode=osi&th=1&psc=1"><img src="https://m.media-amazon.com/images/I/31niLclMC1L._SL500_.jpg" alt="Product Image"></a><p>EdgeStar KC2000TWIN Full Size Dual Tap Kegerator & Draft Beer Dispenser - Black</p><p> -7% 0FF </p><p>$719.00</p><a href="https://www.amazon.com/dp/B0170O0D82?tag=eloabder-20&linkCode=osi&th=1&psc=1">View Product</a></div><div class="product"><a href="https://www.amazon.com/dp/B00E7N4CXM?tag=eloabder-20&linkCode=osi&th=1&psc=1"><img src="https://m.media-amazon.com/images/I/31tI6VySYqL._SL500_.jpg" alt="Product Image"></a><p>Kegco K309B-1 Kegerator Black, 2 Faucet</p><p> -9% 0FF </p><p>$828.14</p><a href="https://www.amazon.com/dp/B00E7N4CXM?tag=eloabder-20&linkCode=osi&th=1&psc=1">View Product</a></div><div class="product"><a href="https://www.amazon.com/dp/B00E93XXZ8?tag=eloabder-20&linkCode=osi&th=1&psc=1"><img src="https://m.media-amazon.com/images/I/31K6I3DKW6L._SL500_.jpg" alt="Product Image"></a><p>Kegco K309SS-1 Keg Dispenser, Stainless Steel</p><p> -5% 0FF </p><p>$845.33</p><a href="https://www.amazon.com/dp/B00E93XXZ8?tag=eloabder-20&linkCode=osi&th=1&psc=1">View Product</a></div>
<div class="product"><a href="https://www.amazon.com/dp/B0D78LGPXY?tag=eloabder-20&linkCode=osi&th=1&psc=1"><img src="https://m.media-amazon.com/images/I/41bekd23sDL._SL500_.jpg" alt="Product Image"></a><p>ikare Manual Trash Compactor for 60-100L Bins, Trash Compactor for Kitchen, Portable Small Trash Compactor, Waste Bin Compactor for Fast Food Restaurant</p><p> -34% 0FF </p><p>$38.99</p><a href="https://www.amazon.com/dp/B0D78LGPXY?tag=eloabder-20&linkCode=osi&th=1&psc=1">View Product</a></div><div class="product"><a href="https://www.amazon.com/dp/B075DJ4ZVQ?tag=eloabder-20&linkCode=osi&th=1&psc=1"><img src="https://m.media-amazon.com/images/I/51Vaek4I89L._SL500_.jpg" alt="Product Image"></a><p>Dano Pre-Cuffed Compactor Bags</p><p> -18% 0FF </p><p>$32.95 ($2.75 / Count)</p><a href="https://www.amazon.com/dp/B075DJ4ZVQ?tag=eloabder-20&linkCode=osi&th=1&psc=1">View Product</a></div>
<div class="product"><a href="https://www.amazon.com/dp/B07HJS45XQ?tag=eloabder-20&linkCode=osi&th=1&psc=1"><img src="https://m.media-amazon.com/images/I/31NTMREf9kL._SL500_.jpg" alt="Product Image"></a><p>iRobot Authentic Replacement Parts - 3 Count (Pack of 1) Dirt Disposal Bags Compatible with Roomba Clean Base Models i1+, i3+, i4+, i5+, i7+, i8+, Combo j8+, j9+</p><p> -15% 0FF </p><p>$14.43 ($4.81 / Count)</p><a href="https://www.amazon.com/dp/B07HJS45XQ?tag=eloabder-20&linkCode=osi&th=1&psc=1">View Product</a></div><div class="product"><a href="https://www.amazon.com/dp/B09CV3QGF2?tag=eloabder-20&linkCode=osi&th=1&psc=1"><img src="https://m.media-amazon.com/images/I/31VQqEzbeJL._SL500_.jpg" alt="Product Image"></a><p>iRobot Authentic Replacement Parts - Replenishment Kit for Roomba e, i, and j Series and Roomba Combo i5 and j5 Series, Not Compatible with Roomba Combo j7+ or Roomba Combo j9+</p><p> -51% 0FF </p><p>$31.57</p><a href="https://www.amazon.com/dp/B09CV3QGF2?tag=eloabder-20&linkCode=osi&th=1&psc=1">View Product</a></div><div class="product"><a href="https://www.amazon.com/dp/B07C4SGM54?tag=eloabder-20&linkCode=osi&th=1&psc=1"><img src="https://m.media-amazon.com/images/I/41ZWLocYKkL._SL500_.jpg" alt="Product Image"></a><p>iRobot 4502233 Robot Vacuum, Black</p><p> -6% 0FF </p><p>$84.50</p><a href="https://www.amazon.com/dp/B07C4SGM54?tag=eloabder-20&linkCode=osi&th=1&psc=1">View Product</a></div>
<div class="product"><a href="https://www.amazon.com/dp/B01NHEU1DJ?tag=eloabder-20&linkCode=osi&th=1&psc=1"><img src="https://m.media-amazon.com/images/I/21CK7T8v9HS._SL500_.jpg" alt="Product Image"></a><p>BLACK+DECKER HFS115J10 Lithium Floor Sweeper 50 Min Lithium Floor Sweeper, Powder White</p><p> -30% 0FF </p><p>$34.81</p><a href="https://www.amazon.com/dp/B01NHEU1DJ?tag=eloabder-20&linkCode=osi&th=1&psc=1">View Product</a></div>
<div class="product"><a href="https://www.amazon.com/dp/B088M3G7QH?tag=eloabder-20&linkCode=osi&th=1&psc=1"><img src="https://m.media-amazon.com/images/I/41qSwWLksEL._SL500_.jpg" alt="Product Image"></a><p>Yocada Carpet Sweeper Cleaner for Home Office Low Carpets Rugs Undercoat Carpets Pet Hair Dust Scraps Paper Small Rubbish Cleaning with a Brush Green</p><p> -13% 0FF </p><p>$25.99</p><a href="https://www.amazon.com/dp/B088M3G7QH?tag=eloabder-20&linkCode=osi&th=1&psc=1">View Product</a></div><div class="product"><a href="https://www.amazon.com/dp/B087M125SV?tag=eloabder-20&linkCode=osi&th=1&psc=1"><img src="https://m.media-amazon.com/images/I/31FnLu2oAAL._SL500_.jpg" alt="Product Image"></a><p>JEHONN Carpet Floor Sweeper with Horsehair, Non Electric Manual Sweeping, Rotor Brush Heavy Duty for Pet Hair Clean</p><p> -22% 0FF </p><p>$24.99</p><a href="https://www.amazon.com/dp/B087M125SV?tag=eloabder-20&linkCode=osi&th=1&psc=1">View Product</a></div><div class="product"><a href="https://www.amazon.com/dp/B07HGWZ7LG?tag=eloabder-20&linkCode=osi&th=1&psc=1"><img src="https://m.media-amazon.com/images/I/31-FhS9ID4L._SL500_.jpg" alt="Product Image"></a><p>Dttery 3 Post + 3 Foam & Felt Filters Kit Replacement for Shark Rocket Ultra-Light Vacuum HV292, HV300, HV300W, HV301, HV302, HV303, HV305, HV308, HV310, UV450 Part XFFV300</p><p> -25% 0FF </p><p>$11.97 ($3.99 / Count)</p><a href="https://www.amazon.com/dp/B07HGWZ7LG?tag=eloabder-20&linkCode=osi&th=1&psc=1">View Product</a></div>
<div class="product"><a href="https://www.amazon.com/dp/B004FJTMO2?tag=eloabder-20&linkCode=osi&th=1&psc=1"><img src="https://m.media-amazon.com/images/I/41Y9YbOYswL._SL500_.jpg" alt="Product Image"></a><p>Collections Etc Grandma Upright Vacuum Cleaner Cover</p><p> -9% 0FF </p><p>$29.98</p><a href="https://www.amazon.com/dp/B004FJTMO2?tag=eloabder-20&linkCode=osi&th=1&psc=1">View Product</a></div><div class="product"><a href="https://www.amazon.com/dp/B00Q40F0S2?tag=eloabder-20&linkCode=osi&th=1&psc=1"><img src="https://m.media-amazon.com/images/I/41T1H0EditL._SL500_.jpg" alt="Product Image"></a><p>Kenmore 53294 6 Pack Type O HEPA Vacuum Bags for Upright Vacuums</p><p> -7% 0FF </p><p>$16.70 ($2.78 / Count)</p><a href="https://www.amazon.com/dp/B00Q40F0S2?tag=eloabder-20&linkCode=osi&th=1&psc=1">View Product</a></div><div class="product"><a href="https://www.amazon.com/dp/B00002N8DH?tag=eloabder-20&linkCode=osi&th=1&psc=1"><img src="https://m.media-amazon.com/images/I/31z6U7Xz5OL._SL500_.jpg" alt="Product Image"></a><p>Hoover Type Y Allergen Bags, for WindTunnel Vacuum Cleaners, 3-Pack, 4010100Y, White</p><p> -20% 0FF </p><p>$7.98 ($2.66 / Count)</p><a href="https://www.amazon.com/dp/B00002N8DH?tag=eloabder-20&linkCode=osi&th=1&psc=1">View Product</a></div>
<div class="product"><a href="https://www.amazon.com/dp/B0CXJ2LJP6?tag=eloabder-20&linkCode=osi&th=1&psc=1"><img src="https://m.media-amazon.com/images/I/41zVdymV5NL._SL500_.jpg" alt="Product Image"></a><p>5055 Vacuum Bags Replacement Fit for Kenmore Canister Type C/Q 50555 50558 50557 and Type C-5 C-18,16 Pack</p><p> -11% 0FF </p><p>$13.29</p><a href="https://www.amazon.com/dp/B0CXJ2LJP6?tag=eloabder-20&linkCode=osi&th=1&psc=1">View Product</a></div><div class="product"><a href="https://www.amazon.com/dp/B002BFSK6I?tag=eloabder-20&linkCode=osi&th=1&psc=1"><img src="https://m.media-amazon.com/images/I/41Z3T53G+sL._SL500_.jpg" alt="Product Image"></a><p>Vacuum Bare Surface Canister Floor Brush, Compatible with Kenmore</p><p> -55% 0FF </p><p>$8.99</p><a href="https://www.amazon.com/dp/B002BFSK6I?tag=eloabder-20&linkCode=osi&th=1&psc=1">View Product</a></div><div class="product"><a href="https://www.amazon.com/dp/B00TNDC09E?tag=eloabder-20&linkCode=osi&th=1&psc=1"><img src="https://m.media-amazon.com/images/I/41lChTXA+XL._SL500_.jpg" alt="Product Image"></a><p>Other 50104 Kenmore Vacuum Bag, Type C and Q, 8-Pack Genuine Original Equipment Manufacturer (OEM) Part</p><p> -14% 0FF </p><p>$12.67 ($1.58 / Count)</p><a href="https://www.amazon.com/dp/B00TNDC09E?tag=eloabder-20&linkCode=osi&th=1&psc=1">View Product</a></div><div class="product"><a href="https://www.amazon.com/dp/B00QGD3SBI?tag=eloabder-20&linkCode=osi&th=1&psc=1"><img src="https://m.media-amazon.com/images/I/51xw0asyqTL._SL500_.jpg" alt="Product Image"></a><p>EnviroCare Replacement Vacuum Bags made to fit Kenmore Canister Type C or Q 50555, 50558, 50557 and Panasonic Type C-5 Vacuums, 9 pack</p><p> -11% 0FF </p><p>$9.79</p><a href="https://www.amazon.com/dp/B00QGD3SBI?tag=eloabder-20&linkCode=osi&th=1&psc=1">View Product</a></div><div class="product"><a href="https://www.amazon.com/dp/B09PC16J91?tag=eloabder-20&linkCode=osi&th=1&psc=1"><img src="https://m.media-amazon.com/images/I/41rz-xT6tIL._SL500_.jpg" alt="Product Image"></a><p>Compatible with Kenmore 53292 Type Q - C HEPA Canister Vacuum Bags,6-Pack (white)</p><p> -24% 0FF </p><p>$22.89 ($3.82 / Count)</p><a href="https://www.amazon.com/dp/B09PC16J91?tag=eloabder-20&linkCode=osi&th=1&psc=1">View Product</a></div><div class="product"><a href="https://www.amazon.com/dp/B0CWTR85TZ?tag=eloabder-20&linkCode=osi&th=1&psc=1"><img src="https://m.media-amazon.com/images/I/41lmqedxXSL._SL500_.jpg" alt="Product Image"></a><p>20 Pack Style MM Vacuum Bags Compatible with Eureka Style MM Eureka Mighty Mite 3670 and 3680 Series Canister Vacuums, Replaces Part # 60295, 60295A, 60295B 60295C, 60296 & 60297A</p><p> -5% 0FF </p><p>$18.98</p><a href="https://www.amazon.com/dp/B0CWTR85TZ?tag=eloabder-20&linkCode=osi&th=1&psc=1">View Product</a></div>

<div class="product"><a href="https://www.amazon.com/dp/B07H3MYZLD?tag=eloabder-20&linkCode=osi&th=1&psc=1"><img src="https://m.media-amazon.com/images/I/511p6MPxQ0L._SL500_.jpg" alt="Product Image"></a><p>Flammi Steam Pocket Mop Replacement Pads for Shark S3500 Series S3501 S3601 S3550 S3901 SE450 S3801CO S3601D S2901 S2902 Steam Pocket Mop, 4 Pack</p><p> -23% 0FF </p><p>$16.97 ($4.24 / Count)</p><a href="https://www.amazon.com/dp/B07H3MYZLD?tag=eloabder-20&linkCode=osi&th=1&psc=1">View Product</a></div><div class="product"><a href="https://www.amazon.com/dp/B08S7283SJ?tag=eloabder-20&linkCode=osi&th=1&psc=1"><img src="https://m.media-amazon.com/images/I/41TAxpXWPLL._SL500_.jpg" alt="Product Image"></a><p>Steam & Go - Demineralized Water for Steam Cleaner, PVC-Free Floor Cleaner Liquid Compatible With Any Steam Mop, Ready-to-Use Multisurface Cleaner, Scented Mop Solution, Eucalyptus Mint, 32 oz</p><p> -35% 0FF </p><p>$12.99</p><a href="https://www.amazon.com/dp/B08S7283SJ?tag=eloabder-20&linkCode=osi&th=1&psc=1">View Product</a></div><div class="product"><a href="https://www.amazon.com/dp/B07GT9VB9X?tag=eloabder-20&linkCode=osi&th=1&psc=1"><img src="https://m.media-amazon.com/images/I/41IokheYtNL._SL500_.jpg" alt="Product Image"></a><p>6 Pack 1940 Bissell Steam Mop Pads for Bissell PowerFresh Steam Mop 1806 1544 1440 2075A 2685A 1940W 19404 Series, Model 19402 19408 1940a 1940f 1940q 1940t B0006 B0017, Part #5938#203-2633</p><p> -14% 0FF </p><p>$17.99 ($3.00 / Count)</p><a href="https://www.amazon.com/dp/B07GT9VB9X?tag=eloabder-20&linkCode=osi&th=1&psc=1">View Product</a></div><div class="product"><a href="https://www.amazon.com/dp/B09NM5T11N?tag=eloabder-20&linkCode=osi&th=1&psc=1"><img src="https://m.media-amazon.com/images/I/51p54JxUpYL._SL500_.jpg" alt="Product Image"></a><p>AIR U+ 8 Pack Replacement Steam Mop Pads for Shark S7001 S8001 S8201 S7201 S7000AMZ S7000 S7005 S7020 S7001C Steam Mop, Steam & Scrub All-in-One Scrubbing and Sanitizing, Dirt Grip Scrub Washable Pad</p><p> -20% 0FF </p><p>$17.99</p><a href="https://www.amazon.com/dp/B09NM5T11N?tag=eloabder-20&linkCode=osi&th=1&psc=1">View Product</a></div><div class="product"><a href="https://www.amazon.com/dp/B0CBC1HQQN?tag=eloabder-20&linkCode=osi&th=1&psc=1"><img src="https://m.media-amazon.com/images/I/51eAx7S-+2L._SL500_.jpg" alt="Product Image"></a><p>Upgraded Scrub Steam Mop Pad for Shark Steam Pocket Mop S3501 S3601 S2901 S2902 S3550 S3801 S3901 SE450 S3601D S3901D, Steam Mop Replacement Pads for All Hard Floors, 3 Pack</p><p> -5% 0FF </p><p>$18.99</p><a href="https://www.amazon.com/dp/B0CBC1HQQN?tag=eloabder-20&linkCode=osi&th=1&psc=1">View Product</a></div>
<div class="product"><a href="https://www.amazon.com/dp/B0D2QFVY7H?tag=eloabder-20&linkCode=osi&th=1&psc=1"><img src="https://m.media-amazon.com/images/I/417B7H+vvML._SL500_.jpg" alt="Product Image"></a><p>Kenmore KS1010 Deep Clean & Revitalize Pet Carpet Cleaner Formula, 64 oz, White, 64 Fl Oz</p><p> -13% 0FF </p><p>$19.99 ($0.31 / Fl Oz)</p><a href="https://www.amazon.com/dp/B0D2QFVY7H?tag=eloabder-20&linkCode=osi&th=1&psc=1">View Product</a></div><div class="product"><a href="https://www.amazon.com/dp/B07TN5DGP9?tag=eloabder-20&linkCode=osi&th=1&psc=1"><img src="https://m.media-amazon.com/images/I/41ObG6UBMvL._SL500_.jpg" alt="Product Image"></a><p>Eyliden Carpet Sweeper, Mini Size Lightweight Hand Push Carpet Sweepers - No Noise, Non-Electric - Easy Manual Sweeping, Automatic Compact Broom Only for Carpet Cleaning</p><p> -21% 0FF </p><p>$25.99</p><a href="https://www.amazon.com/dp/B07TN5DGP9?tag=eloabder-20&linkCode=osi&th=1&psc=1">View Product</a></div><div class="product"><a href="https://www.amazon.com/dp/B07R27JLKQ?tag=eloabder-20&linkCode=osi&th=1&psc=1"><img src="https://m.media-amazon.com/images/I/41Puyen2y4L._SL500_.jpg" alt="Product Image"></a><p>Bissell Pet Multi-Surface Febreze Freshness for Crosswave and Spinwave (64 oz), 22951, 64 Ounce, 64 Fl Oz</p><p> -5% 0FF </p><p>$17.99 ($0.28 / Fl Oz)</p><a href="https://www.amazon.com/dp/B07R27JLKQ?tag=eloabder-20&linkCode=osi&th=1&psc=1">View Product</a></div><div class="product"><a href="https://www.amazon.com/dp/B0D2RGW219?tag=eloabder-20&linkCode=osi&th=1&psc=1"><img src="https://m.media-amazon.com/images/I/41gD+82tnAL._SL500_.jpg" alt="Product Image"></a><p>Vacmaster Clean & Restore Carpet Cleaner Formula – CCS03</p><p> -25% 0FF </p><p>$14.99 ($0.23 / Fl Oz)</p><a href="https://www.amazon.com/dp/B0D2RGW219?tag=eloabder-20&linkCode=osi&th=1&psc=1">View Product</a></div>



<div class="product"><a href="https://www.amazon.com/dp/B00162723O?tag=eloabder-20&linkCode=osi&th=1&psc=1"><img src="https://m.media-amazon.com/images/I/31K5PNJ3AbL._SL500_.jpg" alt="Product Image"></a><p>A/C Safe AC-160 Universal Heavy Duty Window Air Conditioner Support</p><p> -47% 0FF </p><p>$24.99</p><a href="https://www.amazon.com/dp/B00162723O?tag=eloabder-20&linkCode=osi&th=1&psc=1">View Product</a></div>
<div class="product"><a href="https://www.amazon.com/dp/B0D3TMW987?tag=eloabder-20&linkCode=osi&th=1&psc=1"><img src="https://m.media-amazon.com/images/I/417Mm6n1nqL._SL500_.jpg" alt="Product Image"></a><p>HOXHA Portable Air Conditioner Hose with Insulated Hose Cover Warp 5.9 Inch AC Exhaust Vent Duct Hose with Sleeve Fit 5 Inch to 5.9 Inch Universal AC Tube Hose Kit Parts Accessories</p><p> -29% 0FF </p><p>$16.99</p><a href="https://www.amazon.com/dp/B0D3TMW987?tag=eloabder-20&linkCode=osi&th=1&psc=1">View Product</a></div><div class="product"><a href="https://www.amazon.com/dp/B093WC1936?tag=eloabder-20&linkCode=osi&th=1&psc=1"><img src="https://m.media-amazon.com/images/I/41+7dH1N4oS._SL500_.jpg" alt="Product Image"></a><p>Portable Air conditioner Window Kit, Adjustable Vertical/Horizontal Sliding Window Kit Plate for AC Unit, AC Window Vent Kit, AC Window Seal Suitable for 5.9” AC Exhaust Hose</p><p> -22% 0FF </p><p>$24.99</p><a href="https://www.amazon.com/dp/B093WC1936?tag=eloabder-20&linkCode=osi&th=1&psc=1">View Product</a></div><div class="product"><a href="https://www.amazon.com/dp/B08B5Y83XZ?tag=eloabder-20&linkCode=osi&th=1&psc=1"><img src="https://m.media-amazon.com/images/I/4162pkNHTYL._SL500_.jpg" alt="Product Image"></a><p>TURBRO Portable Air Conditioner Universal Exhaust Hose - 5.9 Inch Diameter, 78 Inch Length, Clockwise Thread</p><p> -17% 0FF </p><p>$19.99</p><a href="https://www.amazon.com/dp/B08B5Y83XZ?tag=eloabder-20&linkCode=osi&th=1&psc=1">View Product</a></div>
<div class="product"><a href="https://www.amazon.com/dp/B0CS3HRFLB?tag=eloabder-20&linkCode=osi&th=1&psc=1"><img src="https://m.media-amazon.com/images/I/31-rGPG7x2L._SL500_.jpg" alt="Product Image"></a><p>Eastrexon Mini Split Ground Stand, Adjustable Anti-Vibration Mini Split Stand w/ 400LBS Load Capacity, Heavy Duty AC Stand for 9,000-18,000 BTU Ductless Mini Split Air Conditioner Heat Pump</p><p> -11% 0FF </p><p>$79.99</p><a href="https://www.amazon.com/dp/B0CS3HRFLB?tag=eloabder-20&linkCode=osi&th=1&psc=1">View Product</a></div>
<div class="product"><a href="https://www.amazon.com/dp/B0D3DRYGSY?tag=eloabder-20&linkCode=osi&th=1&psc=1"><img src="https://m.media-amazon.com/images/I/41X8-PVRBjL._SL500_.jpg" alt="Product Image"></a><p>Air Conditioning Motor WZDK20-38G (ZKFP-20-8-6) OEM DC Brushless Fan Motor, 20W Inverter Air Conditioner Brushless DC Motor for Central air Conditioner, CCW 1300rpm DC280V 0.10A</p><p> -11% 0FF </p><p>$40.99</p><a href="https://www.amazon.com/dp/B0D3DRYGSY?tag=eloabder-20&linkCode=osi&th=1&psc=1">View Product</a></div><div class="product"><a href="https://www.amazon.com/dp/B0BQQZC7J8?tag=eloabder-20&linkCode=osi&th=1&psc=1"><img src="https://m.media-amazon.com/images/I/31BhDXXE59L._SL500_.jpg" alt="Product Image"></a><p>AKB73598009 Replace AC Remote Control Compatible with LG Dual Inverter Smart Window Air Conditioner LW1222IVSM LW1817IVSM LW2217IVSM LW1822IVSM LW2422IVSM LW1517IVSM LW1019IVSM</p><p> -8% 0FF </p><p>$11.94</p><a href="https://www.amazon.com/dp/B0BQQZC7J8?tag=eloabder-20&linkCode=osi&th=1&psc=1">View Product</a></div><div class="product"><a href="https://www.amazon.com/dp/B0D3DTXSVY?tag=eloabder-20&linkCode=osi&th=1&psc=1"><img src="https://m.media-amazon.com/images/I/41WKhBV4qfL._SL500_.jpg" alt="Product Image"></a><p>New Air Conditioning Motor (OEM) WZDK30-38G (RD-310-30-8T) DC Brushless Fan Motor, 30W Inverter air Conditioner Motor DC Motor for Conditioner,DC310V 0.14A 1300RPM CCW</p><p> -12% 0FF </p><p>$52.95</p><a href="https://www.amazon.com/dp/B0D3DTXSVY?tag=eloabder-20&linkCode=osi&th=1&psc=1">View Product</a></div>
<div class="product"><a href="https://www.amazon.com/dp/B0CNK7MSLC?tag=eloabder-20&linkCode=osi&th=1&psc=1"><img src="https://m.media-amazon.com/images/I/41R2RQNaV2L._SL500_.jpg" alt="Product Image"></a><p>Travel Electric Kettle Portable Small Kettle,Mini Hotel Camping Hot Water Boiler for Tea Coffee,4 Warmable Temperature Control,304 Stainless Steel& Auto Shut-Off& Boil Dry Protection(White,380ml)</p><p> -17% 0FF </p><p>$24.99</p><a href="https://www.amazon.com/dp/B0CNK7MSLC?tag=eloabder-20&linkCode=osi&th=1&psc=1">View Product</a></div>
<div class="product"><a href="https://www.amazon.com/dp/B08LZWP29P?tag=eloabder-20&linkCode=osi&th=1&psc=1"><img src="https://m.media-amazon.com/images/I/41NLuzzFW9L._SL500_.jpg" alt="Product Image"></a><p>Chromex Tankless Water Heater Descaling Solution | Highly Effective Descaler Restores Heating Efficiency, Quart, 32 fl oz (1)</p><p> -7% 0FF </p><p>$24.99</p><a href="https://www.amazon.com/dp/B08LZWP29P?tag=eloabder-20&linkCode=osi&th=1&psc=1">View Product</a></div><div class="product"><a href="https://www.amazon.com/dp/B0CQDCW3PT?tag=eloabder-20&linkCode=osi&th=1&psc=1"><img src="https://m.media-amazon.com/images/I/51UjKRV2nXL._SL500_.jpg" alt="Product Image"></a><p>CMI Inc - 3/4 Inch Tankless Water Heater Installation Kit – With Isolation Valves, Pressure Relief Valves, Ball Valves, and Inline Flush Parts – Cold & Hot Water Plumbing Repair Kit – FNPT X FNPT</p><p> -11% 0FF </p><p>$80.80</p><a href="https://www.amazon.com/dp/B0CQDCW3PT?tag=eloabder-20&linkCode=osi&th=1&psc=1">View Product</a></div>

<div class="product"><a href="https://www.amazon.com/dp/B0BPN7G43T?tag=eloabder-20&linkCode=osi&th=1&psc=1"><img src="https://m.media-amazon.com/images/I/413kXvvbUhL._SL500_.jpg" alt="Product Image"></a><p>Elite Gourmet EC008 Classic Stovetop Coffee Percolator, Glass Clear Brew Progress Knob, Cool-Touch Handle, Cordless Serve, 8-Cup, Stainless Steel</p><p> -8% 0FF </p><p>$23.07</p><a href="https://www.amazon.com/dp/B0BPN7G43T?tag=eloabder-20&linkCode=osi&th=1&psc=1">View Product</a></div><div class="product"><a href="https://www.amazon.com/dp/B09MMN1CCP?tag=eloabder-20&linkCode=osi&th=1&psc=1"><img src="https://m.media-amazon.com/images/I/31UyuaVNkbL._SL500_.jpg" alt="Product Image"></a><p>Elite Gourmet EC812 Electric 12-Cup Coffee Percolator with Keep Warm, Clear Brew Progress Knob Cool-Touch Handle Cord-less Serve, Stainless Steel</p><p> -23% 0FF </p><p>$36.99</p><a href="https://www.amazon.com/dp/B09MMN1CCP?tag=eloabder-20&linkCode=osi&th=1&psc=1">View Product</a></div><div class="product"><a href="https://www.amazon.com/dp/B0009PUQSM?tag=eloabder-20&linkCode=osi&th=1&psc=1"><img src="https://m.media-amazon.com/images/I/41maPldn1NL._SL500_.jpg" alt="Product Image"></a><p>Coleman Stainless Steel Coffee Percolator 12 Cup</p><p> -38% 0FF </p><p>$33.87</p><a href="https://www.amazon.com/dp/B0009PUQSM?tag=eloabder-20&linkCode=osi&th=1&psc=1">View Product</a></div>
<div class="product"><a href="https://www.amazon.com/dp/B0BTN3VYW9?tag=eloabder-20&linkCode=osi&th=1&psc=1"><img src="https://m.media-amazon.com/images/I/41Li6k0UIrL._SL500_.jpg" alt="Product Image"></a><p>De'Longhi TrueBrew Drip Coffee Maker, Built in Grinder, Single Serve, 8 oz to 24 oz, Hot or Iced Coffee, Stainless, CAM51025MB</p><p> -29% 0FF </p><p>$355.00</p><a href="https://www.amazon.com/dp/B0BTN3VYW9?tag=eloabder-20&linkCode=osi&th=1&psc=1">View Product</a></div><div class="product"><a href="https://www.amazon.com/dp/B09HDFLF2X?tag=eloabder-20&linkCode=osi&th=1&psc=1"><img src="https://m.media-amazon.com/images/I/41ttEVV0DhL._SL500_.jpg" alt="Product Image"></a><p>Cuisinart Single Serve Coffee Maker + Coffee Grinder, 48-Ounce Removable Reservoir, Black, DGB-2</p><p> -9% 0FF </p><p>$136.95</p><a href="https://www.amazon.com/dp/B09HDFLF2X?tag=eloabder-20&linkCode=osi&th=1&psc=1">View Product</a></div><div class="product"><a href="https://www.amazon.com/dp/B0D2MMGHM8?tag=eloabder-20&linkCode=osi&th=1&psc=1"><img src="https://m.media-amazon.com/images/I/41z2U4+t1fL._SL500_.jpg" alt="Product Image"></a><p>Gevi 10-Cup Drip Coffee Maker with Built-in Grinder, Programmable Brew Coffee Machine with Timer, Reusable Filter, 1.5L Water Tank, Coffee Pot, Warming Plate Burr Grinder Combo</p><p> -6% 0FF </p><p>$169.99</p><a href="https://www.amazon.com/dp/B0D2MMGHM8?tag=eloabder-20&linkCode=osi&th=1&psc=1">View Product</a></div><div class="product"><a href="https://www.amazon.com/dp/B000T9SCZ2?tag=eloabder-20&linkCode=osi&th=1&psc=1"><img src="https://m.media-amazon.com/images/I/51E3eEOPg7L._SL500_.jpg" alt="Product Image"></a><p>Cuisinart Grind & Brew 12 Cup Coffeemaker, Chrome</p><p> -11% 0FF </p><p>$189.81 ($15.82 / Count)</p><a href="https://www.amazon.com/dp/B000T9SCZ2?tag=eloabder-20&linkCode=osi&th=1&psc=1">View Product</a></div><div class="product"><a href="https://www.amazon.com/dp/B0CG2NLVPK?tag=eloabder-20&linkCode=osi&th=1&psc=1"><img src="https://m.media-amazon.com/images/I/41PlW5iZ9cL._SL500_.jpg" alt="Product Image"></a><p>Café Specialty Grind and Brew Coffee Maker, Single-Serve to 10-Cup Thermal Carafe, with Built-In Bean Grinder & Removable 75oz Water Reservoir, WiFi & Smart Connected, SCA Certified, Matte White</p><p> -19% 0FF </p><p>$267.99</p><a href="https://www.amazon.com/dp/B0CG2NLVPK?tag=eloabder-20&linkCode=osi&th=1&psc=1">View Product</a></div>
<div class="product"><a href="https://www.amazon.com/dp/B078NN17K3?tag=eloabder-20&linkCode=osi&th=1&psc=1"><img src="https://m.media-amazon.com/images/I/41MI7T21FgL._SL500_.jpg" alt="Product Image"></a><p>Keurig K-Elite Single Serve K-Cup Pod Coffee Maker, with Strength and Temperature Control, Iced Coffee Capability, 8 to 12oz Brew Size, Programmable, Brushed Slate</p><p> -37% 0FF </p><p>$119.00</p><a href="https://www.amazon.com/dp/B078NN17K3?tag=eloabder-20&linkCode=osi&th=1&psc=1">View Product</a></div><div class="product"><a href="https://www.amazon.com/dp/B0C25Y15TL?tag=eloabder-20&linkCode=osi&th=1&psc=1"><img src="https://m.media-amazon.com/images/I/41cX7EQf+HL._SL500_.jpg" alt="Product Image"></a><p>Ninja Pod & Grounds Specialty Single-Serve Coffee Maker, K-Cup Pod Compatible, Brews Grounds, Compact Design, Built-In Milk Frother, 56-oz. Reservoir, 6-oz. Cup to 24-oz. Mug Sizes, Black, PB051</p><p> -30% 0FF </p><p>$69.99</p><a href="https://www.amazon.com/dp/B0C25Y15TL?tag=eloabder-20&linkCode=osi&th=1&psc=1">View Product</a></div><div class="product"><a href="https://www.amazon.com/dp/B0892TW82K?tag=eloabder-20&linkCode=osi&th=1&psc=1"><img src="https://m.media-amazon.com/images/I/31vXpkWlRZL._SL500_.jpg" alt="Product Image"></a><p>Keurig K-Supreme Single Serve K-Cup Pod Coffee Maker, MultiStream Technology, 4 Brew Sizes, 66oz Dual-Position Removable Reservoir, Black</p><p> -41% 0FF </p><p>$99.99</p><a href="https://www.amazon.com/dp/B0892TW82K?tag=eloabder-20&linkCode=osi&th=1&psc=1">View Product</a></div><div class="product"><a href="https://www.amazon.com/dp/B014W1C2VM?tag=eloabder-20&linkCode=osi&th=1&psc=1"><img src="https://m.media-amazon.com/images/I/41lgFMhEj5L._SL500_.jpg" alt="Product Image"></a><p>Cuisinart Coffee Maker, Single Serve 72-Ounce Reservoir Coffee Machine, Programmable Brewing & Hot Water Dispenser, Stainless Steel, SS-10P1,Silver</p><p> -5% 0FF </p><p>$142.74</p><a href="https://www.amazon.com/dp/B014W1C2VM?tag=eloabder-20&linkCode=osi&th=1&psc=1">View Product</a></div><div class="product"><a href="https://www.amazon.com/dp/B083248S3B?tag=eloabder-20&linkCode=osi&th=1&psc=1"><img src="https://m.media-amazon.com/images/I/31AI86Z78OL._SL500_.jpg" alt="Product Image"></a><p>Keurig K-Slim Single Serve K-Cup Pod Coffee Maker, Multistream Technology, 3 Brew Sizes, Slim and Sleek Design, 46oz Removable Reservoir, Black</p><p> -38% 0FF </p><p>$79.99</p><a href="https://www.amazon.com/dp/B083248S3B?tag=eloabder-20&linkCode=osi&th=1&psc=1">View Product</a></div><div class="product"><a href="https://www.amazon.com/dp/B0BV9HKMNT?tag=eloabder-20&linkCode=osi&th=1&psc=1"><img src="https://m.media-amazon.com/images/I/41Nsl9jGGaL._SL500_.jpg" alt="Product Image"></a><p>Keurig K-Compact Single-Serve K-Cup Pod Coffee Maker, with 3 Brew Sizes, Smart Start Feature, 36oz Removable Reservoir, Black</p><p> -30% 0FF </p><p>$69.99</p><a href="https://www.amazon.com/dp/B0BV9HKMNT?tag=eloabder-20&linkCode=osi&th=1&psc=1">View Product</a></div>
<div class="product"><a href="https://www.amazon.com/dp/B085NLFY9F?tag=eloabder-20&linkCode=osi&th=1&psc=1"><img src="https://m.media-amazon.com/images/I/41shkY558zL._SL500_.jpg" alt="Product Image"></a><p>Taylor Swoden 12-Cup Programmable Coffee Maker, Regular & Strong Brew Drip Coffee Machine for Home and Office, Glass Carafe, Pause & Serve, Auto Shut Off, Black & Stainless Steel</p><p> -18% 0FF </p><p>$39.99</p><a href="https://www.amazon.com/dp/B085NLFY9F?tag=eloabder-20&linkCode=osi&th=1&psc=1">View Product</a></div><div class="product"><a href="https://www.amazon.com/dp/B07X43VXZV?tag=eloabder-20&linkCode=osi&th=1&psc=1"><img src="https://m.media-amazon.com/images/I/41H6O9zkknL._SL500_.jpg" alt="Product Image"></a><p>KRUPS Simply Brew 5 Cup Coffee Maker, Cold Brew, Drip Free & Keep Warm Functions, Stainless Steel Coffee Maker Silver and Black</p><p> -18% 0FF </p><p>$32.85</p><a href="https://www.amazon.com/dp/B07X43VXZV?tag=eloabder-20&linkCode=osi&th=1&psc=1">View Product</a></div>

<div class="product"><a href="https://www.amazon.com/dp/B0C7WTKWZN?tag=eloabder-20&linkCode=osi&th=1&psc=1"><img src="https://m.media-amazon.com/images/I/417z+KFuxAL._SL500_.jpg" alt="Product Image"></a><p>Ninja Programmable XL 14-Cup Coffee Maker PRO, 14-Cup Glass Carafe, Freshness Timer, with Permanent Filter, Black Stainless Steel, DCM201BK</p><p> -20% 0FF </p><p>$79.99</p><a href="https://www.amazon.com/dp/B0C7WTKWZN?tag=eloabder-20&linkCode=osi&th=1&psc=1">View Product</a></div><div class="product"><a href="https://www.amazon.com/dp/B0C2JK9Y8V?tag=eloabder-20&linkCode=osi&th=1&psc=1"><img src="https://m.media-amazon.com/images/I/4177Pg-DiWS._SL500_.jpg" alt="Product Image"></a><p>BLACK+DECKER 12 Cup Thermal Programmable Coffee Maker with Brew Strength and VORTEX Technology, Black/Steel</p><p> -14% 0FF </p><p>$60.00 ($5.00 / Count)</p><a href="https://www.amazon.com/dp/B0C2JK9Y8V?tag=eloabder-20&linkCode=osi&th=1&psc=1">View Product</a></div>
<div class="product"><a href="https://www.amazon.com/dp/B0CJ7DMVW6?tag=eloabder-20&linkCode=osi&th=1&psc=1"><img src="https://m.media-amazon.com/images/I/41Et+b9QSzL._SL500_.jpg" alt="Product Image"></a><p>Xylanor Cold Brew Coffee Maker Pitcher, 64 OZ Heavy Duty Glass Wide Mouth Mason Jar Pour Spout Airtight Lid with Stainless Steel Infuser Filter for Iced Coffee, Ice Tea, Brewed Making</p><p> -50% 0FF </p><p>$12.49</p><a href="https://www.amazon.com/dp/B0CJ7DMVW6?tag=eloabder-20&linkCode=osi&th=1&psc=1">View Product</a></div><div class="product"><a href="https://www.amazon.com/dp/B07C36HVWK?tag=eloabder-20&linkCode=osi&th=1&psc=1"><img src="https://m.media-amazon.com/images/I/31dPKeu1VqL._SL500_.jpg" alt="Product Image"></a><p>Takeya Patented Deluxe Cold Brew Coffee Maker with Black Lid Airtight Pitcher, 2 Quart, Black</p><p> -26% 0FF </p><p>$27.99</p><a href="https://www.amazon.com/dp/B07C36HVWK?tag=eloabder-20&linkCode=osi&th=1&psc=1">View Product</a></div><div class="product"><a href="https://www.amazon.com/dp/B086V1QXNM?tag=eloabder-20&linkCode=osi&th=1&psc=1"><img src="https://m.media-amazon.com/images/I/31BHMrB0QSL._SL500_.jpg" alt="Product Image"></a><p>Primula Burke Deluxe Cold Brew Iced Coffee Maker, Comfort Grip Handle, Durable Glass Carafe, Removable Mesh Filter, Perfect 6 Cup Size, Dishwasher Safe, 1.6 qt, Blue</p><p> -35% 0FF </p><p>$11.74</p><a href="https://www.amazon.com/dp/B086V1QXNM?tag=eloabder-20&linkCode=osi&th=1&psc=1">View Product</a></div><div class="product"><a href="https://www.amazon.com/dp/B0BNN7GGKR?tag=eloabder-20&linkCode=osi&th=1&psc=1"><img src="https://m.media-amazon.com/images/I/51p17-SYzvL._SL500_.jpg" alt="Product Image"></a><p>JunVpic Cold Brew Coffee Maker Jar - 64oz Thick Glass Multipurpose Mason Pitcher Spout Lid with Handle & Stainless Steel Filter for Iced Coffee, Lemonade, Ice Tea, Homemade Fruit Drinks Container</p><p> -5% 0FF </p><p>$18.98 ($18.98 / Count)</p><a href="https://www.amazon.com/dp/B0BNN7GGKR?tag=eloabder-20&linkCode=osi&th=1&psc=1">View Product</a></div><div class="product"><a href="https://www.amazon.com/dp/B0CGWS1M51?tag=eloabder-20&linkCode=osi&th=1&psc=1"><img src="https://m.media-amazon.com/images/I/410ZIkV0HFL._SL500_.jpg" alt="Product Image"></a><p>QHH Cold Brew Coffee Maker, 64 oz Wide Mouth Mason Jar Pitcher with Stainless Steel Filter, Pour Spout Handle Lid, Heavy Duty Glass Airtight & Leak-Proof Pitcher for iced coffee & Tea Lemonade</p><p> -20% 0FF </p><p>$18.49</p><a href="https://www.amazon.com/dp/B0CGWS1M51?tag=eloabder-20&linkCode=osi&th=1&psc=1">View Product</a></div><div class="product"><a href="https://www.amazon.com/dp/B0CVLJ2NQK?tag=eloabder-20&linkCode=osi&th=1&psc=1"><img src="https://m.media-amazon.com/images/I/51lQGHFBfPL._SL500_.jpg" alt="Product Image"></a><p>Zulay Kitchen 1 Gallon Cold Brew Coffee Maker - Large Iced Tea & Cold Brew Pitcher with Extra-Thick Glass & Stainless Steel Infuser - Cold Brew Coffee Maker with Airtight Lid & Spout (Silver)</p><p> -20% 0FF </p><p>$39.99</p><a href="https://www.amazon.com/dp/B0CVLJ2NQK?tag=eloabder-20&linkCode=osi&th=1&psc=1">View Product</a></div><div class="product"><a href="https://www.amazon.com/dp/B0D929JTC9?tag=eloabder-20&linkCode=osi&th=1&psc=1"><img src="https://m.media-amazon.com/images/I/41WA4B3VkCL._SL500_.jpg" alt="Product Image"></a><p>Cold Brew Coffee Maker,64oz Food Grade Glass Cold Brew Pitcher,Strong Sealing Cold Brew Maker With Fine Filter,Cold Brew Coffee Pitcher For Ice Tea&Fruit Drinks,Easy To Wash Iced Coffee Pitcher Grey</p><p> -27% 0FF </p><p>$15.99</p><a href="https://www.amazon.com/dp/B0D929JTC9?tag=eloabder-20&linkCode=osi&th=1&psc=1">View Product</a></div><div class="product"><a href="https://www.amazon.com/dp/B07VJJJ764?tag=eloabder-20&linkCode=osi&th=1&psc=1"><img src="https://m.media-amazon.com/images/I/41xKFEtM8EL._SL500_.jpg" alt="Product Image"></a><p>County Line Kitchen Glass Cold Brew Coffee Maker with Lid - Wide Mouth, 2 Quart (64 oz) - Heavy Duty, Leak Proof - Sun & Iced Tea Pitcher, Cold Brew Coffee, Breast Milk Storage, Water - Gray</p><p> -25% 0FF </p><p>$29.99</p><a href="https://www.amazon.com/dp/B07VJJJ764?tag=eloabder-20&linkCode=osi&th=1&psc=1">View Product</a></div><div class="product"><a href="https://www.amazon.com/dp/B0CKN6MCLD?tag=eloabder-20&linkCode=osi&th=1&psc=1"><img src="https://m.media-amazon.com/images/I/510bfugc5jL._SL500_.jpg" alt="Product Image"></a><p>DWTS DANWEITESI Cold Brew Coffee Maker 64 oz,2-Quart Wide Mouth Cold Brew Maker with Stainless Steel Cold Brew Filter-Mason Jar Pitcher with Lid and Spout for Coffee,Iced Coffee Accessories(Black)</p><p> -24% 0FF </p><p>$12.99</p><a href="https://www.amazon.com/dp/B0CKN6MCLD?tag=eloabder-20&linkCode=osi&th=1&psc=1">View Product</a></div>

<div class="product"><a href="https://www.amazon.com/dp/B099J3J6VJ?tag=eloabder-20&linkCode=osi&th=1&psc=1"><img src="https://m.media-amazon.com/images/I/41ecdckFeFL._SL500_.jpg" alt="Product Image"></a><p>Eurolux Percolator Coffee Maker Pot - 9 Cups | Durable Stainless Steel Material | Brew Coffee On Fire, Grill or Stovetop | No Electricity, No Bad Plastic Taste | Ideal for Home, Camping & Travel</p><p> -13% 0FF </p><p>$34.99 ($3.89 / Count)</p><a href="https://www.amazon.com/dp/B099J3J6VJ?tag=eloabder-20&linkCode=osi&th=1&psc=1">View Product</a></div><div class="product"><a href="https://www.amazon.com/dp/B0C9VW3N1X?tag=eloabder-20&linkCode=osi&th=1&psc=1"><img src="https://m.media-amazon.com/images/I/31YYKk0EaiL._SL500_.jpg" alt="Product Image"></a><p>Primula Stovetop Coffee Percolator, Premium Stainless Steel Coffee Maker with Reusable Filter Basket, Non-Drip Spout, Glass Knob Brew Indicator and Heat Resistant Handle, Dishwasher Safe, 8 Cup</p><p> -6% 0FF </p><p>$28.17</p><a href="https://www.amazon.com/dp/B0C9VW3N1X?tag=eloabder-20&linkCode=osi&th=1&psc=1">View Product</a></div><div class="product"><a href="https://www.amazon.com/dp/B0DFXBGKQW?tag=eloabder-20&linkCode=osi&th=1&psc=1"><img src="https://m.media-amazon.com/images/I/41HwFOR87NL._SL500_.jpg" alt="Product Image"></a><p>VERDETECH Glass Coffee Percolator - The Nonna | Non-Electric Borosilicate Glass & Stainless Steel | Eco-Friendly Coffee Gift | BPA Free | Stovetop Glass Percolator (1 Unit)</p><p> -14% 0FF </p><p>$59.99</p><a href="https://www.amazon.com/dp/B0DFXBGKQW?tag=eloabder-20&linkCode=osi&th=1&psc=1">View Product</a></div>

<div class="product"><a href="https://www.amazon.com/dp/B009PCI2JU?tag=eloabder-20&linkCode=osi&th=1&psc=1"><img src="https://m.media-amazon.com/images/I/319P4iuozKL._SL500_.jpg" alt="Product Image"></a><p>GE RPWFE Refrigerator Water Filter, Genuine Replacement Filter, Certified to Reduce Lead, Sulfur, and 50+ Other Impurities, Replace Every 6 Months for Best Results, Pack of 1</p><p> -11% 0FF </p><p>$49.00</p><a href="https://www.amazon.com/dp/B009PCI2JU?tag=eloabder-20&linkCode=osi&th=1&psc=1">View Product</a></div><div class="product"><a href="https://www.amazon.com/dp/B00UXG4WR8?tag=eloabder-20&linkCode=osi&th=1&psc=1"><img src="https://m.media-amazon.com/images/I/317c+XdM3jL._SL500_.jpg" alt="Product Image"></a><p>everydrop by Whirlpool Ice and Water Refrigerator Filter 1, EDR1RXD1, Single-Pack , Purple</p><p> -30% 0FF </p><p>$41.99</p><a href="https://www.amazon.com/dp/B00UXG4WR8?tag=eloabder-20&linkCode=osi&th=1&psc=1">View Product</a></div><div class="product"><a href="https://www.amazon.com/dp/B0882ZJ48W?tag=eloabder-20&linkCode=osi&th=1&psc=1"><img src="https://m.media-amazon.com/images/I/31sBIpG9D+L._SL500_.jpg" alt="Product Image"></a><p>GE XWFE Refrigerator Water Filter, Genuine Replacement Filter, Certified to Reduce Lead, Sulfur, and 50+ Other Impurities, Replace Every 6 Months for Best Results, Pack of 1</p><p> -9% 0FF </p><p>$49.95</p><a href="https://www.amazon.com/dp/B0882ZJ48W?tag=eloabder-20&linkCode=osi&th=1&psc=1">View Product</a></div><div class="product"><a href="https://www.amazon.com/dp/B08V6JB9R7?tag=eloabder-20&linkCode=osi&th=1&psc=1"><img src="https://m.media-amazon.com/images/I/31f6HhVENHL._SL500_.jpg" alt="Product Image"></a><p>Frigidaire FPPWFU01 PurePour PWF-1 Water Filter 1 Count (Pack of 1)</p><p> -28% 0FF </p><p>$38.99</p><a href="https://www.amazon.com/dp/B08V6JB9R7?tag=eloabder-20&linkCode=osi&th=1&psc=1">View Product</a></div><div class="product"><a href="https://www.amazon.com/dp/B074HLRXMP?tag=eloabder-20&linkCode=osi&th=1&psc=1"><img src="https://m.media-amazon.com/images/I/21pHfBmff3L._SL500_.jpg" alt="Product Image"></a><p>LG LT1000P - 6 Month / 200 Gallon Capacity Replacement Refrigerator Water Filter (NSF42, NSF53, and NSF401) ADQ74793501, ADQ75795105, AGF80300704, or AGF80300705 White</p><p> -19% 0FF </p><p>$44.59</p><a href="https://www.amazon.com/dp/B074HLRXMP?tag=eloabder-20&linkCode=osi&th=1&psc=1">View Product</a></div><div class="product"><a href="https://www.amazon.com/dp/B01BKWSHHE?tag=eloabder-20&linkCode=osi&th=1&psc=1"><img src="https://m.media-amazon.com/images/I/31le9xXAImL._SL500_.jpg" alt="Product Image"></a><p>Frigidaire EPTWFU01 Water Filtration Filter, 1 Count, White</p><p> -8% 0FF </p><p>$49.00</p><a href="https://www.amazon.com/dp/B01BKWSHHE?tag=eloabder-20&linkCode=osi&th=1&psc=1">View Product</a></div><div class="product"><a href="https://www.amazon.com/dp/B00VBP8QPO?tag=eloabder-20&linkCode=osi&th=1&psc=1"><img src="https://m.media-amazon.com/images/I/31NokdYCZOL._SL500_.jpg" alt="Product Image"></a><p>Everydrop by Whirlpool Ice and Water Refrigerator Filter 2, EDR2RXD1, Single-Pack</p><p> -20% 0FF </p><p>$47.99</p><a href="https://www.amazon.com/dp/B00VBP8QPO?tag=eloabder-20&linkCode=osi&th=1&psc=1">View Product</a></div><div class="product"><a href="https://www.amazon.com/dp/B00UB38V2A?tag=eloabder-20&linkCode=osi&th=1&psc=1"><img src="https://m.media-amazon.com/images/I/317IAqOtFtL._SL500_.jpg" alt="Product Image"></a><p>everydrop by Whirlpool Ice and Water Refrigerator Filter 4, EDR4RXD1, Single-Pack</p><p> -23% 0FF </p><p>$46.32 ($27.09 / Pound)</p><a href="https://www.amazon.com/dp/B00UB38V2A?tag=eloabder-20&linkCode=osi&th=1&psc=1">View Product</a></div><div class="product"><a href="https://www.amazon.com/dp/B071NFVVNG?tag=eloabder-20&linkCode=osi&th=1&psc=1"><img src="https://m.media-amazon.com/images/I/41uJIz7wOSL._SL500_.jpg" alt="Product Image"></a><p>SAMSUNG Genuine Filter for Refrigerator Water and Ice, Carbon Block Filtration, Reduces 99% of Harmful Contaminants for Clean, Clear Drinking Water, 6-Month Life, HAF-QIN/EXP, 1 Pack</p><p> -30% 0FF </p><p>$34.99</p><a href="https://www.amazon.com/dp/B071NFVVNG?tag=eloabder-20&linkCode=osi&th=1&psc=1">View Product</a></div><div class="product"><a href="https://www.amazon.com/dp/B0045LLC7K?tag=eloabder-20&linkCode=osi&th=1&psc=1"><img src="https://m.media-amazon.com/images/I/61KMsxTZCzL._SL500_.jpg" alt="Product Image"></a><p>Frigidaire WF3CB Puresource3 Refrigerator Water Filter , White, 1 Count (Pack of 1)</p><p> -12% 0FF </p><p>$42.00</p><a href="https://www.amazon.com/dp/B0045LLC7K?tag=eloabder-20&linkCode=osi&th=1&psc=1">View Product</a></div>
<div class="product"><a href="https://www.amazon.com/dp/B0CCK33WLB?tag=eloabder-20&linkCode=osi&th=1&psc=1"><img src="https://m.media-amazon.com/images/I/41EyKRnAWNL._SL500_.jpg" alt="Product Image"></a><p>Ninja Thirsti Drink System, Soda Maker, Create Unique Sparkling & Still Drinks, Personalize Size & Flavor, Carbonated Water Machine, 60L CO2 Cylinder & Variety of Flavored Water Drops, Black WC1001</p><p> -44% 0FF </p><p>$99.99</p><a href="https://www.amazon.com/dp/B0CCK33WLB?tag=eloabder-20&linkCode=osi&th=1&psc=1">View Product</a></div><div class="product"><a href="https://www.amazon.com/dp/B09K81HGGD?tag=eloabder-20&linkCode=osi&th=1&psc=1"><img src="https://m.media-amazon.com/images/I/41iyFiXEpmL._SL500_.jpg" alt="Product Image"></a><p>PHILIPS Sparkling Water Maker Soda Maker Soda Streaming Machine for Carbonating with 1L Carbonating Bottle, Seltzer Fizzy Water Maker, Compatible with Any Screw-in 60L CO2 Carbonator(NOT Included)</p><p> -20% 0FF </p><p>$53.97 ($53.97 / Count)</p><a href="https://www.amazon.com/dp/B09K81HGGD?tag=eloabder-20&linkCode=osi&th=1&psc=1">View Product</a></div><div class="product"><a href="https://www.amazon.com/dp/B08HR72YN1?tag=eloabder-20&linkCode=osi&th=1&psc=1"><img src="https://m.media-amazon.com/images/I/41m9KO8snqL._SL500_.jpg" alt="Product Image"></a><p>aarke - Carbonator III Premium Carbonator-Sparkling & Seltzer Water Maker-Soda Maker with PET Bottle (Stainless Steel)</p><p> -16% 0FF </p><p>$189.99</p><a href="https://www.amazon.com/dp/B08HR72YN1?tag=eloabder-20&linkCode=osi&th=1&psc=1">View Product</a></div><div class="product"><a href="https://www.amazon.com/dp/B01MAVUI17?tag=eloabder-20&linkCode=osi&th=1&psc=1"><img src="https://m.media-amazon.com/images/I/31hwDO28c+L._SL500_.jpg" alt="Product Image"></a><p>iSi North America Soda Siphon Classic Mesh Sodamaker for Making Carbonating Beverages, 1 Quart, Stainless Steel,Silver</p><p> -27% 0FF </p><p>$91.24</p><a href="https://www.amazon.com/dp/B01MAVUI17?tag=eloabder-20&linkCode=osi&th=1&psc=1">View Product</a></div><div class="product"><a href="https://www.amazon.com/dp/B097TD8V5P?tag=eloabder-20&linkCode=osi&th=1&psc=1"><img src="https://m.media-amazon.com/images/I/41waAUN4cYL._SL500_.jpg" alt="Product Image"></a><p>SodaStream Terra Sparkling Water Maker (Black) with CO2 and DWS Bottle</p><p> -18% 0FF </p><p>$81.99</p><a href="https://www.amazon.com/dp/B097TD8V5P?tag=eloabder-20&linkCode=osi&th=1&psc=1">View Product</a></div><div class="product"><a href="https://www.amazon.com/dp/B0CG8W3YTG?tag=eloabder-20&linkCode=osi&th=1&psc=1"><img src="https://m.media-amazon.com/images/I/41o-dYH8ZFL._SL500_.jpg" alt="Product Image"></a><p>spoonlemon Sparkling Water Maker,Soda Streaming Machine for Home Use, Carbonated Water Machine with BPA Free 1L PET Bottle, Compatible with Any Screw-in 60L CO2 Exchange Carbonator, Black</p><p> -40% 0FF </p><p>$29.99</p><a href="https://www.amazon.com/dp/B0CG8W3YTG?tag=eloabder-20&linkCode=osi&th=1&psc=1">View Product</a></div>
<div class="product"><a href="https://www.amazon.com/dp/B0CNV1ZVFY?tag=eloabder-20&linkCode=osi&th=1&psc=1"><img src="https://m.media-amazon.com/images/I/51-GQToXwtL._SL500_.jpg" alt="Product Image"></a><p>Zulay Powerful Milk Frother (4 Duracell Batteries Included) - Handheld Milk Frother Wand Drink Mixer for Coffee - Powerful Milk Foamer for Cappuccino, Frappe, Matcha & Coffee Creamer - Black</p><p> -27% 0FF </p><p>$15.99</p><a href="https://www.amazon.com/dp/B0CNV1ZVFY?tag=eloabder-20&linkCode=osi&th=1&psc=1">View Product</a></div><div class="product"><a href="https://www.amazon.com/dp/B0CQS3ZS76?tag=eloabder-20&linkCode=osi&th=1&psc=1"><img src="https://m.media-amazon.com/images/I/41Qi-eOYOAL._SL500_.jpg" alt="Product Image"></a><p>5-in-1 Milk Frother and Steamer - Upgraded Automatic Milk Steamer 11.8oz Hot & Cold Foam Maker and Milk Warmer with LED Display Touch Screen & Two Whisks for Latte,Cappuccinos,Silent Working</p><p> -20% 0FF </p><p>$36.98</p><a href="https://www.amazon.com/dp/B0CQS3ZS76?tag=eloabder-20&linkCode=osi&th=1&psc=1">View Product</a></div><div class="product"><a href="https://www.amazon.com/dp/B0CT43RWPQ?tag=eloabder-20&linkCode=osi&th=1&psc=1"><img src="https://m.media-amazon.com/images/I/3113HSHcJUL._SL500_.jpg" alt="Product Image"></a><p>Keurig® SimpleCafé Milk Frother</p><p> -20% 0FF </p><p>$23.99</p><a href="https://www.amazon.com/dp/B0CT43RWPQ?tag=eloabder-20&linkCode=osi&th=1&psc=1">View Product</a></div>
<div class="product"><a href="https://www.amazon.com/dp/B00ZGCKLE2?tag=eloabder-20&linkCode=osi&th=1&psc=1"><img src="https://m.media-amazon.com/images/I/31i6YnOvfAL._SL500_.jpg" alt="Product Image"></a><p>DASH Deluxe Rapid Egg Cooker for Hard Boiled, Poached, Scrambled Eggs, Omelets, Steamed Vegetables, Dumplings & More, 12 capacity, with Auto Shut Off Feature - Black</p><p> -8% 0FF </p><p>$22.94</p><a href="https://www.amazon.com/dp/B00ZGCKLE2?tag=eloabder-20&linkCode=osi&th=1&psc=1">View Product</a></div><div class="product"><a href="https://www.amazon.com/dp/B09YFBKGCS?tag=eloabder-20&linkCode=osi&th=1&psc=1"><img src="https://m.media-amazon.com/images/I/31eiNcNseHL._SL500_.jpg" alt="Product Image"></a><p>Elite Gourmet Easy Electric 7 Egg Capacity Soft, Medium, Hard-Boiled Cooker Poacher, Scrambled, Omelet Maker with Auto Shut-Off and Buzzer, BPA Free</p><p> -7% 0FF </p><p>$13.99</p><a href="https://www.amazon.com/dp/B09YFBKGCS?tag=eloabder-20&linkCode=osi&th=1&psc=1">View Product</a></div>
<div class="product"><a href="https://www.amazon.com/dp/B0D69JWL18?tag=eloabder-20&linkCode=osi&th=1&psc=1"><img src="https://m.media-amazon.com/images/I/41kYQfIKwhL._SL500_.jpg" alt="Product Image"></a><p>Electric Meat Grinder, Sausage Stuffer Maker 450W(3000W Max) Food Grinder with Blade & 3 Plates, Sausage Stuffer Tubes & Kubbe Kit, Stainless Steel Heavy Duty Meat Mincer Machine for Home Kitchen Use</p><p> -15% 0FF </p><p>$68.99</p><a href="https://www.amazon.com/dp/B0D69JWL18?tag=eloabder-20&linkCode=osi&th=1&psc=1">View Product</a></div>
<div class="product"><a href="https://www.amazon.com/dp/B0DFMVWB9L?tag=eloabder-20&linkCode=osi&th=1&psc=1"><img src="https://m.media-amazon.com/images/I/419rFpp0fLL._SL500_.jpg" alt="Product Image"></a><p>Dough Mixer 7L Large Capacity Electric Dough Maker with Ferment Function for Baking Bread Dough&Pizza Dough - Dough whisk 304 Stainless Steel Blender Add water/seasoning with Top Small Window</p><p> -33% 0FF </p><p>$93.99</p><a href="https://www.amazon.com/dp/B0DFMVWB9L?tag=eloabder-20&linkCode=osi&th=1&psc=1">View Product</a></div><div class="product"><a href="https://www.amazon.com/dp/B09BVDKSTN?tag=eloabder-20&linkCode=osi&th=1&psc=1"><img src="https://m.media-amazon.com/images/I/41Y7r4SvteL._SL500_.jpg" alt="Product Image"></a><p>Kitchen in the box Stand Mixer,3.2Qt Small Electric Food Mixer,6 Speeds Portable Lightweight Kitchen Mixer for Daily Use with Egg Whisk,Dough Hook,Flat Beater (Blue)</p><p> -20% 0FF </p><p>$79.99</p><a href="https://www.amazon.com/dp/B09BVDKSTN?tag=eloabder-20&linkCode=osi&th=1&psc=1">View Product</a></div><div class="product"><a href="https://www.amazon.com/dp/B0DDT7GKZS?tag=eloabder-20&linkCode=osi&th=1&psc=1"><img src="https://m.media-amazon.com/images/I/41l9zrpiWsL._SL500_.jpg" alt="Product Image"></a><p>Electric Dough Maker with Ferment Function, 5L(5.2QT) Dough Mixer Machine with 304 Stainless Steel Bowl, Microcomputer Timing, Kitchen Stand Mixers, Household Flour Kneading Machine for Pizza Bread</p><p> -10% 0FF </p><p>$89.99</p><a href="https://www.amazon.com/dp/B0DDT7GKZS?tag=eloabder-20&linkCode=osi&th=1&psc=1">View Product</a></div>
<div class="product"><a href="https://www.amazon.com/dp/B006N453NQ?tag=eloabder-20&linkCode=osi&th=1&psc=1"><img src="https://m.media-amazon.com/images/I/311EqpHCn9L._SL500_.jpg" alt="Product Image"></a><p>IMUSA USA Tortilla Press, 8 Inch, Silver</p><p> -38% 0FF </p><p>$12.39</p><a href="https://www.amazon.com/dp/B006N453NQ?tag=eloabder-20&linkCode=osi&th=1&psc=1">View Product</a></div><div class="product"><a href="https://www.amazon.com/dp/B00455NTOU?tag=eloabder-20&linkCode=osi&th=1&psc=1"><img src="https://m.media-amazon.com/images/I/41OXJbbz3fL._SL500_.jpg" alt="Product Image"></a><p>CucinaPro Electric Tortilla Maker - 10" Pitas, Chapati, Roti, Flatbread, Non-Stick Cooking Plates with Ready Light and Cord Wrap</p><p> -12% 0FF </p><p>$61.65</p><a href="https://www.amazon.com/dp/B00455NTOU?tag=eloabder-20&linkCode=osi&th=1&psc=1">View Product</a></div><div class="product"><a href="https://www.amazon.com/dp/B00IFDGST6?tag=eloabder-20&linkCode=osi&th=1&psc=1"><img src="https://m.media-amazon.com/images/I/41gVmZedZML._SL500_.jpg" alt="Product Image"></a><p>Manual Corn Tortilla Maker by Monarca</p><p> -29% 0FF </p><p>$105.78</p><a href="https://www.amazon.com/dp/B00IFDGST6?tag=eloabder-20&linkCode=osi&th=1&psc=1">View Product</a></div><div class="product"><a href="https://www.amazon.com/dp/B0CRF6ZZDJ?tag=eloabder-20&linkCode=osi&th=1&psc=1"><img src="https://m.media-amazon.com/images/I/41NLGn3m6PL._SL500_.jpg" alt="Product Image"></a><p>10inch Roti Maker by StarBlue with FREE Roti Warmer and Removable Handle - The automatic Stainless Steel Non-Stick Electric machine to make Indian style Chapati, Tortilla, Roti AC 110V 50/60Hz 1200W</p><p> -13% 0FF </p><p>$69.99</p><a href="https://www.amazon.com/dp/B0CRF6ZZDJ?tag=eloabder-20&linkCode=osi&th=1&psc=1">View Product</a></div><div class="product"><a href="https://www.amazon.com/dp/B06XWNDKW7?tag=eloabder-20&linkCode=osi&th=1&psc=1"><img src="https://m.media-amazon.com/images/I/41nx+omSxCL._SL500_.jpg" alt="Product Image"></a><p>Made in Mexico Manual Corn Tortilla Maker GONZALEZ Maquina Tortilladora Aluminum 5.5" Automatic Cutting Machine</p><p> -5% 0FF </p><p>$209.87</p><a href="https://www.amazon.com/dp/B06XWNDKW7?tag=eloabder-20&linkCode=osi&th=1&psc=1">View Product</a></div>
<div class="product"><a href="https://www.amazon.com/dp/B0C82BY7CK?tag=eloabder-20&linkCode=osi&th=1&psc=1"><img src="https://m.media-amazon.com/images/I/51c+eLUrDVL._SL500_.jpg" alt="Product Image"></a><p>nutrichef Electric Crepe Maker Pan & Griddle, 12 Inch Nonstick Cooktop, LED Indicators & Adjustable Temperature Control, Includes Spatula, Batter Spreader, Cooks Crepes, Roti & Pancakes</p><p> -17% 0FF </p><p>$24.99</p><a href="https://www.amazon.com/dp/B0C82BY7CK?tag=eloabder-20&linkCode=osi&th=1&psc=1">View Product</a></div><div class="product"><a href="https://www.amazon.com/dp/B000WW46QA?tag=eloabder-20&linkCode=osi&th=1&psc=1"><img src="https://m.media-amazon.com/images/I/41CY+mgFAmL._SL500_.jpg" alt="Product Image"></a><p>CucinaPro Cordless Crepe Maker- FREE Recipe Guide, NonStick Dipping Plate plus Electric Base & Batter Spatula, Portable Compact Baker, Homemade Holiday Morning Breakfast or Dessert Treat, Gift for Her</p><p> -20% 0FF </p><p>$39.95</p><a href="https://www.amazon.com/dp/B000WW46QA?tag=eloabder-20&linkCode=osi&th=1&psc=1">View Product</a></div><div class="product"><a href="https://www.amazon.com/dp/B07GSFVVDB?tag=eloabder-20&linkCode=osi&th=1&psc=1"><img src="https://m.media-amazon.com/images/I/51XKEoqpDBL._SL500_.jpg" alt="Product Image"></a><p>Crepe Maker Machine (Easy to Use), Pancake Griddle – Nonstick 12” Electric Griddle – Pancake Maker, Batter Spreader, Wooden Spatula – Crepe Pan for Crepes Roti, Tortilla, Blintzes – Portable, Compact</p><p> -36% 0FF </p><p>$31.99 ($0.77 / oz)</p><a href="https://www.amazon.com/dp/B07GSFVVDB?tag=eloabder-20&linkCode=osi&th=1&psc=1">View Product</a></div><div class="product"><a href="https://www.amazon.com/dp/B001EZCJL8?tag=eloabder-20&linkCode=osi&th=1&psc=1"><img src="https://m.media-amazon.com/images/I/51Ih03aFGjL._SL500_.jpg" alt="Product Image"></a><p>12" Griddle & Crepe Maker, Non-Stick Electric Crepe Pan w Batter Spreader & Recipe Guide- Dual Use for Blintzes Eggs Pancakes, Portable, Adjustable Temperature Settings - Holiday Breakfast, Xmas Gift</p><p> -20% 0FF </p><p>$39.95</p><a href="https://www.amazon.com/dp/B001EZCJL8?tag=eloabder-20&linkCode=osi&th=1&psc=1">View Product</a></div>
<div class="product"><a href="https://www.amazon.com/dp/B000FZ4TZC?tag=eloabder-20&linkCode=osi&th=1&psc=1"><img src="https://m.media-amazon.com/images/I/31nyHOkItNL._SL500_.jpg" alt="Product Image"></a><p>Nostalgia 3 Tier Electric Chocolate Fondue Fountain Machine for Parties - Melts Cheese, Queso, Candy, and Liqueur - Dip Strawberries, Apple Wedges, Vegetables, and More - 24-Ounce - Black, Small</p><p> -13% 0FF </p><p>$34.99</p><a href="https://www.amazon.com/dp/B000FZ4TZC?tag=eloabder-20&linkCode=osi&th=1&psc=1">View Product</a></div><div class="product"><a href="https://www.amazon.com/dp/B0D7SZXBRW?tag=eloabder-20&linkCode=osi&th=1&psc=1"><img src="https://m.media-amazon.com/images/I/41+DhKbj5zL._SL500_.jpg" alt="Product Image"></a><p>Electric Chocolate Fondue Fountain Machine, 3-Tier Chocolate and Cheese Melting Fountain with 10oz Capacity, Stainless Steel Mini Chocolate Fountain for Parties, Weddings, Birthdays, and Events</p><p> -24% 0FF </p><p>$18.99</p><a href="https://www.amazon.com/dp/B0D7SZXBRW?tag=eloabder-20&linkCode=osi&th=1&psc=1">View Product</a></div>
<div class="product"><a href="https://www.amazon.com/dp/B0888F15LM?tag=eloabder-20&linkCode=osi&th=1&psc=1"><img src="https://m.media-amazon.com/images/I/41Ikd-J1tpL._SL500_.jpg" alt="Product Image"></a><p>Taylor Swoden Electric Kettle with Tea Infuser, 1L Small Electric Tea Kettle with Keep Warm, LED Light Hot Water Boiler & Heater for Coffee & Tea, Auto Shut-Off & Boil Dry Protection, BPA Free, Black</p><p> -7% 0FF </p><p>$27.99</p><a href="https://www.amazon.com/dp/B0888F15LM?tag=eloabder-20&linkCode=osi&th=1&psc=1">View Product</a></div>
<div class="product"><a href="https://www.amazon.com/dp/B07X6C6J25?tag=eloabder-20&linkCode=osi&th=1&psc=1"><img src="https://m.media-amazon.com/images/I/41RaGumc3qL._SL500_.jpg" alt="Product Image"></a><p>ALINK 5-Pack Bottle Brush Cleaner - Long Bamboo Handle Water Bottle Straw Cleaning Brush for Washing Narrow Neck Beer Wine Decanter, Sports Bottle, Thermos, Flask</p><p> -29% 0FF </p><p>$9.99</p><a href="https://www.amazon.com/dp/B07X6C6J25?tag=eloabder-20&linkCode=osi&th=1&psc=1">View Product</a></div><div class="product"><a href="https://www.amazon.com/dp/B0BQLGCQVD?tag=eloabder-20&linkCode=osi&th=1&psc=1"><img src="https://m.media-amazon.com/images/I/3144LGFz9-L._SL500_.jpg" alt="Product Image"></a><p>5 Pcs Bottle Brush with Stainless Steel and Long Handle, Specialized for Sports Bottles, Baby Bottle, Cups, Coffee Mugs, Glasswares, Tumblers, Wine Decanters Cleaning</p><p> -25% 0FF </p><p>$1.50</p><a href="https://www.amazon.com/dp/B0BQLGCQVD?tag=eloabder-20&linkCode=osi&th=1&psc=1">View Product</a></div>
<div class="product"><a href="https://www.amazon.com/dp/B01EVHWNVG?tag=eloabder-20&linkCode=osi&th=1&psc=1"><img src="https://m.media-amazon.com/images/I/41DiyhHQuzL._SL500_.jpg" alt="Product Image"></a><p>Zojirushi NS-LGC05XB Micom Rice Cooker & Warmer, 3-Cups (uncooked), Stainless Black</p><p> -27% 0FF </p><p>$142.14</p><a href="https://www.amazon.com/dp/B01EVHWNVG?tag=eloabder-20&linkCode=osi&th=1&psc=1">View Product</a></div><div class="product"><a href="https://www.amazon.com/dp/B098BVDKYK?tag=eloabder-20&linkCode=osi&th=1&psc=1"><img src="https://m.media-amazon.com/images/I/31LwHSfartL._SL500_.jpg" alt="Product Image"></a><p>Aroma Housewares 4-Cups (Cooked) / 1Qt. Rice & Grain Cooker (ARC-302NGP), Pink</p><p> -20% 0FF </p><p>$19.99</p><a href="https://www.amazon.com/dp/B098BVDKYK?tag=eloabder-20&linkCode=osi&th=1&psc=1">View Product</a></div><div class="product"><a href="https://www.amazon.com/dp/B091BZQMMT?tag=eloabder-20&linkCode=osi&th=1&psc=1"><img src="https://m.media-amazon.com/images/I/31L3e+bmJ3L._SL500_.jpg" alt="Product Image"></a><p>GreenLife 4-Cup Digital Rice Cooker, PFAS & PFOA-Free Removable Ceramic Dishwasher Safe Pot, Healthy Cooking Oats Grains & More, Auto Presets, Touch-screen, Delay & Keep Warm, Paddle Included, White</p><p> -34% 0FF </p><p>$33.00</p><a href="https://www.amazon.com/dp/B091BZQMMT?tag=eloabder-20&linkCode=osi&th=1&psc=1">View Product</a></div><div class="product"><a href="https://www.amazon.com/dp/B00007J5U7?tag=eloabder-20&linkCode=osi&th=1&psc=1"><img src="https://m.media-amazon.com/images/I/31wuPFARpOS._SL500_.jpg" alt="Product Image"></a><p>Zojirushi NS-ZCC10 5-1/2-Cup Neuro Fuzzy Rice Cooker and Warmer, Premium White</p><p> -18% 0FF </p><p>$199.99</p><a href="https://www.amazon.com/dp/B00007J5U7?tag=eloabder-20&linkCode=osi&th=1&psc=1">View Product</a></div>
<div class="product"><a href="https://www.amazon.com/dp/B01LYR6VNZ?tag=eloabder-20&linkCode=osi&th=1&psc=1"><img src="https://m.media-amazon.com/images/I/51BYZ5qkPBL._SL500_.jpg" alt="Product Image"></a><p>BLACK+DECKER 1.5-Cup Electric Food Chopper, One Touch Pulse, 150W Motor, Stay-Sharp Blade, Dishwasher Safe</p><p> -15% 0FF </p><p>$16.99</p><a href="https://www.amazon.com/dp/B01LYR6VNZ?tag=eloabder-20&linkCode=osi&th=1&psc=1">View Product</a></div><div class="product"><a href="https://www.amazon.com/dp/B01LX8I3R3?tag=eloabder-20&linkCode=osi&th=1&psc=1"><img src="https://m.media-amazon.com/images/I/31OuiPMscGL._SL500_.jpg" alt="Product Image"></a><p>KitchenAid KFC3516CU 3.5 Cup Food Chopper, Contour Silver</p><p> -25% 0FF </p><p>$44.95</p><a href="https://www.amazon.com/dp/B01LX8I3R3?tag=eloabder-20&linkCode=osi&th=1&psc=1">View Product</a></div><div class="product"><a href="https://www.amazon.com/dp/B00006IUX0?tag=eloabder-20&linkCode=osi&th=1&psc=1"><img src="https://m.media-amazon.com/images/I/41DiC1LmvUL._SL500_.jpg" alt="Product Image"></a><p>Proctor Silex Durable Electric Vegetable Chopper & Mini Food Processor for Chopping, Puree & Emulsify, 1.5 Cup, 1.5 cups, White</p><p> -17% 0FF </p><p>$14.99</p><a href="https://www.amazon.com/dp/B00006IUX0?tag=eloabder-20&linkCode=osi&th=1&psc=1">View Product</a></div><div class="product"><a href="https://www.amazon.com/dp/B0CSYVGP9S?tag=eloabder-20&linkCode=osi&th=1&psc=1"><img src="https://m.media-amazon.com/images/I/41kBleyq34L._SL500_.jpg" alt="Product Image"></a><p>DEVINC Food Processor, Electric Food Chopper with 2 Bowls (8 Cup+8 Cup), 2 Sets Blades, 500W Meat Grinder & Veggie Chopper, 2 Speed for Baby food &Family Use Blue</p><p> -40% 0FF </p><p>$29.99</p><a href="https://www.amazon.com/dp/B0CSYVGP9S?tag=eloabder-20&linkCode=osi&th=1&psc=1">View Product</a></div>
<div class="product"><a href="https://www.amazon.com/dp/B07D7TFTVN?tag=eloabder-20&linkCode=osi&th=1&psc=1"><img src="https://m.media-amazon.com/images/I/31ZeQnL1X4L._SL500_.jpg" alt="Product Image"></a><p>Elite Gourmet EMT-625B Ultimate Precision Electric Deli Food Meat Slicer Removable Stainless Steel Blade, Adjustable Thickness, Ideal for Cold Cuts, Hard Cheese, Vegetables & Bread, 7.5”, Black</p><p> -25% 0FF </p><p>$60.24</p><a href="https://www.amazon.com/dp/B07D7TFTVN?tag=eloabder-20&linkCode=osi&th=1&psc=1">View Product</a></div><div class="product"><a href="https://www.amazon.com/dp/B0CLDD8DHP?tag=eloabder-20&linkCode=osi&th=1&psc=1"><img src="https://m.media-amazon.com/images/I/41ScDNLkLAL._SL500_.jpg" alt="Product Image"></a><p>Meat Slicer,TOKASS Electric Deli Food Slicer with Removable 7.5’’ Stainless Steel Blade, Adjustable Thickness Meat Slicer for Home Use, Child Lock Protection, Easy to Clean, Food Slicer Machine-Silver</p><p> -5% 0FF </p><p>$89.99</p><a href="https://www.amazon.com/dp/B0CLDD8DHP?tag=eloabder-20&linkCode=osi&th=1&psc=1">View Product</a></div><div class="product"><a href="https://www.amazon.com/dp/B08FWZ9J18?tag=eloabder-20&linkCode=osi&th=1&psc=1"><img src="https://m.media-amazon.com/images/I/41YjSPaAYwL._SL500_.jpg" alt="Product Image"></a><p>Meat Slicer, Techwood Electric Deil Food Slicer with Removable 9” Stainless Steel Blade, Deli Cheese Fruit Vegetable Bread Cutter with Adjustable Knob for Thickness, Food Carriage & Non-Slip Feet</p><p> -22% 0FF </p><p>$139.98</p><a href="https://www.amazon.com/dp/B08FWZ9J18?tag=eloabder-20&linkCode=osi&th=1&psc=1">View Product</a></div>
<div class="product"><a href="https://www.amazon.com/dp/B00XPRRHYW?tag=eloabder-20&linkCode=osi&th=1&psc=1"><img src="https://m.media-amazon.com/images/I/31dUvP1wfeL._SL500_.jpg" alt="Product Image"></a><p>KitchenAid Fruit and Vegetable Spiralizer Attachment Stand Mixer, Polished Aluminum</p><p> -46% 0FF </p><p>$69.99</p><a href="https://www.amazon.com/dp/B00XPRRHYW?tag=eloabder-20&linkCode=osi&th=1&psc=1">View Product</a></div>
<div class="product"><a href="https://www.amazon.com/dp/B07DD3CPMW?tag=eloabder-20&linkCode=osi&th=1&psc=1"><img src="https://m.media-amazon.com/images/I/415ikDbvbCL._SL500_.jpg" alt="Product Image"></a><p>OVENTE Portable 5 Speed Mixing Electric Hand Mixer with Stainless Steel Whisk Beater Attachments & Snap Storage Case, Compact Lightweight 150 Watt Powerful Blender for Baking & Cooking, Red HM151R</p><p> -8% 0FF </p><p>$15.63</p><a href="https://www.amazon.com/dp/B07DD3CPMW?tag=eloabder-20&linkCode=osi&th=1&psc=1">View Product</a></div><div class="product"><a href="https://www.amazon.com/dp/B009N68ULS?tag=eloabder-20&linkCode=osi&th=1&psc=1"><img src="https://m.media-amazon.com/images/I/31pxKM3rl7L._SL500_.jpg" alt="Product Image"></a><p>KitchenAid 5 Speed Ultra Power Hand Mixer, Onyx Black</p><p> -25% 0FF </p><p>$44.95</p><a href="https://www.amazon.com/dp/B009N68ULS?tag=eloabder-20&linkCode=osi&th=1&psc=1">View Product</a></div><div class="product"><a href="https://www.amazon.com/dp/B09JV8DBX5?tag=eloabder-20&linkCode=osi&th=1&psc=1"><img src="https://m.media-amazon.com/images/I/31rRc0J8DTL._SL500_.jpg" alt="Product Image"></a><p>KitchenAid 6 Speed Hand Mixer with Flex Edge Beaters - KHM6118</p><p> -25% 0FF </p><p>$59.99</p><a href="https://www.amazon.com/dp/B09JV8DBX5?tag=eloabder-20&linkCode=osi&th=1&psc=1">View Product</a></div><div class="product"><a href="https://www.amazon.com/dp/B0BS75GLH2?tag=eloabder-20&linkCode=osi&th=1&psc=1"><img src="https://m.media-amazon.com/images/I/31Dss3HeqwL._SL500_.jpg" alt="Product Image"></a><p>Electric Egg Beater, Cordless Hand Mixer 3 Speeds for Home Baking (Black)</p><p> -11% 0FF </p><p>$15.97</p><a href="https://www.amazon.com/dp/B0BS75GLH2?tag=eloabder-20&linkCode=osi&th=1&psc=1">View Product</a></div><div class="product"><a href="https://www.amazon.com/dp/B075X1KPLZ?tag=eloabder-20&linkCode=osi&th=1&psc=1"><img src="https://m.media-amazon.com/images/I/515aqZsYz-L._SL500_.jpg" alt="Product Image"></a><p>Mueller Immersion Blender Handheld - 8 Speed Stainless Steel Electric Hand Blender, 3 in 1 Emulsion Blender Handheld with Turbo Mode, Stick Blender Emulsifier for Kitchen for Soup, Smoothie, Puree</p><p> -13% 0FF </p><p>$34.99</p><a href="https://www.amazon.com/dp/B075X1KPLZ?tag=eloabder-20&linkCode=osi&th=1&psc=1">View Product</a></div>
<div class="product"><a href="https://www.amazon.com/dp/B07GJXFCGR?tag=eloabder-20&linkCode=osi&th=1&psc=1"><img src="https://m.media-amazon.com/images/I/41bfOIwQ93L._SL500_.jpg" alt="Product Image"></a><p>Whisk Wiper® PRO compatible with KitchenAid Bowl-Lift Stand Mixers - Mix Without The Mess - The Ultimate Stand Mixer Accessory - Only Compatible With 6-Wire Whisks (Glass Blue)</p><p> -5% 0FF </p><p>$18.95</p><a href="https://www.amazon.com/dp/B07GJXFCGR?tag=eloabder-20&linkCode=osi&th=1&psc=1">View Product</a></div><div class="product"><a href="https://www.amazon.com/dp/B07796MWGN?tag=eloabder-20&linkCode=osi&th=1&psc=1"><img src="https://m.media-amazon.com/images/I/41GMDDQ6GWL._SL500_.jpg" alt="Product Image"></a><p>Whisk Wiper® PRO for Stand Mixers - Mix Without The Mess - The Ultimate Stand Mixer Accessory - Compatible With KitchenAid Tilt-Head Stand Mixers - 4.5qt, 5qt (Color: Clear)</p><p> -5% 0FF </p><p>$18.95</p><a href="https://www.amazon.com/dp/B07796MWGN?tag=eloabder-20&linkCode=osi&th=1&psc=1">View Product</a></div><div class="product"><a href="https://www.amazon.com/dp/B091F4PDNH?tag=eloabder-20&linkCode=osi&th=1&psc=1"><img src="https://m.media-amazon.com/images/I/31sUVweurbL._SL500_.jpg" alt="Product Image"></a><p>3- in-1 Immersion Hand blender, Powerful MOTOR & Stainless Steel Stick Blender, 4 Sharpe Blades with Whisk, Milk Frother Attachments</p><p> -16% 0FF </p><p>$22.80</p><a href="https://www.amazon.com/dp/B091F4PDNH?tag=eloabder-20&linkCode=osi&th=1&psc=1">View Product</a></div><div class="product"><a href="https://www.amazon.com/dp/B0CH4YZMTN?tag=eloabder-20&linkCode=osi&th=1&psc=1"><img src="https://m.media-amazon.com/images/I/41Q0AfduopL._SL500_.jpg" alt="Product Image"></a><p>Double Whisk Milk Frother, Handheld Electric Blender stick, Drink Mixer with Food Grade Stainless Steel Stirrer, Battery Operated Foam Maker for Coffee, Cappuccino, Matcha,Hot Chocolate Latte, in Pink</p><p> -20% 0FF </p><p>$7.99</p><a href="https://www.amazon.com/dp/B0CH4YZMTN?tag=eloabder-20&linkCode=osi&th=1&psc=1">View Product</a></div>
<div class="product"><a href="https://www.amazon.com/dp/B072TNMLNF?tag=eloabder-20&linkCode=osi&th=1&psc=1"><img src="https://m.media-amazon.com/images/I/41OnUdyH+sL._SL500_.jpg" alt="Product Image"></a><p>KitchenAid Vegetable Sheet Cutter, 1, Metallic</p><p> -38% 0FF </p><p>$79.99</p><a href="https://www.amazon.com/dp/B072TNMLNF?tag=eloabder-20&linkCode=osi&th=1&psc=1">View Product</a></div><div class="product"><a href="https://www.amazon.com/dp/B08GS17PFW?tag=eloabder-20&linkCode=osi&th=1&psc=1"><img src="https://m.media-amazon.com/images/I/41wT8q2I1aL._SL500_.jpg" alt="Product Image"></a><p>Spiralizer Attachment (5 Blades) Compatible with KitchenAid Stand Mixer, Comes with Peel, Core and Slice (Not KitchenAid Brand Spiralizer)</p><p> -22% 0FF </p><p>$69.98</p><a href="https://www.amazon.com/dp/B08GS17PFW?tag=eloabder-20&linkCode=osi&th=1&psc=1">View Product</a></div><div class="product"><a href="https://www.amazon.com/dp/B07H4K499J?tag=eloabder-20&linkCode=osi&th=1&psc=1"><img src="https://m.media-amazon.com/images/I/41y9+qxAXXL._SL500_.jpg" alt="Product Image"></a><p>Electric Food Processor,Food Chopper with Garlic Peeler and Titanium Coating Blades, 5 Cup Glass Bowl for Vegetables Fruit Salad Onion Garlic Meat Ice Chopper, Silver</p><p> -7% 0FF </p><p>$41.99</p><a href="https://www.amazon.com/dp/B07H4K499J?tag=eloabder-20&linkCode=osi&th=1&psc=1">View Product</a></div><div class="product"><a href="https://www.amazon.com/dp/B0D54CYJWN?tag=eloabder-20&linkCode=osi&th=1&psc=1"><img src="https://m.media-amazon.com/images/I/41JhLwIwMEL._SL500_.jpg" alt="Product Image"></a><p>Sunvivi Electric Food Chopper, 4 in 1 Small Food Processor for Grinding Meat, Peeling Garlic & Juicing, 2 Speed Blender and Food Grinder Combo with 1.5L Glass Bowl & 2 Cups (0.4L+0.2L), Black</p><p> -17% 0FF </p><p>$49.99</p><a href="https://www.amazon.com/dp/B0D54CYJWN?tag=eloabder-20&linkCode=osi&th=1&psc=1">View Product</a></div>
<div class="product"><a href="https://www.amazon.com/dp/B0CJLKS9CR?tag=eloabder-20&linkCode=osi&th=1&psc=1"><img src="https://m.media-amazon.com/images/I/41l9Ty14tRL._SL500_.jpg" alt="Product Image"></a><p>Mason Jar Vacuum Sealer - Electric Mason Jar Sealer Vacuum Sealing Kit, Vacuum Sealer for Mason Canning Jars with Can Opener, Regular and Wide Mouth Mason Jar Lids</p><p> -63% 0FF </p><p>$21.99</p><a href="https://www.amazon.com/dp/B0CJLKS9CR?tag=eloabder-20&linkCode=osi&th=1&psc=1">View Product</a></div>
<div class="product"><a href="https://www.amazon.com/dp/B01261VEOG?tag=eloabder-20&linkCode=osi&th=1&psc=1"><img src="https://m.media-amazon.com/images/I/418kVwEu+dL._SL500_.jpg" alt="Product Image"></a><p>Secura Electric Wine Opener, Automatic Electric Wine Bottle Corkscrew Opener with Foil Cutter, Rechargeable (Stainless Steel)</p><p> -35% 0FF </p><p>$21.77</p><a href="https://www.amazon.com/dp/B01261VEOG?tag=eloabder-20&linkCode=osi&th=1&psc=1">View Product</a></div><div class="product"><a href="https://www.amazon.com/dp/B07MH2W7QS?tag=eloabder-20&linkCode=osi&th=1&psc=1"><img src="https://m.media-amazon.com/images/I/41SB3Mq+ZtL._SL500_.jpg" alt="Product Image"></a><p>Air Pressure Pump Bottle Opener With Foil Cutter,Aerator Pourer,Vacuum Stopper(4PCS),Simple Cork Remover,Efficient Corkscrew Bottle Opener,Great For Wine Lovers,Perfect Wine Gift.</p><p> -33% 0FF </p><p>$9.99</p><a href="https://www.amazon.com/dp/B07MH2W7QS?tag=eloabder-20&linkCode=osi&th=1&psc=1">View Product</a></div><div class="product"><a href="https://www.amazon.com/dp/B08D8XHNXQ?tag=eloabder-20&linkCode=osi&th=1&psc=1"><img src="https://m.media-amazon.com/images/I/412uOa7TXAL._SL500_.jpg" alt="Product Image"></a><p>COKUNST Electric Wine Opener, Battery Operated Wine Bottle Openers with Foil Cutter, One-click Button Corkscrew Remover for Home Kitchen Party Wedding</p><p> -32% 0FF </p><p>$12.99</p><a href="https://www.amazon.com/dp/B08D8XHNXQ?tag=eloabder-20&linkCode=osi&th=1&psc=1">View Product</a></div><div class="product"><a href="https://www.amazon.com/dp/B00NOPV4JO?tag=eloabder-20&linkCode=osi&th=1&psc=1"><img src="https://m.media-amazon.com/images/I/31Z5OAL71SL._SL500_.jpg" alt="Product Image"></a><p>Rabbit Automatic Electric Corkscrew Wine Bottle Opener, One Size, Shiny Black</p><p> -24% 0FF </p><p>$34.99</p><a href="https://www.amazon.com/dp/B00NOPV4JO?tag=eloabder-20&linkCode=osi&th=1&psc=1">View Product</a></div>
<div class="product"><a href="https://www.amazon.com/dp/B0C84YQTNB?tag=eloabder-20&linkCode=osi&th=1&psc=1"><img src="https://m.media-amazon.com/images/I/51eZxT5kAZL._SL500_.jpg" alt="Product Image"></a><p>OurWarm Christmas Refrigerator Handle Covers Set of 4, Christmas Kitchen Decor Nutcracker Fridge Door Handle Cover Appliance Handle Covers for Christmas Decorations</p><p> -23% 0FF </p><p>$9.99 ($2.50 / Count)</p><a href="https://www.amazon.com/dp/B0C84YQTNB?tag=eloabder-20&linkCode=osi&th=1&psc=1">View Product</a></div><div class="product"><a href="https://www.amazon.com/dp/B0DJPYJTLW?tag=eloabder-20&linkCode=osi&th=1&psc=1"><img src="https://m.media-amazon.com/images/I/41nftVACcIL._SL500_.jpg" alt="Product Image"></a><p>Yankee Candle Scentplug Diffuser, Nutcracker with Light Sensor</p><p> -13% 0FF </p><p>$19.89</p><a href="https://www.amazon.com/dp/B0DJPYJTLW?tag=eloabder-20&linkCode=osi&th=1&psc=1">View Product</a></div>
<div class="product"><a href="https://www.amazon.com/dp/B0BNQXXT2F?tag=eloabder-20&linkCode=osi&th=1&psc=1"><img src="https://m.media-amazon.com/images/I/31X0LkDwyKL._SL500_.jpg" alt="Product Image"></a><p>Hamilton Beach Electric Knife Set with Reciprocating Serrated Blades, Storage Case, Fork - For Carving Meats, Bread, Foam, More</p><p> -14% 0FF </p><p>$21.49</p><a href="https://www.amazon.com/dp/B0BNQXXT2F?tag=eloabder-20&linkCode=osi&th=1&psc=1">View Product</a></div><div class="product"><a href="https://www.amazon.com/dp/B00006IUX1?tag=eloabder-20&linkCode=osi&th=1&psc=1"><img src="https://m.media-amazon.com/images/I/21YsbXZzuqL._SL500_.jpg" alt="Product Image"></a><p>Proctor Silex Easy Slice Electric Knife for Carving Meats, Poultry, Bread, Crafting Foam and More, Lightweight with Contoured Grip, White</p><p> -5% 0FF </p><p>$18.99</p><a href="https://www.amazon.com/dp/B00006IUX1?tag=eloabder-20&linkCode=osi&th=1&psc=1">View Product</a></div>

<div class="product"><a href="https://www.amazon.com/dp/B079MJ68Y9?tag=eloabder-20&linkCode=osi&th=1&psc=1"><img src="https://m.media-amazon.com/images/I/211nSaqDuuL._SL500_.jpg" alt="Product Image"></a><p>OVENTE Electric Immersion Hand Blender 300 Watt 2 Mixing Speed with Stainless Steel Blades, Powerful Portable Easy Control Grip Stick Mixer Perfect for Smoothies, Puree Baby Food & Soup, Red HS560R</p><p> -23% 0FF </p><p>$16.96</p><a href="https://www.amazon.com/dp/B079MJ68Y9?tag=eloabder-20&linkCode=osi&th=1&psc=1">View Product</a></div><div class="product"><a href="https://www.amazon.com/dp/B08HSNGR8P?tag=eloabder-20&linkCode=osi&th=1&psc=1"><img src="https://m.media-amazon.com/images/I/510nvQxxbfL._SL500_.jpg" alt="Product Image"></a><p>Mueller Multistick 800W 4-in-1 Immersion Blender Handheld, 12 Speed Hand Mixer - Turbo Boost, Heaviest Duty Copper Motor, Titanium Blades Hand Blender, Milk Frother Wand, Whisk, Beaker, Chopper</p><p> -20% 0FF </p><p>$39.96</p><a href="https://www.amazon.com/dp/B08HSNGR8P?tag=eloabder-20&linkCode=osi&th=1&psc=1">View Product</a></div><div class="product"><a href="https://www.amazon.com/dp/B08F2SS6T2?tag=eloabder-20&linkCode=osi&th=1&psc=1"><img src="https://m.media-amazon.com/images/I/21TyV9p71CL._SL500_.jpg" alt="Product Image"></a><p>KitchenAid Variable Speed Corded Hand Blender KHBV53, Empire Red</p><p> -25% 0FF </p><p>$44.99</p><a href="https://www.amazon.com/dp/B08F2SS6T2?tag=eloabder-20&linkCode=osi&th=1&psc=1">View Product</a></div>
<div class="product"><a href="https://www.amazon.com/dp/B0DB29NMGK?tag=eloabder-20&linkCode=osi&th=1&psc=1"><img src="https://m.media-amazon.com/images/I/41zIfRgW1QL._SL500_.jpg" alt="Product Image"></a><p>Garlic Press, UHIYEE Multipurpose Garlic Grinder BPA-Free, Garlic Crusher Tool Dishwasher Safe, Easy-Clean Garlic Press Mincer, Ideal Kitchen Gifts</p><p> -14% 0FF </p><p>$18.95</p><a href="https://www.amazon.com/dp/B0DB29NMGK?tag=eloabder-20&linkCode=osi&th=1&psc=1">View Product</a></div><div class="product"><a href="https://www.amazon.com/dp/B0D969K4X6?tag=eloabder-20&linkCode=osi&th=1&psc=1"><img src="https://m.media-amazon.com/images/I/41oe5uMPzbL._SL500_.jpg" alt="Product Image"></a><p>KOIOS Food Processor, 500W Electric Food Chopper with 2 Bowls (8 Cup+8 Cup) & 2 Bi-Level Blades&, Small Electric Grinder Meat Processor for Nuts, Meat, Onion, Garlic, Baby Food, Blue</p><p> -25% 0FF </p><p>$29.99</p><a href="https://www.amazon.com/dp/B0D969K4X6?tag=eloabder-20&linkCode=osi&th=1&psc=1">View Product</a></div>
<div class="product"><a href="https://www.amazon.com/dp/B01MUTSU13?tag=eloabder-20&linkCode=osi&th=1&psc=1"><img src="https://m.media-amazon.com/images/I/41LObBw8jvL._SL500_.jpg" alt="Product Image"></a><p>KitchenAid Fresh Prep Slicer/Shredder, 1, White</p><p> -25% 0FF </p><p>$44.99</p><a href="https://www.amazon.com/dp/B01MUTSU13?tag=eloabder-20&linkCode=osi&th=1&psc=1">View Product</a></div><div class="product"><a href="https://www.amazon.com/dp/B0CRDX11GS?tag=eloabder-20&linkCode=osi&th=1&psc=1"><img src="https://m.media-amazon.com/images/I/41FzBxdrTHL._SL500_.jpg" alt="Product Image"></a><p>Heiolkako Stainless Steel Slicer Shredder Attachment for KitchenAid Stand Mixer,Cheese Grater,Salad Maker,Grinding Powder,Kitchenaid Cheese Grater Attachment with 4 Blades</p><p> -54% 0FF </p><p>$32.19</p><a href="https://www.amazon.com/dp/B0CRDX11GS?tag=eloabder-20&linkCode=osi&th=1&psc=1">View Product</a></div><div class="product"><a href="https://www.amazon.com/dp/B07H96RQDK?tag=eloabder-20&linkCode=osi&th=1&psc=1"><img src="https://m.media-amazon.com/images/I/41TaPboi9IL._SL500_.jpg" alt="Product Image"></a><p>Slicer Shredder Attachment for KitchenAid Stand Mixers, Vegetable for Kitchenaid, Cheese Grater by Gvode</p><p> -23% 0FF </p><p>$35.99</p><a href="https://www.amazon.com/dp/B07H96RQDK?tag=eloabder-20&linkCode=osi&th=1&psc=1">View Product</a></div><div class="product"><a href="https://www.amazon.com/dp/B09ZTVCN76?tag=eloabder-20&linkCode=osi&th=1&psc=1"><img src="https://m.media-amazon.com/images/I/51295QO3owL._SL500_.jpg" alt="Product Image"></a><p>FOHERE Electric Cheese Grater Salad Maker, Electric Slicer Shredder for Home Kitchen Use, One-Touch Easy Control, Electric Grater for Vegetables, Cheeses and Nuts, BPA-Free, Red</p><p> -8% 0FF </p><p>$54.99</p><a href="https://www.amazon.com/dp/B09ZTVCN76?tag=eloabder-20&linkCode=osi&th=1&psc=1">View Product</a></div><div class="product"><a href="https://www.amazon.com/dp/B00006IV0R?tag=eloabder-20&linkCode=osi&th=1&psc=1"><img src="https://m.media-amazon.com/images/I/41hdPUCSeiL._SL500_.jpg" alt="Product Image"></a><p>Presto Salad Shooter Electric Slicer/Shredder,White</p><p> -12% 0FF </p><p>$43.99</p><a href="https://www.amazon.com/dp/B00006IV0R?tag=eloabder-20&linkCode=osi&th=1&psc=1">View Product</a></div><div class="product"><a href="https://www.amazon.com/dp/B0000Z6JJG?tag=eloabder-20&linkCode=osi&th=1&psc=1"><img src="https://m.media-amazon.com/images/I/41qu0qCEbpL._SL500_.jpg" alt="Product Image"></a><p>Presto 02970 Professional SaladShooter Electric Slicer/Shredder, Black,1 count</p><p> -7% 0FF </p><p>$69.94</p><a href="https://www.amazon.com/dp/B0000Z6JJG?tag=eloabder-20&linkCode=osi&th=1&psc=1">View Product</a></div>
<div class="product"><a href="https://www.amazon.com/dp/B0CRH69TNQ?tag=eloabder-20&linkCode=osi&th=1&psc=1"><img src="https://m.media-amazon.com/images/I/41TdTRUZE+L._SL500_.jpg" alt="Product Image"></a><p>KSIFJRTO Electric Salad Spinner Large 4.75L.Vegetable Washer Dryer Dishwasher Safe.Lettuce Cleaner and Dryer.BPA Free and Easy to Use</p><p> -5% 0FF </p><p>$37.99</p><a href="https://www.amazon.com/dp/B0CRH69TNQ?tag=eloabder-20&linkCode=osi&th=1&psc=1">View Product</a></div><div class="product"><a href="https://www.amazon.com/dp/B0C8166T64?tag=eloabder-20&linkCode=osi&th=1&psc=1"><img src="https://m.media-amazon.com/images/I/51vSDD8O4XL._SL500_.jpg" alt="Product Image"></a><p>Electric Salad Spinner 6.3-Quart– Large Capacity Lettuce Spinner with Squeeze Bottle,Built-In Draining System,and Bowl & Colander – Serves 6-12 Persons Perfect for Family Meals, Parties and Gatherings</p><p> -20% 0FF </p><p>$39.99</p><a href="https://www.amazon.com/dp/B0C8166T64?tag=eloabder-20&linkCode=osi&th=1&psc=1">View Product</a></div><div class="product"><a href="https://www.amazon.com/dp/B0CBRXK8TV?tag=eloabder-20&linkCode=osi&th=1&psc=1"><img src="https://m.media-amazon.com/images/I/51F8UrWeiVL._SL500_.jpg" alt="Product Image"></a><p>Electric Salad Spinner,Automatic Salad Rotator,USB Chargeble Lettuce Spinner- Easy Water Drain System,Lettuce Cleaner and Dryer for Home Kitchen Washing & Drying Leafy Vegetables (White)</p><p> -11% 0FF </p><p>$32.99</p><a href="https://www.amazon.com/dp/B0CBRXK8TV?tag=eloabder-20&linkCode=osi&th=1&psc=1">View Product</a></div>
<div class="product"><a href="https://www.amazon.com/dp/B06XQMK2GJ?tag=eloabder-20&linkCode=osi&th=1&psc=1"><img src="https://m.media-amazon.com/images/I/31e1L9CJeZL._SL500_.jpg" alt="Product Image"></a><p>Hobart 00-270348 Tenderizer Cover, 13" Height, 13" Width, 9" Length</p><p> -43% 0FF </p><p>$153.87</p><a href="https://www.amazon.com/dp/B06XQMK2GJ?tag=eloabder-20&linkCode=osi&th=1&psc=1">View Product</a></div>
<div class="product"><a href="https://www.amazon.com/dp/B001DZ6TH4?tag=eloabder-20&linkCode=osi&th=1&psc=1"><img src="https://m.media-amazon.com/images/I/31WNioaDy-L._SL500_.jpg" alt="Product Image"></a><p>Tribest CitriStar Citrus Stainless Steel Strainer and Spout, Electric Juicer, White</p><p> -22% 0FF </p><p>$46.96</p><a href="https://www.amazon.com/dp/B001DZ6TH4?tag=eloabder-20&linkCode=osi&th=1&psc=1">View Product</a></div>
<div class="product"><a href="https://www.amazon.com/dp/B07SJQZVZS?tag=eloabder-20&linkCode=osi&th=1&psc=1"><img src="https://m.media-amazon.com/images/I/41F036om3pL._SL500_.jpg" alt="Product Image"></a><p>WEPSEN Hand Mixer Electric Mixing Bowls Set, 5 Speeds Handheld Mixer with 4 Nesting Stainless Steel Mixing Bowl, Measuring Cups Spoons 200W Kitchen Blender Whisk Beater Baking Supplies For Beginner</p><p> -5% 0FF </p><p>$40.99</p><a href="https://www.amazon.com/dp/B07SJQZVZS?tag=eloabder-20&linkCode=osi&th=1&psc=1">View Product</a></div><div class="product"><a href="https://www.amazon.com/dp/B08PYNC8T8?tag=eloabder-20&linkCode=osi&th=1&psc=1"><img src="https://m.media-amazon.com/images/I/31vrHycpiJL._SL500_.jpg" alt="Product Image"></a><p>Milk Frothing Pitcher, 12 Oz Milk Frother Steamer Cup Stainless Steel Espresso Cup</p><p> -28% 0FF </p><p>$8.69</p><a href="https://www.amazon.com/dp/B08PYNC8T8?tag=eloabder-20&linkCode=osi&th=1&psc=1">View Product</a></div><div class="product"><a href="https://www.amazon.com/dp/B08J3XXP67?tag=eloabder-20&linkCode=osi&th=1&psc=1"><img src="https://m.media-amazon.com/images/I/41OnPGc9k9L._SL500_.jpg" alt="Product Image"></a><p>EIKS 2 Pack 3oz(100ml) Glass Measuring Cups Milk Frothing Pitcher for Coffee Espresso Cappuccino Latte Juice Maker in Kitchen Restaurant</p><p> -16% 0FF </p><p>$9.99 ($5.00 / Count)</p><a href="https://www.amazon.com/dp/B08J3XXP67?tag=eloabder-20&linkCode=osi&th=1&psc=1">View Product</a></div>
<div class="product"><a href="https://www.amazon.com/dp/B0D41QZ9T2?tag=eloabder-20&linkCode=osi&th=1&psc=1"><img src="https://m.media-amazon.com/images/I/41V+hiXhcgL._SL500_.jpg" alt="Product Image"></a><p>3 in 1 Cup Lid Cleaning Brush, 2024 Multifunctional Crevice Portable Cup Lid Cleaning Brush for Bottle Gap Tight Spaces Cup (B-Green)</p><p> -60% 0FF </p><p>$3.99</p><a href="https://www.amazon.com/dp/B0D41QZ9T2?tag=eloabder-20&linkCode=osi&th=1&psc=1">View Product</a></div><div class="product"><a href="https://www.amazon.com/dp/B08ZJXMHR5?tag=eloabder-20&linkCode=osi&th=1&psc=1"><img src="https://m.media-amazon.com/images/I/31k9l0vz6VL._SL500_.jpg" alt="Product Image"></a><p>Brew Addicts Coffee Scoop Funnel for Reusable K Cups, Coffee Spoon Keurig Accessories for Keurig Brewers & Other Refillable Capsules, Dark Black</p><p> -9% 0FF </p><p>$8.99</p><a href="https://www.amazon.com/dp/B08ZJXMHR5?tag=eloabder-20&linkCode=osi&th=1&psc=1">View Product</a></div><div class="product"><a href="https://www.amazon.com/dp/B07C4TXDSL?tag=eloabder-20&linkCode=osi&th=1&psc=1"><img src="https://m.media-amazon.com/images/I/41BNPoEQz+L._SL500_.jpg" alt="Product Image"></a><p>Milk Frothing Pitcher Cup, 12oz/350ML Milk Frother Cup Stainless Steel Steaming Pitcher Milk Jug Coffee Latte Art Cappuccino Espresso Machine Accessories Barista Steam Pitchers Attached Dessert Spoons</p><p> -23% 0FF </p><p>$9.99</p><a href="https://www.amazon.com/dp/B07C4TXDSL?tag=eloabder-20&linkCode=osi&th=1&psc=1">View Product</a></div><div class="product"><a href="https://www.amazon.com/dp/B0CNVMZ2LM?tag=eloabder-20&linkCode=osi&th=1&psc=1"><img src="https://m.media-amazon.com/images/I/41j0UEM6XPL._SL500_.jpg" alt="Product Image"></a><p>Reusable Coffee Capsule Filters 3Pcs, Colorful Coffee Filters for Nescafe Dolce Gusto Brewers Machine, Reusable Refillable Coffee Pods Capsule Filter Cups Kit with Cleaning Brush and Measuring Spoon</p><p> -13% 0FF </p><p>$6.98 ($6.60 / Ounce)</p><a href="https://www.amazon.com/dp/B0CNVMZ2LM?tag=eloabder-20&linkCode=osi&th=1&psc=1">View Product</a></div>
<div class="product"><a href="https://www.amazon.com/dp/B08FB31NH5?tag=eloabder-20&linkCode=osi&th=1&psc=1"><img src="https://m.media-amazon.com/images/I/41eJZ9MTfFL._SL500_.jpg" alt="Product Image"></a><p>WEPSEN 5-Speed Electric Hand Mixer, 4 Large Mixing Bowls Set, Handheld Mixers with Whisks Beater, Stainless Steel Metal Nesting Bowl Measuring Cups Spoons Kitchen Cake Blender for Baking Supplies</p><p> -30% 0FF </p><p>$41.98</p><a href="https://www.amazon.com/dp/B08FB31NH5?tag=eloabder-20&linkCode=osi&th=1&psc=1">View Product</a></div><div class="product"><a href="https://www.amazon.com/dp/B0DF2T1HMZ?tag=eloabder-20&linkCode=osi&th=1&psc=1"><img src="https://m.media-amazon.com/images/I/41xSelvq-CL._SL500_.jpg" alt="Product Image"></a><p>5 QT Food-Grade Stainless Steel Mixer Bowl Compatible With KITCHENAID TILT-HEAD STAND MIXERS 4.5-5 Quart, with Anti-slip handle & Prominent Clasp, Stainless Steel Polished</p><p> -25% 0FF </p><p>$29.99</p><a href="https://www.amazon.com/dp/B0DF2T1HMZ?tag=eloabder-20&linkCode=osi&th=1&psc=1">View Product</a></div><div class="product"><a href="https://www.amazon.com/dp/B0C5XYPXCS?tag=eloabder-20&linkCode=osi&th=1&psc=1"><img src="https://m.media-amazon.com/images/I/31apfzgKDUL._SL500_.jpg" alt="Product Image"></a><p>KitchenAid 5 Quart Ceramic Bowl for all 4.5-5 Quart Tilt-Head Stand Mixers KSM2CB5MR, Meringue</p><p> -25% 0FF </p><p>$74.99</p><a href="https://www.amazon.com/dp/B0C5XYPXCS?tag=eloabder-20&linkCode=osi&th=1&psc=1">View Product</a></div>
<div class="product"><a href="https://www.amazon.com/dp/B097QVPFVQ?tag=eloabder-20&linkCode=osi&th=1&psc=1"><img src="https://m.media-amazon.com/images/I/31ROOH+yjAL._SL500_.jpg" alt="Product Image"></a><p>Thermoplastic Rubber Microwave Splatter Cover,Microwave Cover for Food Fruit Drainer,BPA-Free Dishwasher Safe 10.5 inch (GREY)</p><p> -20% 0FF </p><p>$7.99 ($226.35 / Ounce)</p><a href="https://www.amazon.com/dp/B097QVPFVQ?tag=eloabder-20&linkCode=osi&th=1&psc=1">View Product</a></div><div class="product"><a href="https://www.amazon.com/dp/B08N4Q6SM1?tag=eloabder-20&linkCode=osi&th=1&psc=1"><img src="https://m.media-amazon.com/images/I/41lhA8-GScL._SL500_.jpg" alt="Product Image"></a><p>4Pcs Coffee Filter,Flannel Cloth Coffee Filter Strainers with Steel Handle,Reusable Flannel Coffee Dripper,Coffee Sock Filter Bag Coffee Cloth Strainers for Home Office Kitchen Use</p><p> -11% 0FF </p><p>$10.69 ($2.67 / Count)</p><a href="https://www.amazon.com/dp/B08N4Q6SM1?tag=eloabder-20&linkCode=osi&th=1&psc=1">View Product</a></div>
<div class="product"><a href="https://www.amazon.com/dp/B00EC8PQ82?tag=eloabder-20&linkCode=osi&th=1&psc=1"><img src="https://m.media-amazon.com/images/I/21NR7t3CeGL._SL500_.jpg" alt="Product Image"></a><p>Randell RP CPH1648 Poly Cutting Board, 1/2" x 16" x 48"</p><p> -20% 0FF </p><p>$325.43</p><a href="https://www.amazon.com/dp/B00EC8PQ82?tag=eloabder-20&linkCode=osi&th=1&psc=1">View Product</a></div><div class="product"><a href="https://www.amazon.com/dp/B0BPSN8F21?tag=eloabder-20&linkCode=osi&th=1&psc=1"><img src="https://m.media-amazon.com/images/I/41YoOZe2UDL._SL500_.jpg" alt="Product Image"></a><p>GASHELL Noodle Board Stove Cover with Handles for Electric, Gas Stove Top (Acacia Wood)</p><p> -13% 0FF </p><p>$69.99</p><a href="https://www.amazon.com/dp/B0BPSN8F21?tag=eloabder-20&linkCode=osi&th=1&psc=1">View Product</a></div><div class="product"><a href="https://www.amazon.com/dp/B0D78SNV83?tag=eloabder-20&linkCode=osi&th=1&psc=1"><img src="https://m.media-amazon.com/images/I/41lHBEbfZOL._SL500_.jpg" alt="Product Image"></a><p>30 x 22 IN Large Cutting Board and Wooden Stove Top Cover, Chopping Board Noodle Boards for Electric Stove Top,Protector Board Cutting Board for Kitchen Counter & Sink cover-Black</p><p> -20% 0FF </p><p>$55.99</p><a href="https://www.amazon.com/dp/B0D78SNV83?tag=eloabder-20&linkCode=osi&th=1&psc=1">View Product</a></div><div class="product"><a href="https://www.amazon.com/dp/B0D4DJ8H4Q?tag=eloabder-20&linkCode=osi&th=1&psc=1"><img src="https://m.media-amazon.com/images/I/41h7GdA0xxL._SL500_.jpg" alt="Product Image"></a><p>Beef Jerky Slicer Kit,Stainless Steel,Adjustable Thickness,Uniform Slices,Include Cutting Board & 14-Inch Slicing Knife,Beef Jerky Making Kit for Chefs & Home Kitchens</p><p> -32% 0FF </p><p>$29.95</p><a href="https://www.amazon.com/dp/B0D4DJ8H4Q?tag=eloabder-20&linkCode=osi&th=1&psc=1">View Product</a></div><div class="product"><a href="https://www.amazon.com/dp/B0DL36NMXX?tag=eloabder-20&linkCode=osi&th=1&psc=1"><img src="https://m.media-amazon.com/images/I/51weGpaSjHL._SL500_.jpg" alt="Product Image"></a><p>Bamboo Bread Slicer for Homemade Bread, Adjustable Width Bread Slicing Guides with Sturdy Wooden Cutting Board, Compact and Foldable - Makes Cutting Bagels or Even Bread Slices Easy</p><p> -29% 0FF </p><p>$16.99</p><a href="https://www.amazon.com/dp/B0DL36NMXX?tag=eloabder-20&linkCode=osi&th=1&psc=1">View Product</a></div>
<div class="product"><a href="https://www.amazon.com/dp/B0CY27GX31?tag=eloabder-20&linkCode=osi&th=1&psc=1"><img src="https://m.media-amazon.com/images/I/51WKkplJ9BL._SL500_.jpg" alt="Product Image"></a><p>Willinglong Tortilla Press Set 8 Inch Tortilla Press Dough Scraper Rolling Pin Tortilla Warmer Pouch 300 Pcs Parchment Paper Quesadilla Flour Tortilla Maker Press for Homemade Roti Taco Press</p><p> -29% 0FF </p><p>$16.99</p><a href="https://www.amazon.com/dp/B0CY27GX31?tag=eloabder-20&linkCode=osi&th=1&psc=1">View Product</a></div><div class="product"><a href="https://www.amazon.com/dp/B0CD875X8N?tag=eloabder-20&linkCode=osi&th=1&psc=1"><img src="https://m.media-amazon.com/images/I/31WugZVklGL._SL500_.jpg" alt="Product Image"></a><p>Wooden Tortilla Press 10 Inches Wood Tortilla Press Maker, with Rolling Pin & 50 Pcs Parchment Paper, for Homemade Mexican Tortillera, Roti, Chapati, Taco, Pataconera, Burritos and Dough Press</p><p> -11% 0FF </p><p>$25.99</p><a href="https://www.amazon.com/dp/B0CD875X8N?tag=eloabder-20&linkCode=osi&th=1&psc=1">View Product</a></div><div class="product"><a href="https://www.amazon.com/dp/B0CYLFCP7W?tag=eloabder-20&linkCode=osi&th=1&psc=1"><img src="https://m.media-amazon.com/images/I/515gTtiF0CL._SL500_.jpg" alt="Product Image"></a><p>Willinglong 6 Pcs Tortilla Press Set 8inch Aluminum Alloy Tortilla Press Comal Pan Dough Scraper Rolling Pin Warmer Pouch 300 Pcs Parchment Paper Bundle of Tortilla Skillet for Making Roti Taco</p><p> -6% 0FF </p><p>$32.99</p><a href="https://www.amazon.com/dp/B0CYLFCP7W?tag=eloabder-20&linkCode=osi&th=1&psc=1">View Product</a></div><div class="product"><a href="https://www.amazon.com/dp/B0D8Q28QP2?tag=eloabder-20&linkCode=osi&th=1&psc=1"><img src="https://m.media-amazon.com/images/I/31hkwaRqBxL._SL500_.jpg" alt="Product Image"></a><p>Wooden Tortilla Press 10 Inches with Rolling Pin & 50 Pcs Parchment Paper Mexican Tortillera Presser Homemade Tortillas Roti Pataconera Dough Press</p><p> -7% 0FF </p><p>$27.99</p><a href="https://www.amazon.com/dp/B0D8Q28QP2?tag=eloabder-20&linkCode=osi&th=1&psc=1">View Product</a></div>
<div class="product"><a href="https://www.amazon.com/dp/B00K05AZ3W?tag=eloabder-20&linkCode=osi&th=1&psc=1"><img src="https://m.media-amazon.com/images/I/41PyWMwn9ZL._SL500_.jpg" alt="Product Image"></a><p>Betty Crocker Countertop Pizza Maker, 1440-Watt Pizza Maker Machine for Home, BC-2958CR</p><p> -20% 0FF </p><p>$42.99</p><a href="https://www.amazon.com/dp/B00K05AZ3W?tag=eloabder-20&linkCode=osi&th=1&psc=1">View Product</a></div><div class="product"><a href="https://www.amazon.com/dp/B0DB5HJDS8?tag=eloabder-20&linkCode=osi&th=1&psc=1"><img src="https://m.media-amazon.com/images/I/41e4O73x4IL._SL500_.jpg" alt="Product Image"></a><p>Mesliese Vacuum Sealer Machine 90Kpa 6-in-1 Compact Food Vacuum Sealing Preservation System with Cutter | 2 Bag Rolls | 5 Pre-cut Bags | Dry&Moist Modes | ETL Listed (Dark Gray)</p><p> -44% 0FF </p><p>$89.99</p><a href="https://www.amazon.com/dp/B0DB5HJDS8?tag=eloabder-20&linkCode=osi&th=1&psc=1">View Product</a></div>
<div class="product"><a href="https://www.amazon.com/dp/B001HT67AA?tag=eloabder-20&linkCode=osi&th=1&psc=1"><img src="https://m.media-amazon.com/images/I/21sfYCxrXVL._SL500_.jpg" alt="Product Image"></a><p>Samsung Tray Ice Part # Da63-02284B</p><p> -30% 0FF </p><p>$17.89</p><a href="https://www.amazon.com/dp/B001HT67AA?tag=eloabder-20&linkCode=osi&th=1&psc=1">View Product</a></div>
<div class="product"><a href="https://www.amazon.com/dp/B001U0274Q?tag=eloabder-20&linkCode=osi&th=1&psc=1"><img src="https://m.media-amazon.com/images/I/41LkyrO5JuL._SL500_.jpg" alt="Product Image"></a><p>FoodSaver Custom Fit Airtight Food Storage and Sous Vide Vacuum Sealer Bags, 8 x 20' (Pack of 3), Perfect for Meal Prep and Sous Vide Cooking</p><p> -21% 0FF </p><p>$29.99 ($10.00 / Count)</p><a href="https://www.amazon.com/dp/B001U0274Q?tag=eloabder-20&linkCode=osi&th=1&psc=1">View Product</a></div><div class="product"><a href="https://www.amazon.com/dp/B0D56W5ML2?tag=eloabder-20&linkCode=osi&th=1&psc=1"><img src="https://m.media-amazon.com/images/I/51XP-5KMw4L._SL500_.jpg" alt="Product Image"></a><p>Dreamealthy Auto Vacuum Seal Containers for Food Storage - 1L+1.5L Vacuum Coffee Canister Sets with Pump. Shatterproof & SmellProof Tritan Airtight Storage Container Kit, Reduce Plactic Vacuum Bag Use</p><p> -5% 0FF </p><p>$56.99</p><a href="https://www.amazon.com/dp/B0D56W5ML2?tag=eloabder-20&linkCode=osi&th=1&psc=1">View Product</a></div><div class="product"><a href="https://www.amazon.com/dp/B099H7J8PN?tag=eloabder-20&linkCode=osi&th=1&psc=1"><img src="https://m.media-amazon.com/images/I/31-0GJisbvL._SL500_.jpg" alt="Product Image"></a><p>ZWILLING Fresh & Save Medium Vacuum Sealer Container, Airtight Food Storage Container, Meal Prep Container, BPA-Free, Grey</p><p> -37% 0FF </p><p>$18.99</p><a href="https://www.amazon.com/dp/B099H7J8PN?tag=eloabder-20&linkCode=osi&th=1&psc=1">View Product</a></div>
<div class="product"><a href="https://www.amazon.com/dp/B07RKRK7FD?tag=eloabder-20&linkCode=osi&th=1&psc=1"><img src="https://m.media-amazon.com/images/I/31g2QgxtCuL._SL500_.jpg" alt="Product Image"></a><p>Wevac Vacuum Sealer Bags 8x50 Rolls 2 pack for Food Saver, Seal a Meal, Weston. Commercial Grade, BPA Free, Heavy Duty, Great for vac storage, Meal Prep or Sous Vide</p><p> -40% 0FF </p><p>$17.99 ($9.00 / Count)</p><a href="https://www.amazon.com/dp/B07RKRK7FD?tag=eloabder-20&linkCode=osi&th=1&psc=1">View Product</a></div><div class="product"><a href="https://www.amazon.com/dp/B00UTFZB82?tag=eloabder-20&linkCode=osi&th=1&psc=1"><img src="https://m.media-amazon.com/images/I/41WdlL5T0dL._SL500_.jpg" alt="Product Image"></a><p>Miele AirClean 3D Efficiency Dust Bag, Type FJM, 4 Bags & 2 Filters, White</p><p> -35% 0FF </p><p>$14.99</p><a href="https://www.amazon.com/dp/B00UTFZB82?tag=eloabder-20&linkCode=osi&th=1&psc=1">View Product</a></div><div class="product"><a href="https://www.amazon.com/dp/B07TV5RNQL?tag=eloabder-20&linkCode=osi&th=1&psc=1"><img src="https://m.media-amazon.com/images/I/31HJO9GuJZL._SL500_.jpg" alt="Product Image"></a><p>Wevac Vacuum Sealer Bags 100 Quart 8x12 Inch for Food Saver, Seal a Meal, Weston. Commercial Grade, BPA Free, Heavy Duty, Great for vac storage, Meal Prep or Sous Vide</p><p> -6% 0FF </p><p>$16.99</p><a href="https://www.amazon.com/dp/B07TV5RNQL?tag=eloabder-20&linkCode=osi&th=1&psc=1">View Product</a></div><div class="product"><a href="https://www.amazon.com/dp/B01D5TM5QE?tag=eloabder-20&linkCode=osi&th=1&psc=1"><img src="https://m.media-amazon.com/images/I/51qQLZaPFuL._SL500_.jpg" alt="Product Image"></a><p>FoodSaver Custom Fit Vacuum Sealer Bags, Airtight Food Storage and Sous Vide Rolls, BPA-Free, 11 x 16' , 3 Count ( Pack of 1)</p><p> -16% 0FF </p><p>$27.66 ($9.22 / Count)</p><a href="https://www.amazon.com/dp/B01D5TM5QE?tag=eloabder-20&linkCode=osi&th=1&psc=1">View Product</a></div>
<div class="product"><a href="https://www.amazon.com/dp/B0CWLC9YK6?tag=eloabder-20&linkCode=osi&th=1&psc=1"><img src="https://m.media-amazon.com/images/I/415B7NyYufL._SL500_.jpg" alt="Product Image"></a><p>Honinst Stand Mixer, 6.5QT 10-Speed Tilt-Head Electric Stand Mixer, 3-In-1 Kitchen Mixer with Bowl, Dough Hook, Whisk and Beater, Food Mixer for Baking, Cake and Most Home Cooks, Black</p><p> -37% 0FF </p><p>$169.99</p><a href="https://www.amazon.com/dp/B0CWLC9YK6?tag=eloabder-20&linkCode=osi&th=1&psc=1">View Product</a></div><div class="product"><a href="https://www.amazon.com/dp/B097SDFSKM?tag=eloabder-20&linkCode=osi&th=1&psc=1"><img src="https://m.media-amazon.com/images/I/51thZZlxEfL._SL500_.jpg" alt="Product Image"></a><p>Stand Mixer, POWWA 7.5 QT Electric Mixer, 6+P Speed 660W Household Tilt-Head Kitchen Food Mixers with Whisk, Dough Hook, Mixing Beater & Splash Guard for Baking, Cake, Cookie, Kneading (Red)</p><p> -25% 0FF </p><p>$99.98</p><a href="https://www.amazon.com/dp/B097SDFSKM?tag=eloabder-20&linkCode=osi&th=1&psc=1">View Product</a></div><div class="product"><a href="https://www.amazon.com/dp/B081SWK6HV?tag=eloabder-20&linkCode=osi&th=1&psc=1"><img src="https://m.media-amazon.com/images/I/51MRbt3XFxL._SL500_.jpg" alt="Product Image"></a><p>VIVOHOME 7.5 Quart Stand Mixer, 660W 6-Speed Tilt-Head Kitchen Electric Food Mixer with Beater, Dough Hook, Wire Whip, and Egg Separator, Red</p><p> -20% 0FF </p><p>$127.99</p><a href="https://www.amazon.com/dp/B081SWK6HV?tag=eloabder-20&linkCode=osi&th=1&psc=1">View Product</a></div>
<div class="product"><a href="https://www.amazon.com/dp/B0CJJN7N7P?tag=eloabder-20&linkCode=osi&th=1&psc=1"><img src="https://m.media-amazon.com/images/I/41YZbs5GBdL._SL500_.jpg" alt="Product Image"></a><p>MUMSUNG Sandwich Cutter and Sealer for Kids, Bread Decruster Sandwich Cutter Pancake Maker, Round Square DIY Cookie Cutters, Great for Lunchbox and Bento Box</p><p> -69% 0FF </p><p>$4.99</p><a href="https://www.amazon.com/dp/B0CJJN7N7P?tag=eloabder-20&linkCode=osi&th=1&psc=1">View Product</a></div><div class="product"><a href="https://www.amazon.com/dp/B0C8C5N1NG?tag=eloabder-20&linkCode=osi&th=1&psc=1"><img src="https://m.media-amazon.com/images/I/41IJqaPrUbL._SL500_.jpg" alt="Product Image"></a><p>Gradient Mode Sandwich Cutter and Sealer, Sandwich Cutter for Kids, Bread Sandwich Decruster, Uncrustables Sandwich Maker, DIY Cookie Cutters, Great for Lunchbox and Bento Box - Boys Girls Kids, Green</p><p> -20% 0FF </p><p>$7.99</p><a href="https://www.amazon.com/dp/B0C8C5N1NG?tag=eloabder-20&linkCode=osi&th=1&psc=1">View Product</a></div>
<div class="product"><a href="https://www.amazon.com/dp/B07JGRYG31?tag=eloabder-20&linkCode=osi&th=1&psc=1"><img src="https://m.media-amazon.com/images/I/31nd-jhgzdL._SL500_.jpg" alt="Product Image"></a><p>Coffee Grinder Cleaning Brush + Coffee Brush Wood Handle & Natural Bristles Pastry Brush</p><p> -13% 0FF </p><p>$6.99</p><a href="https://www.amazon.com/dp/B07JGRYG31?tag=eloabder-20&linkCode=osi&th=1&psc=1">View Product</a></div><div class="product"><a href="https://www.amazon.com/dp/B0D57S8PJP?tag=eloabder-20&linkCode=osi&th=1&psc=1"><img src="https://m.media-amazon.com/images/I/41yqc2Azx6L._SL500_.jpg" alt="Product Image"></a><p>EM Silicone Air Fryer Liners - Pack of 5 Reusable Air Fryer Silicone Liners Including Non- Stick Silicone Mitts, Silicone Basting Pastry Brush, Silicone Kitchen Tongs & 2 Pot Liner–3 to 5 qt</p><p> -8% 0FF </p><p>$12.00</p><a href="https://www.amazon.com/dp/B0D57S8PJP?tag=eloabder-20&linkCode=osi&th=1&psc=1">View Product</a></div><div class="product"><a href="https://www.amazon.com/dp/B0CLGXRV4V?tag=eloabder-20&linkCode=osi&th=1&psc=1"><img src="https://m.media-amazon.com/images/I/31kOdHpkIPL._SL500_.jpg" alt="Product Image"></a><p>Mixer Sliding Mat Compatible with Kitchenaid 4.5 & 5 Quart Stand Mixer, Slider Mat Compatible with 4.5 & 5Qt Kitchenaid Mixer Accessories</p><p> -21% 0FF </p><p>$9.89</p><a href="https://www.amazon.com/dp/B0CLGXRV4V?tag=eloabder-20&linkCode=osi&th=1&psc=1">View Product</a></div><div class="product"><a href="https://www.amazon.com/dp/B0CSYVZ23R?tag=eloabder-20&linkCode=osi&th=1&psc=1"><img src="https://m.media-amazon.com/images/I/41x8RjEPDyL._SL500_.jpg" alt="Product Image"></a><p>LEPCY Uncrustables Sandwich Maker Sealer Cutter, Crustless Sandwich Cutter, PB&J Uncrustable Maker - Color Grey, Square Shape</p><p> -20% 0FF </p><p>$7.99</p><a href="https://www.amazon.com/dp/B0CSYVZ23R?tag=eloabder-20&linkCode=osi&th=1&psc=1">View Product</a></div><div class="product"><a href="https://www.amazon.com/dp/B000I1UTDY?tag=eloabder-20&linkCode=osi&th=1&psc=1"><img src="https://m.media-amazon.com/images/I/213IEK132QL._SL500_.jpg" alt="Product Image"></a><p>Fino Coffee Grinder Brush, Single</p><p> -6% 0FF </p><p>$8.42</p><a href="https://www.amazon.com/dp/B000I1UTDY?tag=eloabder-20&linkCode=osi&th=1&psc=1">View Product</a></div>
<div class="product"><a href="https://www.amazon.com/dp/B089T9CH3Q?tag=eloabder-20&linkCode=osi&th=1&psc=1"><img src="https://m.media-amazon.com/images/I/21HK29dxKaL._SL500_.jpg" alt="Product Image"></a><p>Instant Pot Official Silicone Oven Mitt with Extra Grip, Heat Resistant up to 500°F, Extra Protection, Ribbed Texture for Maximum Dexterity, Compatible with 3 Qt., 6 Qt., 8 Qt. Cookers, Red</p><p> -50% 0FF </p><p>$8.99</p><a href="https://www.amazon.com/dp/B089T9CH3Q?tag=eloabder-20&linkCode=osi&th=1&psc=1">View Product</a></div><div class="product"><a href="https://www.amazon.com/dp/B0C5N35639?tag=eloabder-20&linkCode=osi&th=1&psc=1"><img src="https://m.media-amazon.com/images/I/41wEzgGF0xL._SL500_.jpg" alt="Product Image"></a><p>EM Silicone Air Fryer Liners Set of 5 – Air Fryer Liners Reusable Include Waffle Mold, Egg Bite Mold, Oven Mitts – Food-Grade Temperature Resistant Air Fryer Accessories for 3-5 Quart Air Fryers</p><p> -12% 0FF </p><p>$21.99</p><a href="https://www.amazon.com/dp/B0C5N35639?tag=eloabder-20&linkCode=osi&th=1&psc=1">View Product</a></div>
<div class="product"><a href="https://www.amazon.com/dp/B0B395B11P?tag=eloabder-20&linkCode=osi&th=1&psc=1"><img src="https://m.media-amazon.com/images/I/31tkUVs-mbL._SL500_.jpg" alt="Product Image"></a><p>SIUDANGKA Heat Resistant Mat for Air Fryer with Sliding Function, 2 Pcs 15 * 18 in Heat Resistant Pad Sliding Caddy Countertop Protector Mat Air Fryer Mat for Most XL Air Fryer Oven Microwave Oven</p><p> -7% 0FF </p><p>$17.75</p><a href="https://www.amazon.com/dp/B0B395B11P?tag=eloabder-20&linkCode=osi&th=1&psc=1">View Product</a></div>
<div class="product"><a href="https://www.amazon.com/dp/B09QCRNNK7?tag=eloabder-20&linkCode=osi&th=1&psc=1"><img src="https://m.media-amazon.com/images/I/31I-XJQCuUL._SL500_.jpg" alt="Product Image"></a><p>COKUNST Electric Wine Openers, Reusable Wine Bottle Corkscrew Opener with Foil Cutter, Battery Operated Stainless Steel Wine Remover for Home Kitchen Party Bar Restaurant</p><p> -25% 0FF </p><p>$14.99</p><a href="https://www.amazon.com/dp/B09QCRNNK7?tag=eloabder-20&linkCode=osi&th=1&psc=1">View Product</a></div><div class="product"><a href="https://www.amazon.com/dp/B00NOPV4JY?tag=eloabder-20&linkCode=osi&th=1&psc=1"><img src="https://m.media-amazon.com/images/I/31sTM1MRFWL._SL500_.jpg" alt="Product Image"></a><p>Rabbit Automatic Electric Corkscrew Wine Bottle Opener, One Size, Silver</p><p> -23% 0FF </p><p>$39.99</p><a href="https://www.amazon.com/dp/B00NOPV4JY?tag=eloabder-20&linkCode=osi&th=1&psc=1">View Product</a></div>


<div class="product"><a href="https://www.amazon.com/dp/B01FXMW4AS?tag=eloabder-20&linkCode=osi&th=1&psc=1"><img src="https://m.media-amazon.com/images/I/41Wq-KNZFDL._SL500_.jpg" alt="Product Image"></a><p>Whynter Ice Cream Maker Machine Automatic 2.1 Qt. upright with Built-in Compressor, LCD Digital Display & Timer, No Pre-Freezing, ICM-201SB, Stainless Steel</p><p> -29% 0FF </p><p>$299.00</p><a href="https://www.amazon.com/dp/B01FXMW4AS?tag=eloabder-20&linkCode=osi&th=1&psc=1">View Product</a></div><div class="product"><a href="https://www.amazon.com/dp/B002NQN0MY?tag=eloabder-20&linkCode=osi&th=1&psc=1"><img src="https://m.media-amazon.com/images/I/41K223aT3zL._SL500_.jpg" alt="Product Image"></a><p>Nemco Ice Cream Dipper Station Spadewell (Excluding Divider) - 10"</p><p> -26% 0FF </p><p>$183.70</p><a href="https://www.amazon.com/dp/B002NQN0MY?tag=eloabder-20&linkCode=osi&th=1&psc=1">View Product</a></div><div class="product"><a href="https://www.amazon.com/dp/B0CZP59DNQ?tag=eloabder-20&linkCode=osi&th=1&psc=1"><img src="https://m.media-amazon.com/images/I/41T9b8zapyL._SL500_.jpg" alt="Product Image"></a><p>1.2-Quart Touch Screen Automatic Ice Cream Maker with Compressor, No Pre-freezing, 4 Modes Frozen Yogurt Machine with LCD Display & Timer, Electric Sorbet Maker Gelato Maker, Keep Cool Function</p><p> -17% 0FF </p><p>$115.99</p><a href="https://www.amazon.com/dp/B0CZP59DNQ?tag=eloabder-20&linkCode=osi&th=1&psc=1">View Product</a></div><div class="product"><a href="https://www.amazon.com/dp/B00N63J432?tag=eloabder-20&linkCode=osi&th=1&psc=1"><img src="https://m.media-amazon.com/images/I/41wEAeSx4UL._SL500_.jpg" alt="Product Image"></a><p>Whynter Ice Cream Maker Machine Automatic 2.1 Qt with Built-in Compressor, LCD Digital Display & Timer, No Pre-Freezing, ICM-200LS, Stainless Steel</p><p> -14% 0FF </p><p>$256.79</p><a href="https://www.amazon.com/dp/B00N63J432?tag=eloabder-20&linkCode=osi&th=1&psc=1">View Product</a></div>

<div class="product"><a href="https://www.amazon.com/dp/B0DC68RRGT?tag=eloabder-20&linkCode=osi&th=1&psc=1"><img src="https://m.media-amazon.com/images/I/51VZAdAIKxL._SL500_.jpg" alt="Product Image"></a><p>Upgrade Pizza Oven,12 Inch Electric Pizza Oven Indoor Portable,Stone Pizza Oven,1200W Portable Countertop Pizza Ovens with Viewing Window</p><p> -10% 0FF </p><p>$179.99</p><a href="https://www.amazon.com/dp/B0DC68RRGT?tag=eloabder-20&linkCode=osi&th=1&psc=1">View Product</a></div><div class="product"><a href="https://www.amazon.com/dp/B0CZ4GLJ5Z?tag=eloabder-20&linkCode=osi&th=1&psc=1"><img src="https://m.media-amazon.com/images/I/51t+B-N3asL._SL500_.jpg" alt="Product Image"></a><p>PIEZANO Crispy Crust Pizza Oven by Granitestone – Electric Pizza Oven Indoor Portable, 12 Inch Indoor Pizza Oven Countertop, Pizza Maker Heats up to 800˚F for Stone Baked Pizza at Home - Red</p><p> -35% 0FF </p><p>$129.99</p><a href="https://www.amazon.com/dp/B0CZ4GLJ5Z?tag=eloabder-20&linkCode=osi&th=1&psc=1">View Product</a></div><div class="product"><a href="https://www.amazon.com/dp/B0CQ5M9FFT?tag=eloabder-20&linkCode=osi&th=1&psc=1"><img src="https://m.media-amazon.com/images/I/311GBQPr5lL._SL500_.jpg" alt="Product Image"></a><p>Cuisinart Indoor Pizza Oven – Bake 12” Pizzas in Minutes – Portable Countertop Pizza Oven – Matte Black Stainless Steel - CPZ-120MB</p><p> -50% 0FF </p><p>$199.95</p><a href="https://www.amazon.com/dp/B0CQ5M9FFT?tag=eloabder-20&linkCode=osi&th=1&psc=1">View Product</a></div><div class="product"><a href="https://www.amazon.com/dp/B0CGMGK7GK?tag=eloabder-20&linkCode=osi&th=1&psc=1"><img src="https://m.media-amazon.com/images/I/41-rJaq3d2L._SL500_.jpg" alt="Product Image"></a><p>CHEFMAN Indoor Pizza Oven - Makes 12 Inch Pizzas in Minutes, Heats up to 800°F - Countertop Electric Pizza Maker with 5 Touchscreen Presets, Pizza Stone and Peel Included - Stainless Black</p><p> -45% 0FF </p><p>$219.98</p><a href="https://www.amazon.com/dp/B0CGMGK7GK?tag=eloabder-20&linkCode=osi&th=1&psc=1">View Product</a></div><div class="product"><a href="https://www.amazon.com/dp/B0CS79GLB4?tag=eloabder-20&linkCode=osi&th=1&psc=1"><img src="https://m.media-amazon.com/images/I/41VR6CcjGiL._SL500_.jpg" alt="Product Image"></a><p>KitchenAid Digital Countertop Oven with Air Fry & Pizza Stone, KCO128CU, Contour Silver</p><p> -21% 0FF </p><p>$219.99</p><a href="https://www.amazon.com/dp/B0CS79GLB4?tag=eloabder-20&linkCode=osi&th=1&psc=1">View Product</a></div><div class="product"><a href="https://www.amazon.com/dp/B0DJW43ZLQ?tag=eloabder-20&linkCode=osi&th=1&psc=1"><img src="https://m.media-amazon.com/images/I/41Sh2kNi-oL._SL500_.jpg" alt="Product Image"></a><p>Pizza Oven, 12-Inch Pizza Oven Indoor, 1200W Portable Pizza Maker, Electric Pizza Oven with Timer, Temperature Controller, Suitable for Home, Outdoor, Pizza Shop</p><p> -37% 0FF </p><p>$119.99</p><a href="https://www.amazon.com/dp/B0DJW43ZLQ?tag=eloabder-20&linkCode=osi&th=1&psc=1">View Product</a></div><div class="product"><a href="https://www.amazon.com/dp/B0D3RX91T1?tag=eloabder-20&linkCode=osi&th=1&psc=1"><img src="https://m.media-amazon.com/images/I/41e96oobueL._SL500_.jpg" alt="Product Image"></a><p>Chefman Everything Maker & Pizza Oven – 1440W Countertop Electric Pizza Maker with 12” Nonstick Cooking Plates, Make Pizza, Quesadillas, Omelettes and More, with Indicator Lights and Vertical Storage</p><p> -30% 0FF </p><p>$41.99</p><a href="https://www.amazon.com/dp/B0D3RX91T1?tag=eloabder-20&linkCode=osi&th=1&psc=1">View Product</a></div>
<div class="product"><a href="https://www.amazon.com/dp/B0BCFHN228?tag=eloabder-20&linkCode=osi&th=1&psc=1"><img src="https://m.media-amazon.com/images/I/51EI-QKzMqL._SL500_.jpg" alt="Product Image"></a><p>Pressing Cloth for Ironing Scorch Mesh, Heat Resistant Ironing Cloth Protective Insulation Pad, Saving Ironing Protector Mesh Cloth (White - 2 Pack)</p><p> -16% 0FF </p><p>$7.59</p><a href="https://www.amazon.com/dp/B0BCFHN228?tag=eloabder-20&linkCode=osi&th=1&psc=1">View Product</a></div>
<div class="product"><a href="https://www.amazon.com/dp/B099J26M9V?tag=eloabder-20&linkCode=osi&th=1&psc=1"><img src="https://m.media-amazon.com/images/I/51VUj081IkL._SL500_.jpg" alt="Product Image"></a><p>The Original Korcci 3 Quart Microwave Glass Popcorn Popper, Borosilicate Glass, Dishwasher Safe, 3-in-1 Silicone Lid, BPA Free, Family Size (Blue)</p><p> -15% 0FF </p><p>$16.09</p><a href="https://www.amazon.com/dp/B099J26M9V?tag=eloabder-20&linkCode=osi&th=1&psc=1">View Product</a></div><div class="product"><a href="https://www.amazon.com/dp/B01LZZGH3R?tag=eloabder-20&linkCode=osi&th=1&psc=1"><img src="https://m.media-amazon.com/images/I/51zn6nlVyZL._SL500_.jpg" alt="Product Image"></a><p>BELLA Electric Skillet and Frying Pan with Glass Lid, Nonstick Coating, Cool Touch Handles, Removable Heating Probe, Dishwasher Safe, 12 x 12 inch, Copper</p><p> -23% 0FF </p><p>$26.99</p><a href="https://www.amazon.com/dp/B01LZZGH3R?tag=eloabder-20&linkCode=osi&th=1&psc=1">View Product</a></div>
<div class="product"><a href="https://www.amazon.com/dp/B0DCRZ8NKH?tag=eloabder-20&linkCode=osi&th=1&psc=1"><img src="https://m.media-amazon.com/images/I/41AZ4+X3MsL._SL500_.jpg" alt="Product Image"></a><p>Coffee Filter Holder, Coffee Filter Storage, Filter Paper Holder for Counter Table Napkin Holder Coffee Filter Paper Rack Coffee Bar Gifts Coffee Paper Container for Office Home Kitchen Restaurant</p><p> -13% 0FF </p><p>$6.99</p><a href="https://www.amazon.com/dp/B0DCRZ8NKH?tag=eloabder-20&linkCode=osi&th=1&psc=1">View Product</a></div>
<div class="product"><a href="https://www.amazon.com/dp/B0D3WPZSRF?tag=eloabder-20&linkCode=osi&th=1&psc=1"><img src="https://m.media-amazon.com/images/I/41QGqRpS8hL._SL500_.jpg" alt="Product Image"></a><p>Gypie Coffee Bar Organizer Countertop, 2 Tier Coffee Syrup Organizer Stand Nespresso Coffee Bar Syrup Rack for Coffee Station, Spice Rack for Kitchen, Black</p><p> -57% 0FF </p><p>$9.99</p><a href="https://www.amazon.com/dp/B0D3WPZSRF?tag=eloabder-20&linkCode=osi&th=1&psc=1">View Product</a></div><div class="product"><a href="https://www.amazon.com/dp/B0BKH17CG9?tag=eloabder-20&linkCode=osi&th=1&psc=1"><img src="https://m.media-amazon.com/images/I/41a4dM5cDTL._SL500_.jpg" alt="Product Image"></a><p>Electric Salt and Pepper Grinder Set - Automatic Salt and Pepper Grinder Set Rechargeable - Light Up Electronic Salt and Pepper Shakers with LED Light, Electric Pepper Grinder & Salt Grinder, Set of 2</p><p> -14% 0FF </p><p>$29.99</p><a href="https://www.amazon.com/dp/B0BKH17CG9?tag=eloabder-20&linkCode=osi&th=1&psc=1">View Product</a></div><div class="product"><a href="https://www.amazon.com/dp/B0DD9KVMFN?tag=eloabder-20&linkCode=osi&th=1&psc=1"><img src="https://m.media-amazon.com/images/I/51C8Rw1wopL._SL500_.jpg" alt="Product Image"></a><p>Urban Aura Spice & Herb Grinder, (Black) -Suitable Kitchen (2.5In)</p><p> -5% 0FF </p><p>$9.49</p><a href="https://www.amazon.com/dp/B0DD9KVMFN?tag=eloabder-20&linkCode=osi&th=1&psc=1">View Product</a></div><div class="product"><a href="https://www.amazon.com/dp/B08M4FD4WR?tag=eloabder-20&linkCode=osi&th=1&psc=1"><img src="https://m.media-amazon.com/images/I/51Jzqb5OvzL._SL500_.jpg" alt="Product Image"></a><p>Magic Mill Food Dehydrator Machine | 5 Stackable Stainless Steel Trays Jerky Dryer with Digital Adjustable Timer & Temperature Control - Electric Food Preserver for Fruits, Veggies, Meats & Dog Treats</p><p> -12% 0FF </p><p>$52.99</p><a href="https://www.amazon.com/dp/B08M4FD4WR?tag=eloabder-20&linkCode=osi&th=1&psc=1">View Product</a></div>
<div class="product"><a href="https://www.amazon.com/dp/B001AAHW6E?tag=eloabder-20&linkCode=osi&th=1&psc=1"><img src="https://m.media-amazon.com/images/I/31q3kq-dcJL._SL500_.jpg" alt="Product Image"></a><p>Whirlpool 2179404KRA Beverage Rack for Refrigerators, White – Replaces 2179404KR</p><p> -23% 0FF </p><p>$19.00</p><a href="https://www.amazon.com/dp/B001AAHW6E?tag=eloabder-20&linkCode=osi&th=1&psc=1">View Product</a></div><div class="product"><a href="https://www.amazon.com/dp/B08BJ9RPSS?tag=eloabder-20&linkCode=osi&th=1&psc=1"><img src="https://m.media-amazon.com/images/I/41mLJ0zepPL._SL500_.jpg" alt="Product Image"></a><p>BLACK+DECKER 24 Bottle Wine Fridge with LED Display, Compressor Cooling Wine Cooler Refrigerator with Interior Light, Temperature Controlled Wine Bottle Chiller with Fridge Wine Rack</p><p> -8% 0FF </p><p>$227.82</p><a href="https://www.amazon.com/dp/B08BJ9RPSS?tag=eloabder-20&linkCode=osi&th=1&psc=1">View Product</a></div>
<div class="product"><a href="https://www.amazon.com/dp/B09S5YHJZV?tag=eloabder-20&linkCode=osi&th=1&psc=1"><img src="https://m.media-amazon.com/images/I/41qbqyQ7jDL._SL500_.jpg" alt="Product Image"></a><p>Philips Sparkling Water Maker Soda Maker Machine for Home Carbonating with BPA free PET 1L Carbonating Bottle, Compatible with Any Screw-in 60L CO2 Exchange Carbonator(NOT Included), Grey Plastic</p><p> -17% 0FF </p><p>$49.99</p><a href="https://www.amazon.com/dp/B09S5YHJZV?tag=eloabder-20&linkCode=osi&th=1&psc=1">View Product</a></div>
<div class="product"><a href="https://www.amazon.com/dp/B000U8L1KU?tag=eloabder-20&linkCode=osi&th=1&psc=1"><img src="https://m.media-amazon.com/images/I/31Tcg4WHrrL._SL500_.jpg" alt="Product Image"></a><p>Thermos 34-Ounce Vacuum Insulated Stainless Steel Carafe</p><p> -13% 0FF </p><p>$42.99</p><a href="https://www.amazon.com/dp/B000U8L1KU?tag=eloabder-20&linkCode=osi&th=1&psc=1">View Product</a></div><div class="product"><a href="https://www.amazon.com/dp/B01MRGIZE9?tag=eloabder-20&linkCode=osi&th=1&psc=1"><img src="https://m.media-amazon.com/images/I/41-8Fhz+uGL._SL500_.jpg" alt="Product Image"></a><p>Airpot Coffee Dispenser with Pump - 102 oz Insulated Stainless Steel Coffee Carafe - Thermal Beverage Dispenser - Thermos Urn for Hot/Cold Water, Party Chocolate Drinks</p><p> -32% 0FF </p><p>$40.99</p><a href="https://www.amazon.com/dp/B01MRGIZE9?tag=eloabder-20&linkCode=osi&th=1&psc=1">View Product</a></div><div class="product"><a href="https://www.amazon.com/dp/B01F8P78IS?tag=eloabder-20&linkCode=osi&th=1&psc=1"><img src="https://m.media-amazon.com/images/I/51mk2cW-ajL._SL500_.jpg" alt="Product Image"></a><p>Thermal Coffee Carafe 68oz / 2L - 12 Hours Hot Beverage Dispenser, Insulated Stainless Steel Carafe for Hot Liquids, Coffee Carafes For Keeping Hot Coffee Dispenser for Parties -Large Tea Carafe Flask</p><p> -23% 0FF </p><p>$29.95</p><a href="https://www.amazon.com/dp/B01F8P78IS?tag=eloabder-20&linkCode=osi&th=1&psc=1">View Product</a></div>
<div class="product"><a href="https://www.amazon.com/dp/B0CJJQ7QQR?tag=eloabder-20&linkCode=osi&th=1&psc=1"><img src="https://m.media-amazon.com/images/I/41T7fb2zFLL._SL500_.jpg" alt="Product Image"></a><p>MUMSUNG Sandwich Cutter and Sealer for Kids, DIY Decruster Square Round Heart Pocket Sandwiches, Great for Breakfast Sandwich Maker, Lunchbox and Bento Box</p><p> -67% 0FF </p><p>$7.99</p><a href="https://www.amazon.com/dp/B0CJJQ7QQR?tag=eloabder-20&linkCode=osi&th=1&psc=1">View Product</a></div><div class="product"><a href="https://www.amazon.com/dp/B07KNKS1GC?tag=eloabder-20&linkCode=osi&th=1&psc=1"><img src="https://m.media-amazon.com/images/I/41A7lL8x93L._SL500_.jpg" alt="Product Image"></a><p>DCIGNA 1.2L Mini Rice Cooker, Electric Lunch Box, Travel, Small, Removable Non-stick Pot, Keep Warm Function, Suitable For 1-2 People - For Cooking Soup, Rice, Stews, Grains & Oatmeal</p><p> -35% 0FF </p><p>$25.99</p><a href="https://www.amazon.com/dp/B07KNKS1GC?tag=eloabder-20&linkCode=osi&th=1&psc=1">View Product</a></div><div class="product"><a href="https://www.amazon.com/dp/B083W2RWNL?tag=eloabder-20&linkCode=osi&th=1&psc=1"><img src="https://m.media-amazon.com/images/I/41+rZ7Ja9xL._SL500_.jpg" alt="Product Image"></a><p>HotLogic Max XP Large Portable Electric Lunch Box Food Heater - Expandable Food Warmer Tote and Heated Lunchbox for Adults Work/Car/Home - Cook, Reheat, and Keep Your Food Warm - BLACK - 120V</p><p> -13% 0FF </p><p>$78.27</p><a href="https://www.amazon.com/dp/B083W2RWNL?tag=eloabder-20&linkCode=osi&th=1&psc=1">View Product</a></div><div class="product"><a href="https://www.amazon.com/dp/B0CSW9FXB4?tag=eloabder-20&linkCode=osi&th=1&psc=1"><img src="https://m.media-amazon.com/images/I/41OrYzmJBML._SL500_.jpg" alt="Product Image"></a><p>ZPU Egg Holder Camping, 1Pcs 4 Grid Egg Container for Camping, Plastic Egg Carrier for Camping Picnic Travel Outdoor Refrigerator Kitchen, Shockproof Egg Storage Case, Clear White</p><p> -20% 0FF </p><p>$7.99</p><a href="https://www.amazon.com/dp/B0CSW9FXB4?tag=eloabder-20&linkCode=osi&th=1&psc=1">View Product</a></div>

<div class="product"><a href="https://www.amazon.com/dp/B0BVMYRKRL?tag=eloabder-20&linkCode=osi&th=1&psc=1"><img src="https://m.media-amazon.com/images/I/318s-4hULIL._SL500_.jpg" alt="Product Image"></a><p>Nextmug - Temperature-Controlled, Self-Heating Coffee Mug (Burgundy - 14 oz.)</p><p> -23% 0FF </p><p>$99.95</p><a href="https://www.amazon.com/dp/B0BVMYRKRL?tag=eloabder-20&linkCode=osi&th=1&psc=1">View Product</a></div><div class="product"><a href="https://www.amazon.com/dp/B0DB1DP2KL?tag=eloabder-20&linkCode=osi&th=1&psc=1"><img src="https://m.media-amazon.com/images/I/410VzytA0BL._SL500_.jpg" alt="Product Image"></a><p>Civexa Rechargeable Self Heating Coffee Mug, Fastest Heating & Highest Temperature, 14 Oz App-Controlled Heated Coffee Mug, 1°F Precise Temperature Control Smart Mug Warmer with 150 Min Battery Life</p><p> -33% 0FF </p><p>$79.99</p><a href="https://www.amazon.com/dp/B0DB1DP2KL?tag=eloabder-20&linkCode=osi&th=1&psc=1">View Product</a></div><div class="product"><a href="https://www.amazon.com/dp/B0BYTZ9Q6D?tag=eloabder-20&linkCode=osi&th=1&psc=1"><img src="https://m.media-amazon.com/images/I/41Qw-6ekfQL._SL500_.jpg" alt="Product Image"></a><p>ikago Smart Heated Coffee Mug Warmer & Mug Set - Heated Mug Warmer with Auto Shut Off, 1°F Precise Temperature Control Mug Warmer, Electric Coffee Mug Warmer for Desk, Birthday Gifts for Women and Men</p><p> -14% 0FF </p><p>$59.99</p><a href="https://www.amazon.com/dp/B0BYTZ9Q6D?tag=eloabder-20&linkCode=osi&th=1&psc=1">View Product</a></div><div class="product"><a href="https://www.amazon.com/dp/B0DHTR1H32?tag=eloabder-20&linkCode=osi&th=1&psc=1"><img src="https://m.media-amazon.com/images/I/31sESCtRb7L._SL500_.jpg" alt="Product Image"></a><p>Mug Warmer,Coffee Mug Warmer with 3-Temp Settings,304 Stainless Steel Coffee Warmer with Digital Display, 2-12H Timer Setting Mug Warmer for Desk, Coffee Cup Warmer As Ideal Gift for Coffee Lovers</p><p> -43% 0FF </p><p>$12.59</p><a href="https://www.amazon.com/dp/B0DHTR1H32?tag=eloabder-20&linkCode=osi&th=1&psc=1">View Product</a></div><div class="product"><a href="https://www.amazon.com/dp/B0DHTVV633?tag=eloabder-20&linkCode=osi&th=1&psc=1"><img src="https://m.media-amazon.com/images/I/31WBjhkZIKL._SL500_.jpg" alt="Product Image"></a><p>Mug Warmer,Coffee Mug Warmer with 3 Adjustable Temperature Settings,Coffee Warmer with 2-12H Auto Shutoff Functions,Easy to Clean Mug Warmer for Desk,Coffee Cup Warmer for Ideal Coffee Gifts</p><p> -19% 0FF </p><p>$12.99</p><a href="https://www.amazon.com/dp/B0DHTVV633?tag=eloabder-20&linkCode=osi&th=1&psc=1">View Product</a></div>
<div class="product"><a href="https://www.amazon.com/dp/B0CT5V2ZHR?tag=eloabder-20&linkCode=osi&th=1&psc=1"><img src="https://m.media-amazon.com/images/I/41QSTztkWYL._SL500_.jpg" alt="Product Image"></a><p>Car Electric Kettle: 12V/24V Portable Water Boiler Heated Travel Mug,Multiple Temperature Adjustable Coffee Tea Truck Cup with 304 Stainless Steel Dry Burn Protection & Handy Cup Bag</p><p> -22% 0FF </p><p>$35.99</p><a href="https://www.amazon.com/dp/B0CT5V2ZHR?tag=eloabder-20&linkCode=osi&th=1&psc=1">View Product</a></div><div class="product"><a href="https://www.amazon.com/dp/B09DFM7L6P?tag=eloabder-20&linkCode=osi&th=1&psc=1"><img src="https://m.media-amazon.com/images/I/41EHKsNXzxL._SL500_.jpg" alt="Product Image"></a><p>Muggo 12 oz Self-Heating Coffee Mug with 3 Hour Battery Life, Tea, Coffee, & Hot Beverage Warmer, Heated Travel Mug(L)</p><p> -20% 0FF </p><p>$79.99</p><a href="https://www.amazon.com/dp/B09DFM7L6P?tag=eloabder-20&linkCode=osi&th=1&psc=1">View Product</a></div><div class="product"><a href="https://www.amazon.com/dp/B0DJFBF3SH?tag=eloabder-20&linkCode=osi&th=1&psc=1"><img src="https://m.media-amazon.com/images/I/41IHoQ5MTsL._SL500_.jpg" alt="Product Image"></a><p>Ninja Pod & Grounds Specialty Single-Serve Coffee Maker, K-Cup Pod Compatible, Brews Grounds, Compact Design, Built-In Milk Frother, 56-oz. Reservoir, 6-oz. Cup to 24-oz. Mug Sizes, Stone, PB051ST</p><p> -20% 0FF </p><p>$79.99</p><a href="https://www.amazon.com/dp/B0DJFBF3SH?tag=eloabder-20&linkCode=osi&th=1&psc=1">View Product</a></div><div class="product"><a href="https://www.amazon.com/dp/B0CSDRZSGG?tag=eloabder-20&linkCode=osi&th=1&psc=1"><img src="https://m.media-amazon.com/images/I/31DLZl5VZVL._SL500_.jpg" alt="Product Image"></a><p>Ninja Hot & Iced XL Coffee Maker with Rapid Cold Brew, 4 Brew Styles, 8 Sizes Small Cup to Travel Mug, Single-Serve Coffee Brewer, 12-Cup Carafe, Permanent Filter, Removable Reservoir, Black, CM371</p><p> -33% 0FF </p><p>$99.95</p><a href="https://www.amazon.com/dp/B0CSDRZSGG?tag=eloabder-20&linkCode=osi&th=1&psc=1">View Product</a></div>
<div class="product"><a href="https://www.amazon.com/dp/B0855FZHRW?tag=eloabder-20&linkCode=osi&th=1&psc=1"><img src="https://m.media-amazon.com/images/I/41fTL2yJ5sL._SL500_.jpg" alt="Product Image"></a><p>Ovente 1.7 Liter, BPA-Free Electric Glass Hot Water Kettle with Stainless-Steel Infuser and ProntoFill Technology, Teapot Infuser Perfect for Tea (KG733S+FGK27B)</p><p> -15% 0FF </p><p>$49.57</p><a href="https://www.amazon.com/dp/B0855FZHRW?tag=eloabder-20&linkCode=osi&th=1&psc=1">View Product</a></div>

<div class="product"><a href="https://www.amazon.com/dp/B0C32T9JP5?tag=eloabder-20&linkCode=osi&th=1&psc=1"><img src="https://m.media-amazon.com/images/I/51i64SI1wsL._SL500_.jpg" alt="Product Image"></a><p>HONGBAKE Air Fryer Basket for Oven, 15.6"x11.6" Nonstick Air Fry Crisper Tray with Baking Pan, 2 Pieces Air Frying Accessories, Wide Edge, Gray</p><p> -25% 0FF </p><p>$15.99</p><a href="https://www.amazon.com/dp/B0C32T9JP5?tag=eloabder-20&linkCode=osi&th=1&psc=1">View Product</a></div><div class="product"><a href="https://www.amazon.com/dp/B089YSGMMG?tag=eloabder-20&linkCode=osi&th=1&psc=1"><img src="https://m.media-amazon.com/images/I/51aUBaF3HdL._SL500_.jpg" alt="Product Image"></a><p>Chef Pomodoro Air Fryer Tray for Oven, Copper Crisper Tray, Air Fryer Pans for Toaster Oven, Air Fryer Basket and Tray 2-Piece Set, Air Fryer Baking Pan, Air Fryer basket for Oven (Rectangle)</p><p> -33% 0FF </p><p>$19.99</p><a href="https://www.amazon.com/dp/B089YSGMMG?tag=eloabder-20&linkCode=osi&th=1&psc=1">View Product</a></div><div class="product"><a href="https://www.amazon.com/dp/B0BQ9VBZBH?tag=eloabder-20&linkCode=osi&th=1&psc=1"><img src="https://m.media-amazon.com/images/I/516B1UlyAqL._SL500_.jpg" alt="Product Image"></a><p>Oven Liners for Bottom of Oven with Baking Sheet Liner | Heat Resistant Oven Liners for Bottom of Electric Oven and Teflon Sheets for Baking | Reusable Oven Matt Liner for Bottom of Electric Oven.</p><p> -23% 0FF </p><p>$9.99</p><a href="https://www.amazon.com/dp/B0BQ9VBZBH?tag=eloabder-20&linkCode=osi&th=1&psc=1">View Product</a></div>

<div class="product"><a href="https://www.amazon.com/dp/B08BSP4GL1?tag=eloabder-20&linkCode=osi&th=1&psc=1"><img src="https://m.media-amazon.com/images/I/41gWrVLe75L._SL500_.jpg" alt="Product Image"></a><p>Elite Gourmet EBM8103B Programmable Bread Maker Machine 3 Loaf Sizes, 19 Menu Functions Gluten Free White Wheat Rye French and more, 2 Lbs, Black</p><p> -13% 0FF </p><p>$64.97</p><a href="https://www.amazon.com/dp/B08BSP4GL1?tag=eloabder-20&linkCode=osi&th=1&psc=1">View Product</a></div><div class="product"><a href="https://www.amazon.com/dp/B0CJKNWCG1?tag=eloabder-20&linkCode=osi&th=1&psc=1"><img src="https://m.media-amazon.com/images/I/31wlh9Y94-L._SL500_.jpg" alt="Product Image"></a><p>Silicone Bread Maker, Foldable Nonstick Silicone Bread Pan Easy Release Microwave Dishwasher for Kitchen</p><p> -7% 0FF </p><p>$11.59</p><a href="https://www.amazon.com/dp/B0CJKNWCG1?tag=eloabder-20&linkCode=osi&th=1&psc=1">View Product</a></div>
<div class="product"><a href="https://www.amazon.com/dp/B0BY833XLS?tag=eloabder-20&linkCode=osi&th=1&psc=1"><img src="https://m.media-amazon.com/images/I/41aFMPym+YL._SL500_.jpg" alt="Product Image"></a><p>AWEELON 2 Pcs Silicone Air Fryer Egg Pan Reusable Air Fryer Egg Mold,Non-Stick Air Fryer Baking Pan 3 Cavity Silicone Muffin Pans for Baking Hamburger Bun Pan Air Fryer Accessories</p><p> -10% 0FF </p><p>$8.98</p><a href="https://www.amazon.com/dp/B0BY833XLS?tag=eloabder-20&linkCode=osi&th=1&psc=1">View Product</a></div><div class="product"><a href="https://www.amazon.com/dp/B088TPLBQB?tag=eloabder-20&linkCode=osi&th=1&psc=1"><img src="https://m.media-amazon.com/images/I/31tsE8At5ZL._SL500_.jpg" alt="Product Image"></a><p>SELPONT Pastry Tamper- Wooden Pastry- Double Ended- Dough Tart Tamper- Baking Tool- Shaping Kitchen Tool</p><p> -25% 0FF </p><p>$8.99</p><a href="https://www.amazon.com/dp/B088TPLBQB?tag=eloabder-20&linkCode=osi&th=1&psc=1">View Product</a></div>
<div class="product"><a href="https://www.amazon.com/dp/B01M5JDU2A?tag=eloabder-20&linkCode=osi&th=1&psc=1"><img src="https://m.media-amazon.com/images/I/314-+mGNoUL._SL500_.jpg" alt="Product Image"></a><p>Gotham Steel Round Baking Pan Nonstick Bakeware, Round Cake Pan, – Large 9.5” x 9.5” x 2” Size, Even Heat & Non-Warp Technology, Ultra Nonstick Ceramic Coating, Dishwasher Safe, Brownish</p><p> -18% 0FF </p><p>$16.32</p><a href="https://www.amazon.com/dp/B01M5JDU2A?tag=eloabder-20&linkCode=osi&th=1&psc=1">View Product</a></div><div class="product"><a href="https://www.amazon.com/dp/B0CM67SP45?tag=eloabder-20&linkCode=osi&th=1&psc=1"><img src="https://m.media-amazon.com/images/I/31gSvPX0j5L._SL500_.jpg" alt="Product Image"></a><p>Air Fryer Cake Pan,Pizza Pan and Baking Cake Barrel,Nonstick Coating Backing Fit for HD9925 HD9860 HD9905 01,Dishwasher Safe, Black(22cm)</p><p> -43% 0FF </p><p>$11.88</p><a href="https://www.amazon.com/dp/B0CM67SP45?tag=eloabder-20&linkCode=osi&th=1&psc=1">View Product</a></div>
<div class="product"><a href="https://www.amazon.com/dp/B005XOYUSQ?tag=eloabder-20&linkCode=osi&th=1&psc=1"><img src="https://m.media-amazon.com/images/I/51l6VUhtL1L._SL500_.jpg" alt="Product Image"></a><p>Toas-Tite Sandwich Grill - Handheld Pie Iron, Sandwich Maker, Hand Toaster, Panini and Sandwich Press for Hand Made Hot Sandwiches and Pies - Perfect for Stovetop, Grill and Campfire</p><p> -6% 0FF </p><p>$29.95</p><a href="https://www.amazon.com/dp/B005XOYUSQ?tag=eloabder-20&linkCode=osi&th=1&psc=1">View Product</a></div><div class="product"><a href="https://www.amazon.com/dp/B0C9HX4TLP?tag=eloabder-20&linkCode=osi&th=1&psc=1"><img src="https://m.media-amazon.com/images/I/41j6he2SJ8L._SL500_.jpg" alt="Product Image"></a><p>AILITOR Double Pie Iron Sandwich Maker for Camping, Cast Iron Campfire Pie Cooker, Campfire Cooking Equipment Mountain Pie Maker</p><p> -25% 0FF </p><p>$29.99</p><a href="https://www.amazon.com/dp/B0C9HX4TLP?tag=eloabder-20&linkCode=osi&th=1&psc=1">View Product</a></div><div class="product"><a href="https://www.amazon.com/dp/B0BQ6RF42G?tag=eloabder-20&linkCode=osi&th=1&psc=1"><img src="https://m.media-amazon.com/images/I/415JIGFbKAL._SL500_.jpg" alt="Product Image"></a><p>AILITOR Campfire Sandwich Maker Cast Iron Pack of 4 - Pudgy Pie Maker for Camping, Mountain Pie Cooker</p><p> -5% 0FF </p><p>$94.99</p><a href="https://www.amazon.com/dp/B0BQ6RF42G?tag=eloabder-20&linkCode=osi&th=1&psc=1">View Product</a></div>
<div class="product"><a href="https://www.amazon.com/dp/B00KBUGQNY?tag=eloabder-20&linkCode=osi&th=1&psc=1"><img src="https://m.media-amazon.com/images/I/41XqQqVDzML._SL500_.jpg" alt="Product Image"></a><p>Wilton Candy Melts Candy And Chocolate Melting Pot, 2.5 Cups Capacity, Assorted Colors, Plastic</p><p> -24% 0FF </p><p>$32.99</p><a href="https://www.amazon.com/dp/B00KBUGQNY?tag=eloabder-20&linkCode=osi&th=1&psc=1">View Product</a></div>

<div class="product"><a href="https://www.amazon.com/dp/B07XXMSZ9T?tag=eloabder-20&linkCode=osi&th=1&psc=1"><img src="https://m.media-amazon.com/images/I/31QYFgrmuuL._SL500_.jpg" alt="Product Image"></a><p>MACONEE 12inch Universal Microwave Crisper Pan/Microwave Cookware Crispy Plate Fry Pan, Microwave Cooker for Reheat Frozen Pizza, Chicken Nuggets French Toast with Crisp Effect!</p><p> -5% 0FF </p><p>$34.99</p><a href="https://www.amazon.com/dp/B07XXMSZ9T?tag=eloabder-20&linkCode=osi&th=1&psc=1">View Product</a></div><div class="product"><a href="https://www.amazon.com/dp/B0C95D475H?tag=eloabder-20&linkCode=osi&th=1&psc=1"><img src="https://m.media-amazon.com/images/I/41KfKdcdDbL._SL500_.jpg" alt="Product Image"></a><p>Cuisinart Indoor Pizza Oven – Bake 12” Pizzas in Minutes – Portable Countertop Pizza Oven – Stainless Steel - CPZ-120</p><p> -53% 0FF </p><p>$187.49</p><a href="https://www.amazon.com/dp/B0C95D475H?tag=eloabder-20&linkCode=osi&th=1&psc=1">View Product</a></div><div class="product"><a href="https://www.amazon.com/dp/B0D9HYLN56?tag=eloabder-20&linkCode=osi&th=1&psc=1"><img src="https://m.media-amazon.com/images/I/51KRbs4TdkL._SL500_.jpg" alt="Product Image"></a><p>Presto 03434 Pizzaz Plus Rotating Oven - 12-Inch, Countertop Pizza Oven, Nonstick Tray, Top and Bottom Heating Elements, Easy to Clean, Green/Gold</p><p> -7% 0FF </p><p>$79.00</p><a href="https://www.amazon.com/dp/B0D9HYLN56?tag=eloabder-20&linkCode=osi&th=1&psc=1">View Product</a></div>
<div class="product"><a href="https://www.amazon.com/dp/B077YR9FFG?tag=eloabder-20&linkCode=osi&th=1&psc=1"><img src="https://m.media-amazon.com/images/I/51O2k+YPICL._SL500_.jpg" alt="Product Image"></a><p>Chefman Panini Press Grill and Gourmet Sandwich Maker Non-Stick Coated Plates, Opens 180 Degrees to Fit Any Type or Size of Food, Stainless Steel Surface and Removable Drip Tray, 4 Slice, Black</p><p> -20% 0FF </p><p>$39.96</p><a href="https://www.amazon.com/dp/B077YR9FFG?tag=eloabder-20&linkCode=osi&th=1&psc=1">View Product</a></div><div class="product"><a href="https://www.amazon.com/dp/B0039UU9TU?tag=eloabder-20&linkCode=osi&th=1&psc=1"><img src="https://m.media-amazon.com/images/I/41zMBCGEaoL._SL500_.jpg" alt="Product Image"></a><p>Lodge LPP3 Cast Iron Square Ribbed Panini Press, 8.25-inch</p><p> -7% 0FF </p><p>$29.61</p><a href="https://www.amazon.com/dp/B0039UU9TU?tag=eloabder-20&linkCode=osi&th=1&psc=1">View Product</a></div>
<div class="product"><a href="https://www.amazon.com/dp/B0BMV2R7NH?tag=eloabder-20&linkCode=osi&th=1&psc=1"><img src="https://m.media-amazon.com/images/I/41AU0s48sEL._SL500_.jpg" alt="Product Image"></a><p>Audecook Hot Pot Electric 2L, Cermic Glaze Non-Stick Frying Pan 8 Inch, Portable Travel Cooker for Ramen/Steak/Fried Rice/Oatmeal/Soup, with Dual Power Control (Silicone Spatula Included)</p><p> -24% 0FF </p><p>$37.99</p><a href="https://www.amazon.com/dp/B0BMV2R7NH?tag=eloabder-20&linkCode=osi&th=1&psc=1">View Product</a></div><div class="product"><a href="https://www.amazon.com/dp/B0B7FHK2H7?tag=eloabder-20&linkCode=osi&th=1&psc=1"><img src="https://m.media-amazon.com/images/I/31dqzuWr2sL._SL500_.jpg" alt="Product Image"></a><p>Audecook Hot Pot Electric with Steamer, 1.8L Portable Mini Travel Cooker, Multifunctional Non-Stick Electric Skillet for Stir Fry/Stew/Steam, Perfect for Ramen Noodles/Pasta/Egg/Soup/Oatmeal (White)</p><p> -28% 0FF </p><p>$32.98</p><a href="https://www.amazon.com/dp/B0B7FHK2H7?tag=eloabder-20&linkCode=osi&th=1&psc=1">View Product</a></div>
<div class="product"><a href="https://www.amazon.com/dp/B0002HAEKW?tag=eloabder-20&linkCode=osi&th=1&psc=1"><img src="https://m.media-amazon.com/images/I/31pTwD5u8wL._SL500_.jpg" alt="Product Image"></a><p>Farberware Classic Series Stainless Steel 8-Quart Covered Straining Stockpot with Lid, Stainless Steel Pot with Lid, Silver</p><p> -39% 0FF </p><p>$36.49</p><a href="https://www.amazon.com/dp/B0002HAEKW?tag=eloabder-20&linkCode=osi&th=1&psc=1">View Product</a></div><div class="product"><a href="https://www.amazon.com/dp/B08HR7H63D?tag=eloabder-20&linkCode=osi&th=1&psc=1"><img src="https://m.media-amazon.com/images/I/41kHWurprEL._SL500_.jpg" alt="Product Image"></a><p>Bayou Classic 200-490 30-qt Aluminum Turkey Fryer Kit Features 30-qt Aluminum Stockpot w/ Lid Lift Hook and Rack 1-oz Seasoning Injector 12-in Fry Thermometer 19-in Tall Steel Cooker w/ 4-in Burner</p><p> -6% 0FF </p><p>$157.63 ($157.63 / Count)</p><a href="https://www.amazon.com/dp/B08HR7H63D?tag=eloabder-20&linkCode=osi&th=1&psc=1">View Product</a></div>
<div class="product"><a href="https://www.amazon.com/dp/B0CV4NYDQL?tag=eloabder-20&linkCode=osi&th=1&psc=1"><img src="https://m.media-amazon.com/images/I/41ySRkI3DsL._SL500_.jpg" alt="Product Image"></a><p>Enameled Cast Iron Bread Pan With Lid 9 Piece Complete Bread Baking Set | Dutch Oven for Bread Baking | 10 Inch Bread Oven with Lid | Thick Enamel | Silicone Baking Mat | Banneton | 6 Quart (Red)</p><p> -10% 0FF </p><p>$89.99</p><a href="https://www.amazon.com/dp/B0CV4NYDQL?tag=eloabder-20&linkCode=osi&th=1&psc=1">View Product</a></div><div class="product"><a href="https://www.amazon.com/dp/B0C8WN349L?tag=eloabder-20&linkCode=osi&th=1&psc=1"><img src="https://m.media-amazon.com/images/I/41Fv7R5VoHL._SL500_.jpg" alt="Product Image"></a><p>Ninja Combi All-in-One Multicooker, Oven, & Air Fryer, Complete Meals in 15 Mins, 14-in-1 Functions, Combi Cooker + Air Fry, Bake, Roast, Slow Cook and More, 3 Accessories, Stainless Steel, SFP701</p><p> -22% 0FF </p><p>$179.99</p><a href="https://www.amazon.com/dp/B0C8WN349L?tag=eloabder-20&linkCode=osi&th=1&psc=1">View Product</a></div>





<div class="product"><a href="https://www.amazon.com/dp/B07GV78ZKK?tag=eloabder-20&linkCode=osi&th=1&psc=1"><img src="https://m.media-amazon.com/images/I/31zntCfjdLL._SL500_.jpg" alt="Product Image"></a><p>COMFEE' EM720CPL-PM Countertop Microwave Oven with Sound On/Off, ECO Mode and Easy One-Touch Buttons, 0.7 Cu Ft/700W, Pearl White</p><p> -17% 0FF </p><p>$68.39</p><a href="https://www.amazon.com/dp/B07GV78ZKK?tag=eloabder-20&linkCode=osi&th=1&psc=1">View Product</a></div>
<div class="product"><a href="https://www.amazon.com/dp/B07XMJMCS3?tag=eloabder-20&linkCode=osi&th=1&psc=1"><img src="https://m.media-amazon.com/images/I/419J3Xx48mL._SL500_.jpg" alt="Product Image"></a><p>Elite Gourmet ETO-4510M French Door 47.5Qt, 18-Slice Convection Oven 4-Control Knobs, Bake Broil Toast Rotisserie Keep Warm, Includes 2 x 14" Pizza Racks, Stainless Steel</p><p> -31% 0FF </p><p>$124.99</p><a href="https://www.amazon.com/dp/B07XMJMCS3?tag=eloabder-20&linkCode=osi&th=1&psc=1">View Product</a></div><div class="product"><a href="https://www.amazon.com/dp/B08BXX69K4?tag=eloabder-20&linkCode=osi&th=1&psc=1"><img src="https://m.media-amazon.com/images/I/41D3YEcmwdL._SL500_.jpg" alt="Product Image"></a><p>Ninja DT201 Foodi 10-in-1 XL Pro Air Fry Digital Countertop Convection Toaster Oven with Dehydrate and Reheat, 1800 Watts, Stainless Steel Finish, Silver</p><p> -23% 0FF </p><p>$229.99</p><a href="https://www.amazon.com/dp/B08BXX69K4?tag=eloabder-20&linkCode=osi&th=1&psc=1">View Product</a></div>
<div class="product"><a href="https://www.amazon.com/dp/B0CS3V8M9H?tag=eloabder-20&linkCode=osi&th=1&psc=1"><img src="https://m.media-amazon.com/images/I/412jHCGGR+L._SL500_.jpg" alt="Product Image"></a><p>Ninja Air Fryer Pro XL 6-in-1 with 6.5 QT Capacity, Max Crisp, Air Fry, Air Roast, Bake, Reheat, Dehydrate, Max Crisp Technology with 450F, Nonstick Basket & Crisper Plate, Grey, AF181</p><p> -47% 0FF </p><p>$89.99</p><a href="https://www.amazon.com/dp/B0CS3V8M9H?tag=eloabder-20&linkCode=osi&th=1&psc=1">View Product</a></div>
<div class="product"><a href="https://www.amazon.com/dp/B0B1QSBB8G?tag=eloabder-20&linkCode=osi&th=1&psc=1"><img src="https://m.media-amazon.com/images/I/51cRMyJi-bL._SL500_.jpg" alt="Product Image"></a><p>Ronco ST5000PLAT Digital Showtime Rotisserie, Platinum Edition, Cooks Food Perfectly Every Time, 3 Cooking Modes: Roast, Sear, and No Heat Rotation, Stainless Steel</p><p> -15% 0FF </p><p>$144.99</p><a href="https://www.amazon.com/dp/B0B1QSBB8G?tag=eloabder-20&linkCode=osi&th=1&psc=1">View Product</a></div><div class="product"><a href="https://www.amazon.com/dp/B08JQNN9SY?tag=eloabder-20&linkCode=osi&th=1&psc=1"><img src="https://m.media-amazon.com/images/I/51rWVbBIf+L._SL500_.jpg" alt="Product Image"></a><p>Ronco Showtime EZ-Store Large Capacity Rotisserie & BBQ Oven, Digital Controls, Compact Storage, Perfect Preset Rotation Speed, Self-Basting, Auto Shutoff, Includes Multipurpose Basket, red</p><p> -10% 0FF </p><p>$139.99</p><a href="https://www.amazon.com/dp/B08JQNN9SY?tag=eloabder-20&linkCode=osi&th=1&psc=1">View Product</a></div><div class="product"><a href="https://www.amazon.com/dp/B00IGGJKRY?tag=eloabder-20&linkCode=osi&th=1&psc=1"><img src="https://m.media-amazon.com/images/I/41ZyPJxqGNL._SL500_.jpg" alt="Product Image"></a><p>Ronco 5500 Series Rotisserie Oven, Black</p><p> -7% 0FF </p><p>$139.99</p><a href="https://www.amazon.com/dp/B00IGGJKRY?tag=eloabder-20&linkCode=osi&th=1&psc=1">View Product</a></div><div class="product"><a href="https://www.amazon.com/dp/B016VZYWNS?tag=eloabder-20&linkCode=osi&th=1&psc=1"><img src="https://m.media-amazon.com/images/I/41GY0IMde0L._SL500_.jpg" alt="Product Image"></a><p>NutriChef Vertical Countertop Rotisserie Oven Roaster, Rotating Shawarma And Kebab Machine with Skewer and Rack, Basket Tower, Roasting Rack, Poultry Tower, Drip Tray, For Meat Chicken Turkey Lamb</p><p> -8% 0FF </p><p>$110.28</p><a href="https://www.amazon.com/dp/B016VZYWNS?tag=eloabder-20&linkCode=osi&th=1&psc=1">View Product</a></div><div class="product"><a href="https://www.amazon.com/dp/B01MAWQSW5?tag=eloabder-20&linkCode=osi&th=1&psc=1"><img src="https://m.media-amazon.com/images/I/51hurfu3V2L._SL500_.jpg" alt="Product Image"></a><p>Nutrichef Vertical Countertop Oven with Rotisserie, Bake, Broil, & Kebab Rack Functions - Adjustable Settings - 2 Shelves - 1500W - Thanksgiving Turkey - Includes Grill, Kebab skewer racks & bake pan</p><p> -15% 0FF </p><p>$88.80</p><a href="https://www.amazon.com/dp/B01MAWQSW5?tag=eloabder-20&linkCode=osi&th=1&psc=1">View Product</a></div>
<div class="product"><a href="https://www.amazon.com/dp/B0BJ7VBZ2N?tag=eloabder-20&linkCode=osi&th=1&psc=1"><img src="https://m.media-amazon.com/images/I/31YfjzhQJiL._SL500_.jpg" alt="Product Image"></a><p>LG LRFLC2706S 27 Cu. Ft. French Door Smart Refrigerator in Stainless Steel</p><p> -22% 0FF </p><p>$1,645.31</p><a href="https://www.amazon.com/dp/B0BJ7VBZ2N?tag=eloabder-20&linkCode=osi&th=1&psc=1">View Product</a></div><div class="product"><a href="https://www.amazon.com/dp/B0CL9K8VTH?tag=eloabder-20&linkCode=osi&th=1&psc=1"><img src="https://m.media-amazon.com/images/I/219HZ+NJ2UL._SL500_.jpg" alt="Product Image"></a><p>THFRIONE 18.1 Cu. Ft 36" Inch W. Refrigerator with Ice & Water Dispenser, Inverter Compressor, Auto Defrost, Gray Stainless Steel Finish – Perfect for Kitchens, Homes, or Offices</p><p> -25% 0FF </p><p>$1,499.99</p><a href="https://www.amazon.com/dp/B0CL9K8VTH?tag=eloabder-20&linkCode=osi&th=1&psc=1">View Product</a></div><div class="product"><a href="https://www.amazon.com/dp/B0C2X116TR?tag=eloabder-20&linkCode=osi&th=1&psc=1"><img src="https://m.media-amazon.com/images/I/21W4R5jV3GL._SL500_.jpg" alt="Product Image"></a><p>LG LRFXC2606S 25.5 Cu. Ft. Stainless Steel French Door Smart Refrigerator</p><p> -29% 0FF </p><p>$1,843.47</p><a href="https://www.amazon.com/dp/B0C2X116TR?tag=eloabder-20&linkCode=osi&th=1&psc=1">View Product</a></div><div class="product"><a href="https://www.amazon.com/dp/B07ZL2VL1Q?tag=eloabder-20&linkCode=osi&th=1&psc=1"><img src="https://m.media-amazon.com/images/I/316q4gNbayL._SL500_.jpg" alt="Product Image"></a><p>GE Profile PVD28BYNFS 27.6 Cu.Ft. Stainless French Door Smart Refrigerator</p><p> -44% 0FF </p><p>$2,345.73</p><a href="https://www.amazon.com/dp/B07ZL2VL1Q?tag=eloabder-20&linkCode=osi&th=1&psc=1">View Product</a></div>
<div class="product"><a href="https://www.amazon.com/dp/B0CFG3VR82?tag=eloabder-20&linkCode=osi&th=1&psc=1"><img src="https://m.media-amazon.com/images/I/41mL7IdNaaL._SL500_.jpg" alt="Product Image"></a><p>4986ER0004F Washer Door Boot Gasket - Boot Seal with Drain Port Compatible with LG and Kenmore Replaces: PS3524977, 1377588, 4986ER0004J, 4986ER0004K, AH3524977, 4986ER0004M, 4986ER0004N, EA3524977</p><p> -19% 0FF </p><p>$29.98</p><a href="https://www.amazon.com/dp/B0CFG3VR82?tag=eloabder-20&linkCode=osi&th=1&psc=1">View Product</a></div><div class="product"><a href="https://www.amazon.com/dp/B0CSNKFMHZ?tag=eloabder-20&linkCode=osi&th=1&psc=1"><img src="https://m.media-amazon.com/images/I/41FWvdtKijL._SL500_.jpg" alt="Product Image"></a><p>Upgraded DC97-16140P DC97-19755A Washer Door Gasket Boot Seal Bellow Diaphragm Compatible with Samsung Front Load Washer Door Seal WF45N5300AW/US WF45M5500AZ/A5 WF45K6200AW/A2 WF45K6300AW/A2 Parts</p><p> -13% 0FF </p><p>$45.77</p><a href="https://www.amazon.com/dp/B0CSNKFMHZ?tag=eloabder-20&linkCode=osi&th=1&psc=1">View Product</a></div>
<div class="product"><a href="https://www.amazon.com/dp/B0C4PRS41W?tag=eloabder-20&linkCode=osi&th=1&psc=1"><img src="https://m.media-amazon.com/images/I/41Xc8Et+m2L._SL500_.jpg" alt="Product Image"></a><p>ROVSUN 13.2LB Portable Clothes Dryer, 3.5 Cu.Ft High End Front Load Tumble Laundry Dryer with LCD Touch Screen, Stainless Steel Tub for Apartment, Home, Dorm-110V, Luxury Grey</p><p> -6% 0FF </p><p>$289.99</p><a href="https://www.amazon.com/dp/B0C4PRS41W?tag=eloabder-20&linkCode=osi&th=1&psc=1">View Product</a></div><div class="product"><a href="https://www.amazon.com/dp/B0BV6M9MB8?tag=eloabder-20&linkCode=osi&th=1&psc=1"><img src="https://m.media-amazon.com/images/I/31UNxYC9C6L._SL500_.jpg" alt="Product Image"></a><p>BLACK+DECKER Compact Clothes Dryer, 1.5 Cu. Ft. 850W Electric Dryer, 120V Vented Portable Dryer with Stainless Steel Drum, Mini Dryer for 3.3 lbs. of Laundry for Standard Wall Outlet</p><p> -6% 0FF </p><p>$244.07</p><a href="https://www.amazon.com/dp/B0BV6M9MB8?tag=eloabder-20&linkCode=osi&th=1&psc=1">View Product</a></div>
<div class="product"><a href="https://www.amazon.com/dp/B09QGHYFY3?tag=eloabder-20&linkCode=osi&th=1&psc=1"><img src="https://m.media-amazon.com/images/I/51WzNNtcNxL._SL500_.jpg" alt="Product Image"></a><p>VEVOR Commercial Convection Oven, 66L/60Qt, Half-Size Conventional Oven Countertop, 1800W 4-Tier Toaster w/Front Glass Door, w/Trays Wire Racks Clip Gloves, 120V</p><p> -8% 0FF </p><p>$459.99</p><a href="https://www.amazon.com/dp/B09QGHYFY3?tag=eloabder-20&linkCode=osi&th=1&psc=1">View Product</a></div><div class="product"><a href="https://www.amazon.com/dp/B0BZ52FLKC?tag=eloabder-20&linkCode=osi&th=1&psc=1"><img src="https://m.media-amazon.com/images/I/51xS1rDuyiL._SL500_.jpg" alt="Product Image"></a><p>Emeril Lagasse Dual Zone 360 Air Fryer Oven Combo with French Door, 25 QT Extra Large Cook Two Foods in Different Ways, Up to 60% Faster from Frozen to Finish</p><p> -12% 0FF </p><p>$264.50</p><a href="https://www.amazon.com/dp/B0BZ52FLKC?tag=eloabder-20&linkCode=osi&th=1&psc=1">View Product</a></div><div class="product"><a href="https://www.amazon.com/dp/B0BRL9F8HV?tag=eloabder-20&linkCode=osi&th=1&psc=1"><img src="https://m.media-amazon.com/images/I/41OVh-RKLgL._SL500_.jpg" alt="Product Image"></a><p>Ninja DCT451 12-in-1 Smart Double Oven with FlexDoor, Thermometer, FlavorSeal, Smart Finish, Rapid Top Convection and Air Fry Bottom , Stainless Steel (pack of 1)</p><p> -20% 0FF </p><p>$279.99</p><a href="https://www.amazon.com/dp/B0BRL9F8HV?tag=eloabder-20&linkCode=osi&th=1&psc=1">View Product</a></div>

<div class="product"><a href="https://www.amazon.com/dp/B0773QXFH3?tag=eloabder-20&linkCode=osi&th=1&psc=1"><img src="https://m.media-amazon.com/images/I/41OitXu8hQL._SL500_.jpg" alt="Product Image"></a><p>BLACK+DECKER BCD6W 6 Place Setting ENERGY STAR Portable Compact Countertop Dishwasher</p><p> -20% 0FF </p><p>$319.99</p><a href="https://www.amazon.com/dp/B0773QXFH3?tag=eloabder-20&linkCode=osi&th=1&psc=1">View Product</a></div><div class="product"><a href="https://www.amazon.com/dp/B09QSV4FCC?tag=eloabder-20&linkCode=osi&th=1&psc=1"><img src="https://m.media-amazon.com/images/I/51vfWTq8xAL._SL500_.jpg" alt="Product Image"></a><p>IAGREEA Portable Countertop Dishwasher, 7 Washing Programs Compact Mini Dishwasher, No Hook Needed, Anti-Leakage, Fruit & Vegetable Soaking, For 4 Sets of Tableware</p><p> -9% 0FF </p><p>$209.99</p><a href="https://www.amazon.com/dp/B09QSV4FCC?tag=eloabder-20&linkCode=osi&th=1&psc=1">View Product</a></div>




<div class="product"><a href="https://www.amazon.com/dp/B07D4821JB?tag=eloabder-20&linkCode=osi&th=1&psc=1"><img src="https://m.media-amazon.com/images/I/31KcsQlzOiL._SL500_.jpg" alt="Product Image"></a><p>GE Smart Countertop Microwave Oven | Complete with Scan-to-Cook Technology and Wifi-Connectivity | 0.9 Cubic Feet Capacity, 900 Watts | Home & Kitchen Essentials | Stainless Steel</p><p> -9% 0FF </p><p>$145.00</p><a href="https://www.amazon.com/dp/B07D4821JB?tag=eloabder-20&linkCode=osi&th=1&psc=1">View Product</a></div><div class="product"><a href="https://www.amazon.com/dp/B08PK7WZC1?tag=eloabder-20&linkCode=osi&th=1&psc=1"><img src="https://m.media-amazon.com/images/I/31FW1VCDrSL._SL500_.jpg" alt="Product Image"></a><p>Toshiba ML-EM62P(SS) Large Countertop Microwave with Smart Sensor, 6 Menus, Auto Defrost, ECO Mode, Mute Option & 16.5" Position Memory Turntable, 2.2 Cu Ft, 1200W, Stainless Steel</p><p> -5% 0FF </p><p>$199.99</p><a href="https://www.amazon.com/dp/B08PK7WZC1?tag=eloabder-20&linkCode=osi&th=1&psc=1">View Product</a></div><div class="product"><a href="https://www.amazon.com/dp/B081ZS7VSM?tag=eloabder-20&linkCode=osi&th=1&psc=1"><img src="https://m.media-amazon.com/images/I/41q6iIrj2lL._SL500_.jpg" alt="Product Image"></a><p>Breville BMO870BSS1BUC1 the Combi Wave 3 in 1 Microwave, Brushed Stainless Steel</p><p> -20% 0FF </p><p>$399.95</p><a href="https://www.amazon.com/dp/B081ZS7VSM?tag=eloabder-20&linkCode=osi&th=1&psc=1">View Product</a></div><div class="product"><a href="https://www.amazon.com/dp/B089WC2P2K?tag=eloabder-20&linkCode=osi&th=1&psc=1"><img src="https://m.media-amazon.com/images/I/418Op+Eo8TL._SL500_.jpg" alt="Product Image"></a><p>TOSHIBA 4-in-1 ML-EC42P(SS) Countertop Microwave Oven, Smart Sensor, Convection, Air Fryer Combo, Mute Function, Position Memory 13.6" Turntable, 1.5 Cu Ft, 1000W, Silver</p><p> -16% 0FF </p><p>$214.99</p><a href="https://www.amazon.com/dp/B089WC2P2K?tag=eloabder-20&linkCode=osi&th=1&psc=1">View Product</a></div>
<div class="product"><a href="https://www.amazon.com/dp/B0CZNV2YJK?tag=eloabder-20&linkCode=osi&th=1&psc=1"><img src="https://m.media-amazon.com/images/I/41cLBczHUgL._SL500_.jpg" alt="Product Image"></a><p>Aeitto Blender, Blenders for Kitchen with 1500-Watt Motor, 68 Oz Large Capacity, Countertop Professional Blenders for Ice Crush, Frozen Drinks, Black</p><p> -73% 0FF </p><p>$89.99</p><a href="https://www.amazon.com/dp/B0CZNV2YJK?tag=eloabder-20&linkCode=osi&th=1&psc=1">View Product</a></div><div class="product"><a href="https://www.amazon.com/dp/B00939FV8K?tag=eloabder-20&linkCode=osi&th=1&psc=1"><img src="https://m.media-amazon.com/images/I/418t4FONikL._SL500_.jpg" alt="Product Image"></a><p>Ninja BL660 Professional Compact Smoothie & Food Processing Blender, 1100-Watts, 3 Functions -for Frozen Drinks, Smoothies, Sauces, & More, 72-oz.* Pitcher, (2) 16-oz. To-Go Cups & Spout Lids, Gray</p><p> -17% 0FF </p><p>$99.00</p><a href="https://www.amazon.com/dp/B00939FV8K?tag=eloabder-20&linkCode=osi&th=1&psc=1">View Product</a></div><div class="product"><a href="https://www.amazon.com/dp/B0CDCTBMKX?tag=eloabder-20&linkCode=osi&th=1&psc=1"><img src="https://m.media-amazon.com/images/I/41AxPEPZViL._SL500_.jpg" alt="Product Image"></a><p>Ninja TB201 Detect Power Blender Pro, BlendSense Technology, For Smoothies, Shakes & More, 1800 Peak Watts, 72 oz. Pitcher, Blender, Black</p><p> -7% 0FF </p><p>$129.99</p><a href="https://www.amazon.com/dp/B0CDCTBMKX?tag=eloabder-20&linkCode=osi&th=1&psc=1">View Product</a></div><div class="product"><a href="https://www.amazon.com/dp/B08F2PWT72?tag=eloabder-20&linkCode=osi&th=1&psc=1"><img src="https://m.media-amazon.com/images/I/21Abxpp-dvL._SL500_.jpg" alt="Product Image"></a><p>KitchenAid Variable Speed Corded Hand Blender KHBV53, Charcoal Grey</p><p> -25% 0FF </p><p>$44.95</p><a href="https://www.amazon.com/dp/B08F2PWT72?tag=eloabder-20&linkCode=osi&th=1&psc=1">View Product</a></div>


<div class="product"><a href="https://www.amazon.com/dp/B010TSWBEA?tag=eloabder-20&linkCode=osi&th=1&psc=1"><img src="https://m.media-amazon.com/images/I/21S-tgi3mHL._SL500_.jpg" alt="Product Image"></a><p>SMEG 2 Slice Toaster with 6 Presets and Defrost Function and Removable Crumb Tray TSF01SSMUS, Stainless Steel</p><p> -21% 0FF </p><p>$196.97</p><a href="https://www.amazon.com/dp/B010TSWBEA?tag=eloabder-20&linkCode=osi&th=1&psc=1">View Product</a></div><div class="product"><a href="https://www.amazon.com/dp/B00COMHC12?tag=eloabder-20&linkCode=osi&th=1&psc=1"><img src="https://m.media-amazon.com/images/I/31x2kZuLOcL._SL500_.jpg" alt="Product Image"></a><p>Breville the 'A Bit More' Toaster 2-Slice, BTA720XL, Brushed Stainless Steel</p><p> -25% 0FF </p><p>$89.95</p><a href="https://www.amazon.com/dp/B00COMHC12?tag=eloabder-20&linkCode=osi&th=1&psc=1">View Product</a></div><div class="product"><a href="https://www.amazon.com/dp/B00140SC64?tag=eloabder-20&linkCode=osi&th=1&psc=1"><img src="https://m.media-amazon.com/images/I/31AsHl4-4ZL._SL500_.jpg" alt="Product Image"></a><p>Breville Smart Toaster, 2-Slice, Brushed Aluminum</p><p> -6% 0FF </p><p>$149.95</p><a href="https://www.amazon.com/dp/B00140SC64?tag=eloabder-20&linkCode=osi&th=1&psc=1">View Product</a></div><div class="product"><a href="https://www.amazon.com/dp/B0964BFH62?tag=eloabder-20&linkCode=osi&th=1&psc=1"><img src="https://m.media-amazon.com/images/I/41Nw+vaMaiL._SL500_.jpg" alt="Product Image"></a><p>Café Express Finish 2-Slice Toaster | Extra-Wide Slots, Extra Lift for Waffles, Pastries, Texas Toast & More | 4 Pre-Set Functions, 8 Shade Options | Countertop Kitchen Essentials | Matte Black</p><p> -23% 0FF </p><p>$99.00</p><a href="https://www.amazon.com/dp/B0964BFH62?tag=eloabder-20&linkCode=osi&th=1&psc=1">View Product</a></div><div class="product"><a href="https://www.amazon.com/dp/B0876235F1?tag=eloabder-20&linkCode=osi&th=1&psc=1"><img src="https://m.media-amazon.com/images/I/41y-KW18W1L._SL500_.jpg" alt="Product Image"></a><p>Haden Heritage 4 Slice Wide Slot Stainless Steel Toaster with Adjustable Browning Control & Non-Slip Feet, Ivory & Chrome</p><p> -29% 0FF </p><p>$89.95</p><a href="https://www.amazon.com/dp/B0876235F1?tag=eloabder-20&linkCode=osi&th=1&psc=1">View Product</a></div>
<div class="product"><a href="https://www.amazon.com/dp/B0C7VMZ9FG?tag=eloabder-20&linkCode=osi&th=1&psc=1"><img src="https://m.media-amazon.com/images/I/31JHVY8m1-L._SL500_.jpg" alt="Product Image"></a><p>Breez Max | Smart AC Controller | WiFi Thermostat for Mini-Split, Window, Portable ACS/Heat Pumps | AI-Based Tech | Free App, No Subscriptions | Alexa, Google, Siri Shortcuts, IFTTT (White)</p><p> -22% 0FF </p><p>$124.99</p><a href="https://www.amazon.com/dp/B0C7VMZ9FG?tag=eloabder-20&linkCode=osi&th=1&psc=1">View Product</a></div>



<div class="product"><a href="https://www.amazon.com/dp/B09H1CGRTV?tag=eloabder-20&linkCode=osi&th=1&psc=1"><img src="https://m.media-amazon.com/images/I/31uEPVcJ8RL._SL500_.jpg" alt="Product Image"></a><p>FOTILE ChefCubii 4-in-1 Countertop Convection Steam Oven, Air Fryer, Dehydrator with True Convection Bake, Steam-Bake, Broil, 40 Preset Menu and Steam Self-Clean, 1 CFT</p><p> -20% 0FF </p><p>$399.00</p><a href="https://www.amazon.com/dp/B09H1CGRTV?tag=eloabder-20&linkCode=osi&th=1&psc=1">View Product</a></div><div class="product"><a href="https://www.amazon.com/dp/B0CZ3HSTP8?tag=eloabder-20&linkCode=osi&th=1&psc=1"><img src="https://m.media-amazon.com/images/I/41rIMFdCNsL._SL500_.jpg" alt="Product Image"></a><p>Secura Multifunction Air Fryer Steam Oven, 13 Quart Compact Oven with Convection Bake, Airfryer, Rapid Steam, Ferment, Dehydrator Combo, Nutritious & Delicious Food Steamer for Cooking (Mint Green)</p><p> -18% 0FF </p><p>$120.00</p><a href="https://www.amazon.com/dp/B0CZ3HSTP8?tag=eloabder-20&linkCode=osi&th=1&psc=1">View Product</a></div><div class="product"><a href="https://www.amazon.com/dp/B08YDJJ48N?tag=eloabder-20&linkCode=osi&th=1&psc=1"><img src="https://m.media-amazon.com/images/I/31eWtCxG5PL._SL500_.jpg" alt="Product Image"></a><p>Whynter TSO-488GB Grande 40 Quart Capacity Counter-Top Multi-Function Convection Steam Oven, Black Stainless Steel</p><p> -26% 0FF </p><p>$320.08</p><a href="https://www.amazon.com/dp/B08YDJJ48N?tag=eloabder-20&linkCode=osi&th=1&psc=1">View Product</a></div>
<div class="product"><a href="https://www.amazon.com/dp/B0B12ZBHLZ?tag=eloabder-20&linkCode=osi&th=1&psc=1"><img src="https://m.media-amazon.com/images/I/41aMbPd8AmL._SL500_.jpg" alt="Product Image"></a><p>Sensibo Air PRO - Air Conditioner Smart Controller & Air Quality Sensor. Smart Thermostat for Mini Split, Window, Portable AC. Temp & Humidity Sensors. Google, Alexa, Siri & Apple HomeKit Compatible</p><p> -31% 0FF </p><p>$149.00</p><a href="https://www.amazon.com/dp/B0B12ZBHLZ?tag=eloabder-20&linkCode=osi&th=1&psc=1">View Product</a></div><div class="product"><a href="https://www.amazon.com/dp/B0BQH2SL9Q?tag=eloabder-20&linkCode=osi&th=1&psc=1"><img src="https://m.media-amazon.com/images/I/31CwRCRuFWL._SL500_.jpg" alt="Product Image"></a><p>Feit Electric Smart Indoor WiFi Temperature and Humidity Sensor for Precision Environment Control, Wireless, Digital Remote App Control, Get Notification Alerts and No Hub Required - Temp/WiFi</p><p> -16% 0FF </p><p>$39.30</p><a href="https://www.amazon.com/dp/B0BQH2SL9Q?tag=eloabder-20&linkCode=osi&th=1&psc=1">View Product</a></div><div class="product"><a href="https://www.amazon.com/dp/B0B5GPM54S?tag=eloabder-20&linkCode=osi&th=1&psc=1"><img src="https://m.media-amazon.com/images/I/31sAt4ZNQRL._SL500_.jpg" alt="Product Image"></a><p>YoLink X3 Version Temperature & Humidity Sensor, Supports App Real-Time Data Refresh, Alexa, IFTTT, Home Assistant Integration - YoLink Hub Required</p><p> -20% 0FF </p><p>$39.99</p><a href="https://www.amazon.com/dp/B0B5GPM54S?tag=eloabder-20&linkCode=osi&th=1&psc=1">View Product</a></div><div class="product"><a href="https://www.amazon.com/dp/B09Y873L1Z?tag=eloabder-20&linkCode=osi&th=1&psc=1"><img src="https://m.media-amazon.com/images/I/41iuXKDZtVL._SL500_.jpg" alt="Product Image"></a><p>WiFi Temperature Humidity Monitor: Upgraded Smart Temperature and Humidity Sensor with Large Backlit LCD Screen & App Alerts, Indoor Thermometer Hygrometer Compatible with Alexa Google Assistant</p><p> -23% 0FF </p><p>$20.68</p><a href="https://www.amazon.com/dp/B09Y873L1Z?tag=eloabder-20&linkCode=osi&th=1&psc=1">View Product</a></div>
<div class="product"><a href="https://www.amazon.com/dp/B002HDLBTC?tag=eloabder-20&linkCode=osi&th=1&psc=1"><img src="https://m.media-amazon.com/images/I/514U5jbXZXL._SL500_.jpg" alt="Product Image"></a><p>BREW EXPRESS - 10 CUP BUILT-IN-THE-WALL - SELF FILLING COFFEE SYSTEM</p><p> -16% 0FF </p><p>$753.00 ($75.30 / Count)</p><a href="https://www.amazon.com/dp/B002HDLBTC?tag=eloabder-20&linkCode=osi&th=1&psc=1">View Product</a></div><div class="product"><a href="https://www.amazon.com/dp/B07HCMRJZD?tag=eloabder-20&linkCode=osi&th=1&psc=1"><img src="https://m.media-amazon.com/images/I/41GaMhDDegL._SL500_.jpg" alt="Product Image"></a><p>WOLF GOURMET Programmable Coffee Maker System with 10 Cup Thermal Carafe, Built-In Grounds Scale, Removable Reservoir, Red Knob, Stainless Steel (WGCM100S)</p><p> -18% 0FF </p><p>$449.95</p><a href="https://www.amazon.com/dp/B07HCMRJZD?tag=eloabder-20&linkCode=osi&th=1&psc=1">View Product</a></div>



<div class="product"><a href="https://www.amazon.com/dp/B00P387SGS?tag=eloabder-20&linkCode=osi&th=1&psc=1"><img src="https://m.media-amazon.com/images/I/31PaPGs7ucL._SL500_.jpg" alt="Product Image"></a><p>Avanti ERU200P3S ERU200 20" Electric Range Oven with Framed Glass Door, in Stainless Steel</p><p> -25% 0FF </p><p>$584.10</p><a href="https://www.amazon.com/dp/B00P387SGS?tag=eloabder-20&linkCode=osi&th=1&psc=1">View Product</a></div><div class="product"><a href="https://www.amazon.com/dp/B0CGMC72GG?tag=eloabder-20&linkCode=osi&th=1&psc=1"><img src="https://m.media-amazon.com/images/I/41VO4jA5L0L._SL500_.jpg" alt="Product Image"></a><p>Kenmore Front Control Electric Range Oven with 5 Cooktop Elements with 7 Cooking Power Options, True Convection, Steam and Self Clean, Freestanding Oven, 4.8 cu. ft. Capacity Stainless Steel</p><p> -15% 0FF </p><p>$1,099.99</p><a href="https://www.amazon.com/dp/B0CGMC72GG?tag=eloabder-20&linkCode=osi&th=1&psc=1">View Product</a></div><div class="product"><a href="https://www.amazon.com/dp/B00P3821II?tag=eloabder-20&linkCode=osi&th=1&psc=1"><img src="https://m.media-amazon.com/images/I/31VtoYu+-YL._SL500_.jpg" alt="Product Image"></a><p>Avanti ERU240P1B ERU240 24" Electric Range Oven with Framed Glass Door, in Black</p><p> -12% 0FF </p><p>$612.07</p><a href="https://www.amazon.com/dp/B00P3821II?tag=eloabder-20&linkCode=osi&th=1&psc=1">View Product</a></div><div class="product"><a href="https://www.amazon.com/dp/B098H6P9YG?tag=eloabder-20&linkCode=osi&th=1&psc=1"><img src="https://m.media-amazon.com/images/I/3173fk+5oHL._SL500_.jpg" alt="Product Image"></a><p>Premium Levella 20" Electric Range with 4 Coil Burners and 2.2 Cu. Ft. Oven Capacity in White</p><p> -7% 0FF </p><p>$699.00</p><a href="https://www.amazon.com/dp/B098H6P9YG?tag=eloabder-20&linkCode=osi&th=1&psc=1">View Product</a></div><div class="product"><a href="https://www.amazon.com/dp/B07HY4RYPD?tag=eloabder-20&linkCode=osi&th=1&psc=1"><img src="https://m.media-amazon.com/images/I/41+Y7YbWcuL._SL500_.jpg" alt="Product Image"></a><p>OVENTE Electric Countertop Double Burner, 1700W Cooktop with 7.25" and 6.10" Cast Iron Hot Plates, Temperature Control, Portable Cooking Stove and Easy to Clean Stainless Steel Base, Black BGS102B</p><p> -34% 0FF </p><p>$26.99</p><a href="https://www.amazon.com/dp/B07HY4RYPD?tag=eloabder-20&linkCode=osi&th=1&psc=1">View Product</a></div><div class="product"><a href="https://www.amazon.com/dp/B01EBC40BW?tag=eloabder-20&linkCode=osi&th=1&psc=1"><img src="https://m.media-amazon.com/images/I/31EF03Y41gL._SL500_.jpg" alt="Product Image"></a><p>GE Appliances JB645DKWW, White</p><p> -9% 0FF </p><p>$759.72</p><a href="https://www.amazon.com/dp/B01EBC40BW?tag=eloabder-20&linkCode=osi&th=1&psc=1">View Product</a></div>
<div class="product"><a href="https://www.amazon.com/dp/B0B8F38J2B?tag=eloabder-20&linkCode=osi&th=1&psc=1"><img src="https://m.media-amazon.com/images/I/31hyxdIlB5L._SL500_.jpg" alt="Product Image"></a><p>GreenPan Elite 8 - in -1 Programmable 6QT Electric Slow Cooker, Dishwasher Safe Lid & Removable Crock, PFAS-Free Healthy Ceramic Nonstick Multi-Cooker, Sear, Sauté/Brown, Steam Basket, Roast, White</p><p> -24% 0FF </p><p>$190.22</p><a href="https://www.amazon.com/dp/B0B8F38J2B?tag=eloabder-20&linkCode=osi&th=1&psc=1">View Product</a></div>

<div class="product"><a href="https://www.amazon.com/dp/B0BG677TXS?tag=eloabder-20&linkCode=osi&th=1&psc=1"><img src="https://m.media-amazon.com/images/I/31xwg0S1m1L._SL500_.jpg" alt="Product Image"></a><p>Samsung WW25B6900AW/A2 2.5 cu. ft. Smart Dial Front Load Washer</p><p> -27% 0FF </p><p>$798.00</p><a href="https://www.amazon.com/dp/B0BG677TXS?tag=eloabder-20&linkCode=osi&th=1&psc=1">View Product</a></div><div class="product"><a href="https://www.amazon.com/dp/B098FBB9KF?tag=eloabder-20&linkCode=osi&th=1&psc=1"><img src="https://m.media-amazon.com/images/I/31BJNXlaIoL._SL500_.jpg" alt="Product Image"></a><p>SAMSUNG 6.0 Cu Ft. Smart Dial Front Load Washer, Wash 2 Loads in 1 Large Capacity Machine, FlexWash, 28 Minute Super Speed Clothes Washing, Steam Stain Removal, WV60A9900AV/A5, Brushed Black</p><p> -6% 0FF </p><p>$1,794.00</p><a href="https://www.amazon.com/dp/B098FBB9KF?tag=eloabder-20&linkCode=osi&th=1&psc=1">View Product</a></div><div class="product"><a href="https://www.amazon.com/dp/B0CG21R3R3?tag=eloabder-20&linkCode=osi&th=1&psc=1"><img src="https://m.media-amazon.com/images/I/41wWRqV3hNL._SL500_.jpg" alt="Product Image"></a><p>Samsung 5.4 Cu. Ft. Smart Top Load Washer with Active Wave Agitator in White</p><p> -30% 0FF </p><p>$698.11</p><a href="https://www.amazon.com/dp/B0CG21R3R3?tag=eloabder-20&linkCode=osi&th=1&psc=1">View Product</a></div><div class="product"><a href="https://www.amazon.com/dp/B0B9GCYNTQ?tag=eloabder-20&linkCode=osi&th=1&psc=1"><img src="https://m.media-amazon.com/images/I/31-hInDefjL._SL500_.jpg" alt="Product Image"></a><p>SAMSUNG 4.6 Cu Ft AI Smart Dial Front Load Washer, Large Capacity Machine, Stackable for Small Spaces, 28 Min Super Speed Clothes Washing, Energy Star Certified, WF46BG6500AVUS, Brushed Black</p><p> -46% 0FF </p><p>$699.97</p><a href="https://www.amazon.com/dp/B0B9GCYNTQ?tag=eloabder-20&linkCode=osi&th=1&psc=1">View Product</a></div><div class="product"><a href="https://www.amazon.com/dp/B09RHLVMN3?tag=eloabder-20&linkCode=osi&th=1&psc=1"><img src="https://m.media-amazon.com/images/I/41f7mMz70DL._SL500_.jpg" alt="Product Image"></a><p>Samsung WF45T6000WPR White Front Load Laundry Package</p><p> -26% 0FF </p><p>$1,258.99</p><a href="https://www.amazon.com/dp/B09RHLVMN3?tag=eloabder-20&linkCode=osi&th=1&psc=1">View Product</a></div><div class="product"><a href="https://www.amazon.com/dp/B0DHYRW1S1?tag=eloabder-20&linkCode=osi&th=1&psc=1"><img src="https://m.media-amazon.com/images/I/31XhNU9yg2L._SL500_.jpg" alt="Product Image"></a><p>Samsung WH46DBH100EWA3 Bespoke AI Laundry Hub Large Capacity 4.6 Single Unit Steam Wash and 7.6 cu. ft. Electric White Washer and Dryer</p><p> -11% 0FF </p><p>$1,598.11</p><a href="https://www.amazon.com/dp/B0DHYRW1S1?tag=eloabder-20&linkCode=osi&th=1&psc=1">View Product</a></div><div class="product"><a href="https://www.amazon.com/dp/B0C5BGBSTS?tag=eloabder-20&linkCode=osi&th=1&psc=1"><img src="https://m.media-amazon.com/images/I/31osGMkChUL._SL500_.jpg" alt="Product Image"></a><p>LG WM6700HBA 5.0 Cu. Ft. Black Steel Front Load HE Stackable Smart Washer</p><p> -32% 0FF </p><p>$948.11</p><a href="https://www.amazon.com/dp/B0C5BGBSTS?tag=eloabder-20&linkCode=osi&th=1&psc=1">View Product</a></div>
<div class="product"><a href="https://www.amazon.com/dp/B099FM9Q3F?tag=eloabder-20&linkCode=osi&th=1&psc=1"><img src="https://m.media-amazon.com/images/I/31BJ8l-fdHL._SL500_.jpg" alt="Product Image"></a><p>SAMSUNG 7.5 Cu. Ft. Smart Dial Electric Dryer with FlexDry, Dry 2 Loads in 1 Large Capacity Machine, Super Speed 30 Minute Clothes Drying Cycle, WiFi Connected Control, DVE60A9900V/A3, Brushed Black</p><p> -10% 0FF </p><p>$899.99</p><a href="https://www.amazon.com/dp/B099FM9Q3F?tag=eloabder-20&linkCode=osi&th=1&psc=1">View Product</a></div><div class="product"><a href="https://www.amazon.com/dp/B0C72WLSJ1?tag=eloabder-20&linkCode=osi&th=1&psc=1"><img src="https://m.media-amazon.com/images/I/41Xh3Pcm43L._SL500_.jpg" alt="Product Image"></a><p>GE Profile PFQ97HSPVDS 28 Inch Smart Front Load Washer/Dryer Combo with 4.8 cu.ft. Capacity, 12 Wash Cycles, 14 Dryer Cycles</p><p> -17% 0FF </p><p>$1,915.00</p><a href="https://www.amazon.com/dp/B0C72WLSJ1?tag=eloabder-20&linkCode=osi&th=1&psc=1">View Product</a></div>
<div class="product"><a href="https://www.amazon.com/dp/B08BXXQ37X?tag=eloabder-20&linkCode=osi&th=1&psc=1"><img src="https://m.media-amazon.com/images/I/41rYTYUWK2L._SL500_.jpg" alt="Product Image"></a><p>Ninja DT251 Foodi 10-in-1 Smart XL Air Fry Oven, Bake, Broil, Toast, Roast, Digital Toaster, Thermometer, True Surround Convection up to 450°F, includes 6 trays & Recipe Guide, Silver</p><p> -24% 0FF </p><p>$249.95</p><a href="https://www.amazon.com/dp/B08BXXQ37X?tag=eloabder-20&linkCode=osi&th=1&psc=1">View Product</a></div><div class="product"><a href="https://www.amazon.com/dp/B0CLP1YV8V?tag=eloabder-20&linkCode=osi&th=1&psc=1"><img src="https://m.media-amazon.com/images/I/41SB1d44IAL._SL500_.jpg" alt="Product Image"></a><p>COSORI Smart 13-in-1 Air Fryer Toaster Oven Combo, Airfryer Rotisserie Sous Vide Convection Oven Countertop, Bake, Broil, Roast, Dehydrate, 134 Recipes & 4 Accessories, 32QT, Silver, Stainless Steel</p><p> -12% 0FF </p><p>$149.99</p><a href="https://www.amazon.com/dp/B0CLP1YV8V?tag=eloabder-20&linkCode=osi&th=1&psc=1">View Product</a></div>
<div class="product"><a href="https://www.amazon.com/dp/B09WPS1JQT?tag=eloabder-20&linkCode=osi&th=1&psc=1"><img src="https://m.media-amazon.com/images/I/213pWPsDBsL._SL500_.jpg" alt="Product Image"></a><p>SHARP Smart Dishwasher Works with Alexa. Includes LED Interior lights, Stainless Steel interior, Heated Dry with Fan Assist, Wash Zone cleans half load on either rack, Adjustable Third Rack</p><p> -28% 0FF </p><p>$649.99</p><a href="https://www.amazon.com/dp/B09WPS1JQT?tag=eloabder-20&linkCode=osi&th=1&psc=1">View Product</a></div><div class="product"><a href="https://www.amazon.com/dp/B0B9GJFNLX?tag=eloabder-20&linkCode=osi&th=1&psc=1"><img src="https://m.media-amazon.com/images/I/41rhOWVP2YL._SL500_.jpg" alt="Product Image"></a><p>BLITZHOME Portable Dishwasher Countertop, WIFI Smart Dishwasher, Compact Dishwashers with 5L Built-in Water Tank, 6 Programs, 360° Dual Spray, High-Temp& Air-Dry Function, Fruit Cleaning</p><p> -5% 0FF </p><p>$265.94</p><a href="https://www.amazon.com/dp/B0B9GJFNLX?tag=eloabder-20&linkCode=osi&th=1&psc=1">View Product</a></div><div class="product"><a href="https://www.amazon.com/dp/B0B9GDD4VS?tag=eloabder-20&linkCode=osi&th=1&psc=1"><img src="https://m.media-amazon.com/images/I/31vXK+e-zxL._SL500_.jpg" alt="Product Image"></a><p>SAMSUNG Smart 44dBA Dishwasher w/ StormWash+, AutoRelease Door, Quiet Operation, 3 Dish Racks, Pre Blast Cycle, Energy Star Certified, DW80B6060US/AA, Fingerprint Resistant Stainless Steel</p><p> -5% 0FF </p><p>$949.00</p><a href="https://www.amazon.com/dp/B0B9GDD4VS?tag=eloabder-20&linkCode=osi&th=1&psc=1">View Product</a></div><div class="product"><a href="https://www.amazon.com/dp/B0BDNRN39R?tag=eloabder-20&linkCode=osi&th=1&psc=1"><img src="https://m.media-amazon.com/images/I/21YrlEfylNL._SL500_.jpg" alt="Product Image"></a><p>Samsung DW80B7070AP 42 dBA Bespoke Smart Dishwasher - Bespoke Panel Ready</p><p> -10% 0FF </p><p>$1,029.72</p><a href="https://www.amazon.com/dp/B0BDNRN39R?tag=eloabder-20&linkCode=osi&th=1&psc=1">View Product</a></div><div class="product"><a href="https://www.amazon.com/dp/B0CFPTPD7N?tag=eloabder-20&linkCode=osi&th=1&psc=1"><img src="https://m.media-amazon.com/images/I/31JMPn7cM2L._SL500_.jpg" alt="Product Image"></a><p>Kenmore 24" Built-In Stainless Steel Tub Dishwasher with EasyFlex 3rd Rack, SmartWash, UltraWash Plus, TurboDry, and Adjustable Rack, Energy Star Certified, Fingerprint Resistant Stainless Steel</p><p> -38% 0FF </p><p>$499.99</p><a href="https://www.amazon.com/dp/B0CFPTPD7N?tag=eloabder-20&linkCode=osi&th=1&psc=1">View Product</a></div>
<div class="product"><a href="https://www.amazon.com/dp/B07X2732ZN?tag=eloabder-20&linkCode=osi&th=1&psc=1"><img src="https://m.media-amazon.com/images/I/414+VuqxfCL._SL500_.jpg" alt="Product Image"></a><p>Winco EMW-1000ST Commercial-Grade Microwave Oven, .9 Cubic Feet, Silver</p><p> -7% 0FF </p><p>$278.22</p><a href="https://www.amazon.com/dp/B07X2732ZN?tag=eloabder-20&linkCode=osi&th=1&psc=1">View Product</a></div><div class="product"><a href="https://www.amazon.com/dp/B0C1QP9ZH9?tag=eloabder-20&linkCode=osi&th=1&psc=1"><img src="https://m.media-amazon.com/images/I/41fZkBs64aL._SL500_.jpg" alt="Product Image"></a><p>Winco Commercial-Grade Planetary Mixer with Hub, 20 Liter</p><p> -18% 0FF </p><p>$1,112.49</p><a href="https://www.amazon.com/dp/B0C1QP9ZH9?tag=eloabder-20&linkCode=osi&th=1&psc=1">View Product</a></div><div class="product"><a href="https://www.amazon.com/dp/B0716Q44T2?tag=eloabder-20&linkCode=osi&th=1&psc=1"><img src="https://m.media-amazon.com/images/I/41jw7AxptIL._SL500_.jpg" alt="Product Image"></a><p>Weston Pro Series Electric Meat Grinder, Commercial Grade, 1120 Watts, 1.5 HP, 14lbs. Per Minute, Stainless Steel (10-2201-W)</p><p> -13% 0FF </p><p>$659.99</p><a href="https://www.amazon.com/dp/B0716Q44T2?tag=eloabder-20&linkCode=osi&th=1&psc=1">View Product</a></div>
<div class="product"><a href="https://www.amazon.com/dp/B0BG3BPRBS?tag=eloabder-20&linkCode=osi&th=1&psc=1"><img src="https://m.media-amazon.com/images/I/41EKP3Rd4FL._SL500_.jpg" alt="Product Image"></a><p>KITCHENAID Fitted Tilt-Head Solid Stand Mixer Cover with Storage Pocket, Quilted 100% Cotton, Milkshake, 14.4"x18"x10"</p><p> -57% 0FF </p><p>$19.50</p><a href="https://www.amazon.com/dp/B0BG3BPRBS?tag=eloabder-20&linkCode=osi&th=1&psc=1">View Product</a></div>
<div class="product"><a href="https://www.amazon.com/dp/B08F72TY67?tag=eloabder-20&linkCode=osi&th=1&psc=1"><img src="https://m.media-amazon.com/images/I/515c8kJ6iaL._SL500_.jpg" alt="Product Image"></a><p>MegaWise Vacuum Sealer Machine | 80kPa Suction Power| Bags and Cutter Included | Compact One-Touch Automatic Food Sealer with External Vacuum System | Dry Moist Fresh Modes for All Saving needs</p><p> -10% 0FF </p><p>$35.99</p><a href="https://www.amazon.com/dp/B08F72TY67?tag=eloabder-20&linkCode=osi&th=1&psc=1">View Product</a></div><div class="product"><a href="https://www.amazon.com/dp/B08L8YZ9LG?tag=eloabder-20&linkCode=osi&th=1&psc=1"><img src="https://m.media-amazon.com/images/I/316EFEDqU6S._SL500_.jpg" alt="Product Image"></a><p>VOBAGA Coffee Mug Warmer, Electric Coffee Warmer for Office Desk Accessories with Auto Shut Off, 3 Temperature Setting Smart Cup Warmer for Heating Coffee, Beverage, Milk and Tea (No Mug)</p><p> -38% 0FF </p><p>$24.97</p><a href="https://www.amazon.com/dp/B08L8YZ9LG?tag=eloabder-20&linkCode=osi&th=1&psc=1">View Product</a></div><div class="product"><a href="https://www.amazon.com/dp/B0CCTPNZD4?tag=eloabder-20&linkCode=osi&th=1&psc=1"><img src="https://m.media-amazon.com/images/I/41F5VlaiwOL._SL500_.jpg" alt="Product Image"></a><p>Coffee Mug Warmer, Smart Candle Warmer, Electric Cup Warmer with Aluminum Metal Panel for Office, Desk Accessories, Electric Beverage Warmer for Cocoa, Milk, for Coworkers Friends,</p><p> -50% 0FF </p><p>$9.99</p><a href="https://www.amazon.com/dp/B0CCTPNZD4?tag=eloabder-20&linkCode=osi&th=1&psc=1">View Product</a></div>
<div class="product"><a href="https://www.amazon.com/dp/B0BKLVF1DM?tag=eloabder-20&linkCode=osi&th=1&psc=1"><img src="https://m.media-amazon.com/images/I/41NUOnE9h0L._SL500_.jpg" alt="Product Image"></a><p>Café Couture Oven with 14 essential cooking modes, including Air Fry, CrispFinish, Bake, Broil, Roast, Toast, Pizza, WiFi & Smart Connected, Voice Control, Countertop Small Appliances, Matte White</p><p> -27% 0FF </p><p>$329.00</p><a href="https://www.amazon.com/dp/B0BKLVF1DM?tag=eloabder-20&linkCode=osi&th=1&psc=1">View Product</a></div><div class="product"><a href="https://www.amazon.com/dp/B09649DDTN?tag=eloabder-20&linkCode=osi&th=1&psc=1"><img src="https://m.media-amazon.com/images/I/41iMySSuDkL._SL500_.jpg" alt="Product Image"></a><p>GE Profile Opal 2.0 with 0.75 Gallon Tank, Chewable Crunchable Countertop Nugget Ice Maker, Scoop included, 38 lbs in 24 hours, Pellet Ice Machine with WiFi & Smart Connected, Black Stainless Steel</p><p> -17% 0FF </p><p>$498.98</p><a href="https://www.amazon.com/dp/B09649DDTN?tag=eloabder-20&linkCode=osi&th=1&psc=1">View Product</a></div><div class="product"><a href="https://www.amazon.com/dp/B0DGFSYHXL?tag=eloabder-20&linkCode=osi&th=1&psc=1"><img src="https://m.media-amazon.com/images/I/41JYWoYr-WL._SL500_.jpg" alt="Product Image"></a><p>2024 Upgrade Cord Organizer For Kitchen Appliances,4 Pack Cord Organizer for Appliances,Kitchen Appliance Cord Organizer Stick On,Self-Adhesive Cord Organizer</p><p> -30% 0FF </p><p>$6.99</p><a href="https://www.amazon.com/dp/B0DGFSYHXL?tag=eloabder-20&linkCode=osi&th=1&psc=1">View Product</a></div><div class="product"><a href="https://www.amazon.com/dp/B09SBW246Y?tag=eloabder-20&linkCode=osi&th=1&psc=1"><img src="https://m.media-amazon.com/images/I/41FsMr2XLML._SL500_.jpg" alt="Product Image"></a><p>GE Profile Opal 2.0, Chewable Crunchable Countertop Nugget Ice Maker, Scoop included, 38 lbs in 24 hours, Pellet Ice Machine with WiFi & Smart Connected, Stainless Steel</p><p> -18% 0FF </p><p>$449.00</p><a href="https://www.amazon.com/dp/B09SBW246Y?tag=eloabder-20&linkCode=osi&th=1&psc=1">View Product</a></div>
<div class="product"><a href="https://www.amazon.com/dp/B0C2FF4JD1?tag=eloabder-20&linkCode=osi&th=1&psc=1"><img src="https://m.media-amazon.com/images/I/41hiBJ9xLAL._SL500_.jpg" alt="Product Image"></a><p>Ninja BC151BK Blast Portable Blender, Cordless, 18oz. Vessel, Personal Blender-for Shakes & Smoothies, BPA Free, Leakproof-Lid & Sip Spout, USB-C Rechargeable, Dishwasher Safe Parts, Black</p><p> -33% 0FF </p><p>$39.99</p><a href="https://www.amazon.com/dp/B0C2FF4JD1?tag=eloabder-20&linkCode=osi&th=1&psc=1">View Product</a></div><div class="product"><a href="https://www.amazon.com/dp/B089TQWJKK?tag=eloabder-20&linkCode=osi&th=1&psc=1"><img src="https://m.media-amazon.com/images/I/319-1n4eaeL._SL500_.jpg" alt="Product Image"></a><p>Ninja DZ201 Foodi 8 Quart 6-in-1 DualZone 2-Basket Air Fryer with 2 Independent Frying Baskets, Match Cook & Smart Finish to Roast, Broil, Dehydrate & More for Quick, Easy Meals, Grey</p><p> -15% 0FF </p><p>$169.99</p><a href="https://www.amazon.com/dp/B089TQWJKK?tag=eloabder-20&linkCode=osi&th=1&psc=1">View Product</a></div>
<div class="product"><a href="https://www.amazon.com/dp/B0CMJQC2M3?tag=eloabder-20&linkCode=osi&th=1&psc=1"><img src="https://m.media-amazon.com/images/I/216CCwa5bJL._SL500_.jpg" alt="Product Image"></a><p>Summit Appliance FFBF235PL 24" Wide Bottom Freezer Refrigerator, Energy Star, LED Lighting, Stainless Steel (RHD)</p><p> -41% 0FF </p><p>$1,086.96</p><a href="https://www.amazon.com/dp/B0CMJQC2M3?tag=eloabder-20&linkCode=osi&th=1&psc=1">View Product</a></div><div class="product"><a href="https://www.amazon.com/dp/B096RYWSQM?tag=eloabder-20&linkCode=osi&th=1&psc=1"><img src="https://m.media-amazon.com/images/I/31uENxnUdBL._SL500_.jpg" alt="Product Image"></a><p>COMFEE’ Portable Mini Dishwasher, Energy Star, Countertop, 6 Place Settings, with 8 Washing Programs, Speed, Baby-Care, ECO& Glass, Dish Washer for Dorm, RV& Apartment, White</p><p> -10% 0FF </p><p>$259.99</p><a href="https://www.amazon.com/dp/B096RYWSQM?tag=eloabder-20&linkCode=osi&th=1&psc=1">View Product</a></div>
<div class="product"><a href="https://www.amazon.com/dp/B0CPLVLFK2?tag=eloabder-20&linkCode=osi&th=1&psc=1"><img src="https://m.media-amazon.com/images/I/41TevXHn-zL._SL500_.jpg" alt="Product Image"></a><p>Immersion Blender Handheld Corded Hand Blender 1100W, Trigger Variable Speed 5 in 1 Stick Blender, Emulsion Blender with Chopper, Whisk and Frother for Soup, Baby Food and Smoothies</p><p> -49% 0FF </p><p>$39.99</p><a href="https://www.amazon.com/dp/B0CPLVLFK2?tag=eloabder-20&linkCode=osi&th=1&psc=1">View Product</a></div>
<div class="product"><a href="https://www.amazon.com/dp/B00IE76Q7M?tag=eloabder-20&linkCode=osi&th=1&psc=1"><img src="https://m.media-amazon.com/images/I/41yTd6+03lS._SL500_.jpg" alt="Product Image"></a><p>Reynolds Kitchens Premium Slow Cooker Liners - 13 x 21 Inch, 6 Count</p><p> -40% 0FF </p><p>$3.48 ($0.58 / Count)</p><a href="https://www.amazon.com/dp/B00IE76Q7M?tag=eloabder-20&linkCode=osi&th=1&psc=1">View Product</a></div><div class="product"><a href="https://www.amazon.com/dp/B08QJ8SHGV?tag=eloabder-20&linkCode=osi&th=1&psc=1"><img src="https://m.media-amazon.com/images/I/51e1ld7+QuL._SL500_.jpg" alt="Product Image"></a><p>Sealegend 2 Pieces Dryer Vent Cleaner Kit Dryer Lint Vacuum Attachment, Dryer Vent Cleaning Lint Remover 2 Hoses Tools for Home Improvement</p><p> -6% 0FF </p><p>$14.99</p><a href="https://www.amazon.com/dp/B08QJ8SHGV?tag=eloabder-20&linkCode=osi&th=1&psc=1">View Product</a></div><div class="product"><a href="https://www.amazon.com/dp/B09KT67BL1?tag=eloabder-20&linkCode=osi&th=1&psc=1"><img src="https://m.media-amazon.com/images/I/41GfIj83V6L._SL500_.jpg" alt="Product Image"></a><p>HomeHacks 2-Pack Large Laundry Basket, Waterproof, Freestanding Laundry Hamper, Collapsible Tall Clothes Hamper with Extended Handles for Clothes Toys in the Dorm and Family-(Gradient Grey, 75L)</p><p> -20% 0FF </p><p>$19.99 ($10.00 / Count)</p><a href="https://www.amazon.com/dp/B09KT67BL1?tag=eloabder-20&linkCode=osi&th=1&psc=1">View Product</a></div><div class="product"><a href="https://www.amazon.com/dp/B08YQYB7VF?tag=eloabder-20&linkCode=osi&th=1&psc=1"><img src="https://m.media-amazon.com/images/I/410P1mYng8L._SL500_.jpg" alt="Product Image"></a><p>600W Electric Hand Mixer Kitchen Handheld Mixer 10 Speed Powerful with Turbo for Baking Cake Lightweight & Personal Electric Mixer with Egg Baking Beaters Dough Hooks, Whipping Mixing Cookies</p><p> -25% 0FF </p><p>$37.49</p><a href="https://www.amazon.com/dp/B08YQYB7VF?tag=eloabder-20&linkCode=osi&th=1&psc=1">View Product</a></div>



<div class="product"><a href="https://www.amazon.com/dp/B09SBRGSFH?tag=eloabder-20&linkCode=osi&th=1&psc=1"><img src="https://m.media-amazon.com/images/I/51B+TheiNvL._SL500_.jpg" alt="Product Image"></a><p>Ninja SS151 TWISTi Blender DUO, High-Speed 1600 WP Smoothie Maker & Nutrient Extractor* 5 Functions Smoothie, Spreads & More, smartTORQUE, 34-oz. Pitcher & (2) To-Go Cups, Gray</p><p> -29% 0FF </p><p>$99.99</p><a href="https://www.amazon.com/dp/B09SBRGSFH?tag=eloabder-20&linkCode=osi&th=1&psc=1">View Product</a></div>






<div class="product"><a href="https://www.amazon.com/dp/B0DFP72QBQ?tag=eloabder-20&linkCode=osi&th=1&psc=1"><img src="https://m.media-amazon.com/images/I/41WTRq99coL._SL500_.jpg" alt="Product Image"></a><p>UV Countertop Reverse Osmosis System Water Filter, 5 Stage RO Water Filtration System, NSF/ANSI 58 Certified, 5:1 Pure to Drain, Water Purifier for Home(No Installation Required)</p><p> -83% 0FF </p><p>$299.99</p><a href="https://www.amazon.com/dp/B0DFP72QBQ?tag=eloabder-20&linkCode=osi&th=1&psc=1">View Product</a></div><div class="product"><a href="https://www.amazon.com/dp/B0D2HLT8ZB?tag=eloabder-20&linkCode=osi&th=1&psc=1"><img src="https://m.media-amazon.com/images/I/51I3hzCxgfL._SL500_.jpg" alt="Product Image"></a><p>Hydrosip H6 Hydrogen Water Bottle – Hydrogen Water Bottle Generator Up to 3000ppb – Rich Hydrogen-Infused Water – SPE/PEM Technology – Portable Electric Water Ionizer Bottle – Quick Hydrogen Infusion</p><p> -20% 0FF </p><p>$79.99</p><a href="https://www.amazon.com/dp/B0D2HLT8ZB?tag=eloabder-20&linkCode=osi&th=1&psc=1">View Product</a></div>













<div class="product"><a href="https://www.amazon.com/dp/B0CB8QWHZ4?tag=eloabder-20&linkCode=osi&th=1&psc=1"><img src="https://m.media-amazon.com/images/I/31iiEl+sr-L._SL500_.jpg" alt="Product Image"></a><p>EIFHYT Ceiling Fan Pull Chain with Decorative 2 Pcs 3 mm 12 inch Frosted Light Bulb and Fan Cord extender Chains for Mounted Ceiling Fans and Light Fixtures (Nickel)</p><p> -50% 0FF </p><p>$3.49</p><a href="https://www.amazon.com/dp/B0CB8QWHZ4?tag=eloabder-20&linkCode=osi&th=1&psc=1">View Product</a></div>








<div class="product"><a href="https://www.amazon.com/dp/B07DRM9YXL?tag=eloabder-20&linkCode=osi&th=1&psc=1"><img src="https://m.media-amazon.com/images/I/51yigLl6c+L._SL500_.jpg" alt="Product Image"></a><p>NutriChef Electric Carving Turkey Slicer Kitchen Knife | For Thanksgiving | Portable Electrical Food Cutter Knife Set with Carving Blades & Wood Carving Stand | Cuts Meat, Bread, Cheese & Fruit</p><p> -19% 0FF </p><p>$28.38</p><a href="https://www.amazon.com/dp/B07DRM9YXL?tag=eloabder-20&linkCode=osi&th=1&psc=1">View Product</a></div><div class="product"><a href="https://www.amazon.com/dp/B091LZV4TF?tag=eloabder-20&linkCode=osi&th=1&psc=1"><img src="https://m.media-amazon.com/images/I/51UKNfHOeRL._SL500_.jpg" alt="Product Image"></a><p>Homaider Electric Knife for Carving Meat, Turkey, Bread & More. Serving Fork and Carving Blades Included</p><p> -14% 0FF </p><p>$59.99</p><a href="https://www.amazon.com/dp/B091LZV4TF?tag=eloabder-20&linkCode=osi&th=1&psc=1">View Product</a></div><div class="product"><a href="https://www.amazon.com/dp/B0C1TBT4D4?tag=eloabder-20&linkCode=osi&th=1&psc=1"><img src="https://m.media-amazon.com/images/I/31iw4Pxk70L._SL500_.jpg" alt="Product Image"></a><p>BLACK+DECKER Comfort Grip™ Electric Knife With Storage Case, Black</p><p> -23% 0FF </p><p>$23.19</p><a href="https://www.amazon.com/dp/B0C1TBT4D4?tag=eloabder-20&linkCode=osi&th=1&psc=1">View Product</a></div><div class="product"><a href="https://www.amazon.com/dp/B0D736YM74?tag=eloabder-20&linkCode=osi&th=1&psc=1"><img src="https://m.media-amazon.com/images/I/41-TimjHH+L._SL500_.jpg" alt="Product Image"></a><p>KEENSTAR Electric Knife for Carving Meat, Turkey, Bread, 150W Electric Knife Set with 2 Serrated Stainless Steel Blades & Serving Fork for Slicing Poultry, Ham & More, Ergonomic Handle & Safety Lock</p><p> -29% 0FF </p><p>$39.99</p><a href="https://www.amazon.com/dp/B0D736YM74?tag=eloabder-20&linkCode=osi&th=1&psc=1">View Product</a></div>

<div class="product"><a href="https://www.amazon.com/dp/B0B3S5GWX7?tag=eloabder-20&linkCode=osi&th=1&psc=1"><img src="https://m.media-amazon.com/images/I/31oa3VJk1OL._SL500_.jpg" alt="Product Image"></a><p>Ninja DG551 Foodi Smart XL 6-in-1 Indoor Grill with Air Fry, Roast, Bake, Broil, & Dehydrate, Foodi Smart Thermometer, 2nd Generation, Black/Silver</p><p> -39% 0FF </p><p>$169.99</p><a href="https://www.amazon.com/dp/B0B3S5GWX7?tag=eloabder-20&linkCode=osi&th=1&psc=1">View Product</a></div><div class="product"><a href="https://www.amazon.com/dp/B089ZT66H9?tag=eloabder-20&linkCode=osi&th=1&psc=1"><img src="https://m.media-amazon.com/images/I/41cjUnZlkdL._SL500_.jpg" alt="Product Image"></a><p>COSORI Air Fryer Pro Smart 5.8QT that Roast, Bake, 3-Way Control, 12-IN-1 Customizable Functions, Online Recipes, Detachable Basket, Works with Alexa & Google Assistant</p><p> -14% 0FF </p><p>$119.99</p><a href="https://www.amazon.com/dp/B089ZT66H9?tag=eloabder-20&linkCode=osi&th=1&psc=1">View Product</a></div><div class="product"><a href="https://www.amazon.com/dp/B0D8S8TN1C?tag=eloabder-20&linkCode=osi&th=1&psc=1"><img src="https://m.media-amazon.com/images/I/41iDgb-syML._SL500_.jpg" alt="Product Image"></a><p>Touch screen Toaster 2 slice, Stainless Steel Digital Timer Toaster with Sound Function, 6 Bread Types & 6 Shade Settings, Smart Extra Wide Slots Toaster with Bagel, Defrost Functions (grey)</p><p> -65% 0FF </p><p>$69.99</p><a href="https://www.amazon.com/dp/B0D8S8TN1C?tag=eloabder-20&linkCode=osi&th=1&psc=1">View Product</a></div><div class="product"><a href="https://www.amazon.com/dp/B0CZ898D5Z?tag=eloabder-20&linkCode=osi&th=1&psc=1"><img src="https://m.media-amazon.com/images/I/41OsoqP7bkL._SL500_.jpg" alt="Product Image"></a><p>Tastee Air Fryer, 8-in-1 Compact 5.5QT AirFryers, 450°F Digital Airfryer Dehydrator with Dual-sensor Smart Probe, 24 Presets One-touch Cooking, In-app Recipes with Window, Dishwasher-safe & Non-stick</p><p> -20% 0FF </p><p>$119.99</p><a href="https://www.amazon.com/dp/B0CZ898D5Z?tag=eloabder-20&linkCode=osi&th=1&psc=1">View Product</a></div><div class="product"><a href="https://www.amazon.com/dp/B0863JB424?tag=eloabder-20&linkCode=osi&th=1&psc=1"><img src="https://m.media-amazon.com/images/I/41lR3pmJiqL._SL500_.jpg" alt="Product Image"></a><p>CHEF iQ Smart Pressure Cooker 10 Cooking Functions & 18 Features, Built-in Scale, 1000+ Presets & Times & Temps w/App for 600+ Foolproof Guided Recipes, Rice & Slow Electric MultiCooker, 6 Qt</p><p> -15% 0FF </p><p>$169.94</p><a href="https://www.amazon.com/dp/B0863JB424?tag=eloabder-20&linkCode=osi&th=1&psc=1">View Product</a></div>



<div class="product"><a href="https://www.amazon.com/dp/B0B4PPHG8G?tag=eloabder-20&linkCode=osi&th=1&psc=1"><img src="https://m.media-amazon.com/images/I/31TiuN4BCdL._SL500_.jpg" alt="Product Image"></a><p>Ninja MC1001 Foodi PossibleCooker PRO 8.5 Quart Multi-Cooker, with 8-in-1 Slow Cooker, Dutch Oven, Steamer, Glass Lid Integrated Spoon, Nonstick, Oven Safe Pot to 500°F, Sea Salt Gray</p><p> -33% 0FF </p><p>$99.99</p><a href="https://www.amazon.com/dp/B0B4PPHG8G?tag=eloabder-20&linkCode=osi&th=1&psc=1">View Product</a></div><div class="product"><a href="https://www.amazon.com/dp/B0CSZ7WBYW?tag=eloabder-20&linkCode=osi&th=1&psc=1"><img src="https://m.media-amazon.com/images/I/41s2+VsF0YL._SL500_.jpg" alt="Product Image"></a><p>Ninja Air Fryer Pro 4-in-1 with 5 QT Capacity, Air Fry, Roast, Reheat, Dehydrate, Air Crisp Technology with 400F for hot, crispy results in just minutes, Nonstick Basket & Crisper Plate, Grey, AF141</p><p> -33% 0FF </p><p>$79.99</p><a href="https://www.amazon.com/dp/B0CSZ7WBYW?tag=eloabder-20&linkCode=osi&th=1&psc=1">View Product</a></div><div class="product"><a href="https://www.amazon.com/dp/B0C2FP4XNJ?tag=eloabder-20&linkCode=osi&th=1&psc=1"><img src="https://m.media-amazon.com/images/I/41PezlA3GrL._SL500_.jpg" alt="Product Image"></a><p>Ninja BC151EM Blast Portable Blender, Cordless, 18oz. Vessel, Personal Blender-for Shakes & Smoothies, BPA Free, Leakproof-Lid & Sip Spout, USB-C Rechargeable, Dishwasher Safe Parts, Forest Green</p><p> -33% 0FF </p><p>$39.99</p><a href="https://www.amazon.com/dp/B0C2FP4XNJ?tag=eloabder-20&linkCode=osi&th=1&psc=1">View Product</a></div><div class="product"><a href="https://www.amazon.com/dp/B097F4QKVY?tag=eloabder-20&linkCode=osi&th=1&psc=1"><img src="https://m.media-amazon.com/images/I/41P6OTX4B7L._SL500_.jpg" alt="Product Image"></a><p>Crock-Pot 7-Quart Slow Cooker, Portable Programmable with Timer, Locking Lid, Stainless Steel; an Essential Kitchen Appliance, Perfect for Families and Gatherings</p><p> -5% 0FF </p><p>$85.89</p><a href="https://www.amazon.com/dp/B097F4QKVY?tag=eloabder-20&linkCode=osi&th=1&psc=1">View Product</a></div><div class="product"><a href="https://www.amazon.com/dp/B0CHX9K2TV?tag=eloabder-20&linkCode=osi&th=1&psc=1"><img src="https://m.media-amazon.com/images/I/31dshLScRcL._SL500_.jpg" alt="Product Image"></a><p>nutribullet Personal Blender for Shakes, Smoothies, Food Prep, and Frozen Blending, 24 Ounces, 600 Watt, Gray, (NBR-0601)</p><p> -7% 0FF </p><p>$64.99</p><a href="https://www.amazon.com/dp/B0CHX9K2TV?tag=eloabder-20&linkCode=osi&th=1&psc=1">View Product</a></div><div class="product"><a href="https://www.amazon.com/dp/B0C33CHG99?tag=eloabder-20&linkCode=osi&th=1&psc=1"><img src="https://m.media-amazon.com/images/I/411O3FS3VIL._SL500_.jpg" alt="Product Image"></a><p>COSORI Air Fryer 9-in-1, Compact & Large 6-Qt, Fast Turbo Modes, 90-450°F Evenly Results with Precise Temperature Control, 95% Less Oil, Roast, Bake, Dry, Reheat, Frozen, Broil, Proof, Grey</p><p> -25% 0FF </p><p>$89.99</p><a href="https://www.amazon.com/dp/B0C33CHG99?tag=eloabder-20&linkCode=osi&th=1&psc=1">View Product</a></div><div class="product"><a href="https://www.amazon.com/dp/B0CFYX3946?tag=eloabder-20&linkCode=osi&th=1&psc=1"><img src="https://m.media-amazon.com/images/I/4155yrEZMWL._SL500_.jpg" alt="Product Image"></a><p>KitchenAid 5-Speed Ultra Power Hand Mixer - KHM512, Contour Silver</p><p> -25% 0FF </p><p>$44.99</p><a href="https://www.amazon.com/dp/B0CFYX3946?tag=eloabder-20&linkCode=osi&th=1&psc=1">View Product</a></div><div class="product"><a href="https://www.amazon.com/dp/B0C5Z8VCHX?tag=eloabder-20&linkCode=osi&th=1&psc=1"><img src="https://m.media-amazon.com/images/I/51h2oWq8I7L._SL500_.jpg" alt="Product Image"></a><p>Chefman Electric Kettle, 1.8L 1500W, Hot Water Boiler, Removable Lid for Easy Cleaning, Auto Shut Off, Boil-Dry Protection, Stainless Steel Filter, BPA Free, Borosilicate Glass Electric Tea Kettle</p><p> -18% 0FF </p><p>$22.99</p><a href="https://www.amazon.com/dp/B0C5Z8VCHX?tag=eloabder-20&linkCode=osi&th=1&psc=1">View Product</a></div><div class="product"><a href="https://www.amazon.com/dp/B098RD17LG?tag=eloabder-20&linkCode=osi&th=1&psc=1"><img src="https://m.media-amazon.com/images/I/41KlEtq4iCL._SL500_.jpg" alt="Product Image"></a><p>Ninja Blender, For-Smoothies, Salsa, Shakes, Slush, and-Frozen Drinks, Blender, Pitcher, and-Lid, Blender for-Kitchen, Crushes Ice, Fruit, and-Veggies, 1000-Watt, Dishwasher Safe, Black, NJ601AMZ​</p><p> -20% 0FF </p><p>$79.99</p><a href="https://www.amazon.com/dp/B098RD17LG?tag=eloabder-20&linkCode=osi&th=1&psc=1">View Product</a></div>
<div class="product"><a href="https://www.amazon.com/dp/B00939I7EK?tag=eloabder-20&linkCode=osi&th=1&psc=1"><img src="https://m.media-amazon.com/images/I/51U2RFBCh2L._SL500_.jpg" alt="Product Image"></a><p>Ninja BL770 Mega Kitchen System, 1500W, 4 Functions for Smoothies, Processing, Dough, Drinks & More, with 72 Blender Pitcher, 64 Processor Bowl, (2) 16-oz. to-Go, Black, with 2 Nutri Cups + Lids</p><p> -20% 0FF </p><p>$159.99</p><a href="https://www.amazon.com/dp/B00939I7EK?tag=eloabder-20&linkCode=osi&th=1&psc=1">View Product</a></div><div class="product"><a href="https://www.amazon.com/dp/B00NGV4506?tag=eloabder-20&linkCode=osi&th=1&psc=1"><img src="https://m.media-amazon.com/images/I/41zuo8-35WL._SL500_.jpg" alt="Product Image"></a><p>Ninja BL610 Professional 72 Oz Countertop 1000-Watt Base and Total Crushing Technology for Smoothies, Ice and Frozen Fruit, Black, Blender + Pitcher</p><p> -40% 0FF </p><p>$59.99</p><a href="https://www.amazon.com/dp/B00NGV4506?tag=eloabder-20&linkCode=osi&th=1&psc=1">View Product</a></div><div class="product"><a href="https://www.amazon.com/dp/B0855B5Z6F?tag=eloabder-20&linkCode=osi&th=1&psc=1"><img src="https://m.media-amazon.com/images/I/419Om7ZCluL._SL500_.jpg" alt="Product Image"></a><p>Ninja BN701 Professional Plus Blender, 1400 Peak Watts, 3 Functions for Smoothies, Frozen Drinks & Ice Cream with Auto IQ, 72-oz.* Total Crushing Pitcher & Lid, Dark Grey</p><p> -46% 0FF </p><p>$64.61 ($64.61 / Count)</p><a href="https://www.amazon.com/dp/B0855B5Z6F?tag=eloabder-20&linkCode=osi&th=1&psc=1">View Product</a></div><div class="product"><a href="https://www.amazon.com/dp/B012T634SM?tag=eloabder-20&linkCode=osi&th=1&psc=1"><img src="https://m.media-amazon.com/images/I/41BKzSi-ifL._SL500_.jpg" alt="Product Image"></a><p>Magic Bullet Blender, Small, Silver, 11 Piece Set</p><p> -20% 0FF </p><p>$39.88</p><a href="https://www.amazon.com/dp/B012T634SM?tag=eloabder-20&linkCode=osi&th=1&psc=1">View Product</a></div><div class="product"><a href="https://www.amazon.com/dp/B0D3Y7T31M?tag=eloabder-20&linkCode=osi&th=1&psc=1"><img src="https://m.media-amazon.com/images/I/41ffeHw82SL._SL500_.jpg" alt="Product Image"></a><p>magic bullet Combo Blender, 48oz Pitcher, Blending Cup, Simple Speed Dial – MBF50200</p><p> -20% 0FF </p><p>$39.99</p><a href="https://www.amazon.com/dp/B0D3Y7T31M?tag=eloabder-20&linkCode=osi&th=1&psc=1">View Product</a></div><div class="product"><a href="https://www.amazon.com/dp/B0CDW6J1W8?tag=eloabder-20&linkCode=osi&th=1&psc=1"><img src="https://m.media-amazon.com/images/I/51F2suuOG5L._SL500_.jpg" alt="Product Image"></a><p>KOIOS Smoothie Blender, 900W Personal Blender for Shakes and Smoothies Kitchen with 2 No-BPA 22oz Portable Blender Cups, Single Serve Smoothies Maker Mixer for Juices, Nutritious Recipe (Grey Blue)</p><p> -20% 0FF </p><p>$39.99</p><a href="https://www.amazon.com/dp/B0CDW6J1W8?tag=eloabder-20&linkCode=osi&th=1&psc=1">View Product</a></div>
<div class="product"><a href="https://www.amazon.com/dp/B071WCB1T6?tag=eloabder-20&linkCode=osi&th=1&psc=1"><img src="https://m.media-amazon.com/images/I/31jdX6frIBL._SL500_.jpg" alt="Product Image"></a><p>TOSHIBA EM131A5C-BS Countertop Microwave Ovens 1.2 Cu Ft, 12.4" Removable Turntable Smart Humidity Sensor 12 Auto Menus Mute Function ECO Mode Easy Clean Interior Black Color 1100W</p><p> -7% 0FF </p><p>$129.99</p><a href="https://www.amazon.com/dp/B071WCB1T6?tag=eloabder-20&linkCode=osi&th=1&psc=1">View Product</a></div><div class="product"><a href="https://www.amazon.com/dp/B0D292ZK9W?tag=eloabder-20&linkCode=osi&th=1&psc=1"><img src="https://m.media-amazon.com/images/I/31TTpRBhabL._SL500_.jpg" alt="Product Image"></a><p>GE GCST10A1WSS 3-in-1 Microwave Oven, 1,050 Watts Air Fryer, Broiler & Convection Mode, Kitchen Essentials for The Countertop or Dorm Room, Child-Lock Technology 1.0 Cu. Ft, Stainless Steel</p><p> -13% 0FF </p><p>$189.99</p><a href="https://www.amazon.com/dp/B0D292ZK9W?tag=eloabder-20&linkCode=osi&th=1&psc=1">View Product</a></div><div class="product"><a href="https://www.amazon.com/dp/B0D294MHR5?tag=eloabder-20&linkCode=osi&th=1&psc=1"><img src="https://m.media-amazon.com/images/I/31jA3nuhQWL._SL500_.jpg" alt="Product Image"></a><p>GE GCST07N1WSS Microwave Oven, 700-watt 6 Auto Cooking Settings, Kitchen Essentials for The Countertop, Dorm Room or Apartment, Child-Lock Technology 0.7 Cu. Ft, Stainless Steel</p><p> -9% 0FF </p><p>$99.00</p><a href="https://www.amazon.com/dp/B0D294MHR5?tag=eloabder-20&linkCode=osi&th=1&psc=1">View Product</a></div><div class="product"><a href="https://www.amazon.com/dp/B000M9EFNM?tag=eloabder-20&linkCode=osi&th=1&psc=1"><img src="https://m.media-amazon.com/images/I/41iWuh-A2fL._SL500_.jpg" alt="Product Image"></a><p>Emerson MW7302B Compact Countertop Microwave Oven with Touch Control, LED Display, 700W, 10 Power Levels, 6 Auto Menus, Glass Turntable and Child Safe Lock, 0.7 Cu., Ft. Black</p><p> -28% 0FF </p><p>$72.03</p><a href="https://www.amazon.com/dp/B000M9EFNM?tag=eloabder-20&linkCode=osi&th=1&psc=1">View Product</a></div>
<div class="product"><a href="https://www.amazon.com/dp/B082PMYZ2X?tag=eloabder-20&linkCode=osi&th=1&psc=1"><img src="https://m.media-amazon.com/images/I/3172vOXiAeL._SL500_.jpg" alt="Product Image"></a><p>RCA RFR725 2 Door Apartment Size Refrigerator with Freezer, Stainless,7.5 cu ft</p><p> -15% 0FF </p><p>$298.00</p><a href="https://www.amazon.com/dp/B082PMYZ2X?tag=eloabder-20&linkCode=osi&th=1&psc=1">View Product</a></div><div class="product"><a href="https://www.amazon.com/dp/B09RWFZTWW?tag=eloabder-20&linkCode=osi&th=1&psc=1"><img src="https://m.media-amazon.com/images/I/51jiYOTMybL._SL500_.jpg" alt="Product Image"></a><p>Upstreman 3.2 Cu.Ft Mini Fridge with Freezer, Single Door Mini Fridge, Dorm Fridge, Adjustable Thermostat, Mini Refrigerator for Bedroom, Office, Dorm, Black-BR321</p><p> -22% 0FF </p><p>$139.99</p><a href="https://www.amazon.com/dp/B09RWFZTWW?tag=eloabder-20&linkCode=osi&th=1&psc=1">View Product</a></div><div class="product"><a href="https://www.amazon.com/dp/B07QCQX8WR?tag=eloabder-20&linkCode=osi&th=1&psc=1"><img src="https://m.media-amazon.com/images/I/319YWFzYC1L._SL500_.jpg" alt="Product Image"></a><p>SAMSUNG RF28R7201SR 28 Cu. Ft. Stainless 4-Door French Door Refrigerator</p><p> -9% 0FF </p><p>$1,499.22</p><a href="https://www.amazon.com/dp/B07QCQX8WR?tag=eloabder-20&linkCode=osi&th=1&psc=1">View Product</a></div><div class="product"><a href="https://www.amazon.com/dp/B00QEUGW5M?tag=eloabder-20&linkCode=osi&th=1&psc=1"><img src="https://m.media-amazon.com/images/I/21RdnrqGpZL._SL500_.jpg" alt="Product Image"></a><p>Avanti FF18D3S-4 FF18D cu.ft. Apartment Size Refrigerator​, Full Fridge Free Technology Prevents Frost Build-up with Adjustable Shelves, Door Bins & Crisper Drawers, 18 cu. ft, Stainless Steel</p><p> -35% 0FF </p><p>$549.99</p><a href="https://www.amazon.com/dp/B00QEUGW5M?tag=eloabder-20&linkCode=osi&th=1&psc=1">View Product</a></div><div class="product"><a href="https://www.amazon.com/dp/B0CVS8WRPX?tag=eloabder-20&linkCode=osi&th=1&psc=1"><img src="https://m.media-amazon.com/images/I/21EtSdN39DL._SL500_.jpg" alt="Product Image"></a><p>Kenmore 46-75525 29.88 Inch Counter-Depth French Door Refrigerator/Freezer with Fingerprint-Resistant Stainless Steel, Ice Maker, Quiet and Energy Efficient Inverter Compressor, 17.5 cu. ft.</p><p> -15% 0FF </p><p>$1,099.99</p><a href="https://www.amazon.com/dp/B0CVS8WRPX?tag=eloabder-20&linkCode=osi&th=1&psc=1">View Product</a></div>
<div class="product"><a href="https://www.amazon.com/dp/B0D1CXL52G?tag=eloabder-20&linkCode=osi&th=1&psc=1"><img src="https://m.media-amazon.com/images/I/41b3JzpXjNL._SL500_.jpg" alt="Product Image"></a><p>Ninja Flip Toaster Oven&Air Fryer, 8-in-1 Functionality, Flip Up&Away Capability for Storage Space, LargeCapacity, Air Fry Basket, SheetPan, Wire Rack&Removable Crumb Tray, Stainless,1800 watts, SP151</p><p> -35% 0FF </p><p>$129.99</p><a href="https://www.amazon.com/dp/B0D1CXL52G?tag=eloabder-20&linkCode=osi&th=1&psc=1">View Product</a></div><div class="product"><a href="https://www.amazon.com/dp/B07SCGY2H6?tag=eloabder-20&linkCode=osi&th=1&psc=1"><img src="https://m.media-amazon.com/images/I/51lqoRxpKAL._SL500_.jpg" alt="Product Image"></a><p>Ninja SP101 Digital Air Fry Countertop Oven with 8-in-1 Functionality, Flip Up & Away Capability for Storage Space, with Air Fry Basket, Wire Rack & Crumb Tray, Silver</p><p> -41% 0FF </p><p>$129.99</p><a href="https://www.amazon.com/dp/B07SCGY2H6?tag=eloabder-20&linkCode=osi&th=1&psc=1">View Product</a></div><div class="product"><a href="https://www.amazon.com/dp/B0BMDFVL5D?tag=eloabder-20&linkCode=osi&th=1&psc=1"><img src="https://m.media-amazon.com/images/I/41MIOfXMwnL._SL500_.jpg" alt="Product Image"></a><p>Elite Gourmet ETO2530M Double French Door Countertop Toaster Oven, Bake, Broil, Toast, Keep Warm, Fits 12" pizza, 25L capacity, Stainless Steel & Black</p><p> -13% 0FF </p><p>$78.27</p><a href="https://www.amazon.com/dp/B0BMDFVL5D?tag=eloabder-20&linkCode=osi&th=1&psc=1">View Product</a></div><div class="product"><a href="https://www.amazon.com/dp/B08DL8WH9V?tag=eloabder-20&linkCode=osi&th=1&psc=1"><img src="https://m.media-amazon.com/images/I/51Zh5HMM-bL._SL500_.jpg" alt="Product Image"></a><p>CHEFMAN Multifunctional Digital Air Fryer+ Rotisserie, Dehydrator, Convection Oven, 17 Touch Screen Presets Fry, Roast, Dehydrate, Bake, XL 10L Family Size, Auto Shutoff, Large Easy-View Window, Black</p><p> -29% 0FF </p><p>$99.99</p><a href="https://www.amazon.com/dp/B08DL8WH9V?tag=eloabder-20&linkCode=osi&th=1&psc=1">View Product</a></div>
<div class="product"><a href="https://www.amazon.com/dp/B072P11H8L?tag=eloabder-20&linkCode=osi&th=1&psc=1"><img src="https://m.media-amazon.com/images/I/41FgU05M+eL._SL500_.jpg" alt="Product Image"></a><p>Amazon Basics 2 Slice Extra Wide Slot Toaster with Bagel Function, Removable Crumb Tray, 6 Browning Settings, Frozen Food Setting, Cancel Button, 900W, Black & Silver.</p><p> -13% 0FF </p><p>$19.99</p><a href="https://www.amazon.com/dp/B072P11H8L?tag=eloabder-20&linkCode=osi&th=1&psc=1">View Product</a></div><div class="product"><a href="https://www.amazon.com/dp/B091SQRKVG?tag=eloabder-20&linkCode=osi&th=1&psc=1"><img src="https://m.media-amazon.com/images/I/41VUCnZHzhL._SL500_.jpg" alt="Product Image"></a><p>Mueller UltraToast Full Stainless Steel Toaster 4 Slice, Long Extra-Wide Slots with Removable Tray, Cancel/Defrost/Reheat Functions, 6 Browning Levels with LED Display, Kitchen Essentials & Gadgets</p><p> -33% 0FF </p><p>$39.99</p><a href="https://www.amazon.com/dp/B091SQRKVG?tag=eloabder-20&linkCode=osi&th=1&psc=1">View Product</a></div><div class="product"><a href="https://www.amazon.com/dp/B08NWGNQPS?tag=eloabder-20&linkCode=osi&th=1&psc=1"><img src="https://m.media-amazon.com/images/I/41Rl2b7N4yL._SL500_.jpg" alt="Product Image"></a><p>GE 2 Slice Stainless Steel Toaster, Extra Wide Slots for Toasting Bagels, Breads, Waffles & More, 7 Adjustable Shade Settings, Removable Crumb Tray, Countertop Kitchen Essentials, 850 Watts</p><p> -14% 0FF </p><p>$41.99</p><a href="https://www.amazon.com/dp/B08NWGNQPS?tag=eloabder-20&linkCode=osi&th=1&psc=1">View Product</a></div>
<div class="product"><a href="https://www.amazon.com/dp/B09715G57M?tag=eloabder-20&linkCode=osi&th=1&psc=1"><img src="https://m.media-amazon.com/images/I/31bbfFmQvAL._SL500_.jpg" alt="Product Image"></a><p>Keurig K-Express Single Serve K-Cup Pod Coffee Maker, 3 Brew Sizes, Strong Button Feature, 42oz Removable Reservoir, Black</p><p> -33% 0FF </p><p>$59.99</p><a href="https://www.amazon.com/dp/B09715G57M?tag=eloabder-20&linkCode=osi&th=1&psc=1">View Product</a></div><div class="product"><a href="https://www.amazon.com/dp/B07S98411N?tag=eloabder-20&linkCode=osi&th=1&psc=1"><img src="https://m.media-amazon.com/images/I/41SOX63H-GL._SL500_.jpg" alt="Product Image"></a><p>Ninja 12-Cup Programmable Coffee Brewer, 2 Brew Styles, Adjustable Warm Plate, 60oz Water Reservoir, Delay Brew - Black/Stainless Steel</p><p> -13% 0FF </p><p>$69.99 ($69.99 / count)</p><a href="https://www.amazon.com/dp/B07S98411N?tag=eloabder-20&linkCode=osi&th=1&psc=1">View Product</a></div><div class="product"><a href="https://www.amazon.com/dp/B0D8LXRHQ8?tag=eloabder-20&linkCode=osi&th=1&psc=1"><img src="https://m.media-amazon.com/images/I/41rogzNp62L._SL500_.jpg" alt="Product Image"></a><p>Keurig K-Duo Hot & Iced Single Serve & Carafe Coffee Maker, MultiStream Technology, 72oz Reservoir (Gen 2)</p><p> -25% 0FF </p><p>$149.99</p><a href="https://www.amazon.com/dp/B0D8LXRHQ8?tag=eloabder-20&linkCode=osi&th=1&psc=1">View Product</a></div><div class="product"><a href="https://www.amazon.com/dp/B0BM3C13B6?tag=eloabder-20&linkCode=osi&th=1&psc=1"><img src="https://m.media-amazon.com/images/I/41Vyq25e3QL._SL500_.jpg" alt="Product Image"></a><p>Mueller 12-Cup Drip Coffee Maker - Borosilicate Carafe, Auto-Off, Reusable Filter, Anti-Drip, Keep-Warm Function, Clear Water Level Window Coffee Machine, Ideal for Home or Office</p><p> -48% 0FF </p><p>$25.87 ($2.16 / Count)</p><a href="https://www.amazon.com/dp/B0BM3C13B6?tag=eloabder-20&linkCode=osi&th=1&psc=1">View Product</a></div><div class="product"><a href="https://www.amazon.com/dp/B07GV2S1GS?tag=eloabder-20&linkCode=osi&th=1&psc=1"><img src="https://m.media-amazon.com/images/I/310Vh-Nnu7L._SL500_.jpg" alt="Product Image"></a><p>Keurig K-Mini Single Serve K-Cup Pod Coffee Maker, 6 to 12oz Brew size, with Cord Storage, Perfect for Small Spaces, Black</p><p> -40% 0FF </p><p>$59.99</p><a href="https://www.amazon.com/dp/B07GV2S1GS?tag=eloabder-20&linkCode=osi&th=1&psc=1">View Product</a></div><div class="product"><a href="https://www.amazon.com/dp/B018UQ5AMS?tag=eloabder-20&linkCode=osi&th=1&psc=1"><img src="https://m.media-amazon.com/images/I/41ZbZptck9L._SL500_.jpg" alt="Product Image"></a><p>Keurig K-Classic Single Serve K-Cup Pod Coffee Maker, with 3 Brew Sizes, 48oz Removable Reservoir, Black</p><p> -7% 0FF </p><p>$139.99</p><a href="https://www.amazon.com/dp/B018UQ5AMS?tag=eloabder-20&linkCode=osi&th=1&psc=1">View Product</a></div>
<div class="product"><a href="https://www.amazon.com/dp/B09ST4M8VF?tag=eloabder-20&linkCode=osi&th=1&psc=1"><img src="https://m.media-amazon.com/images/I/31QlZXvnG0L._SL500_.jpg" alt="Product Image"></a><p>COMFEE’ Countertop Dishwasher, Energy Star Portable Dishwasher, 6 Place Settings & 8 Washing Programs, Speed, Baby-Care, ECO& Glass, Dish Washer for Dorm, RV& Apartment, Black</p><p> -13% 0FF </p><p>$259.99</p><a href="https://www.amazon.com/dp/B09ST4M8VF?tag=eloabder-20&linkCode=osi&th=1&psc=1">View Product</a></div><div class="product"><a href="https://www.amazon.com/dp/B089YD3Z91?tag=eloabder-20&linkCode=osi&th=1&psc=1"><img src="https://m.media-amazon.com/images/I/4149SRZHueL._SL500_.jpg" alt="Product Image"></a><p>NOVETE Portable Countertop Dishwashers, Compact Dishwashers with 5 L Built-in Water Tank & Inlet Hose, 5 Washing Programs, Baby Care, Air-Dry Function and LED Light for Small Apartments</p><p> -31% 0FF </p><p>$291.70</p><a href="https://www.amazon.com/dp/B089YD3Z91?tag=eloabder-20&linkCode=osi&th=1&psc=1">View Product</a></div><div class="product"><a href="https://www.amazon.com/dp/B0CVX5GBY5?tag=eloabder-20&linkCode=osi&th=1&psc=1"><img src="https://m.media-amazon.com/images/I/41Dnq4IKwbL._SL500_.jpg" alt="Product Image"></a><p>EUHOMY Mini Portable Dishwasher Countertop Compact Dishwashers, Tabletop Small Dishwasher with 5L Built-in Water Tank with 6 Modes and Baby Care for Apartments& RVs, No Hookup Needed</p><p> -19% 0FF </p><p>$217.99</p><a href="https://www.amazon.com/dp/B0CVX5GBY5?tag=eloabder-20&linkCode=osi&th=1&psc=1">View Product</a></div><div class="product"><a href="https://www.amazon.com/dp/B0C84MCVWM?tag=eloabder-20&linkCode=osi&th=1&psc=1"><img src="https://m.media-amazon.com/images/I/21-RrSOli4L._SL500_.jpg" alt="Product Image"></a><p>Midea MDF18A1AST Built-in Dishwasher with 8 Place Settings, 6 Washing Programs, Stainless Steel Tub, Heated Dry, Energy Star</p><p> -10% 0FF </p><p>$449.00</p><a href="https://www.amazon.com/dp/B0C84MCVWM?tag=eloabder-20&linkCode=osi&th=1&psc=1">View Product</a></div><div class="product"><a href="https://www.amazon.com/dp/B0BSHF9LXB?tag=eloabder-20&linkCode=osi&th=1&psc=1"><img src="https://m.media-amazon.com/images/I/11eYYssjgEL._SL500_.jpg" alt="Product Image"></a><p>Honeywell 18 Inch Dishwasher with 8 Place settings, 6 Washing Programs, Stainless Steel Tub, UL/Energy Star- Stainless Steel</p><p> -11% 0FF </p><p>$399.99</p><a href="https://www.amazon.com/dp/B0BSHF9LXB?tag=eloabder-20&linkCode=osi&th=1&psc=1">View Product</a></div><div class="product"><a href="https://www.amazon.com/dp/B08SBR12S7?tag=eloabder-20&linkCode=osi&th=1&psc=1"><img src="https://m.media-amazon.com/images/I/41LD2A+P9ZL._SL500_.jpg" alt="Product Image"></a><p>Hermitlux Countertop Dishwasher, 5 Washing Programs Portable Dishwasher With 5-Liter Built-in Water Tank For Glass Door</p><p> -21% 0FF </p><p>$275.99</p><a href="https://www.amazon.com/dp/B08SBR12S7?tag=eloabder-20&linkCode=osi&th=1&psc=1">View Product</a></div><div class="product"><a href="https://www.amazon.com/dp/B09QCJ6TDZ?tag=eloabder-20&linkCode=osi&th=1&psc=1"><img src="https://m.media-amazon.com/images/I/41vntFM8FeL._SL500_.jpg" alt="Product Image"></a><p>COMFEE' Portable Mini Dishwasher Countertop with 5L Built-in Water Tank for Apartments& RVs, No Hookup Needed, 6 Programs, 360° Dual Spray, 162℉ High-Temp& Air-Dry Function</p><p> -10% 0FF </p><p>$269.99</p><a href="https://www.amazon.com/dp/B09QCJ6TDZ?tag=eloabder-20&linkCode=osi&th=1&psc=1">View Product</a></div><div class="product"><a href="https://www.amazon.com/dp/B0CFPJ57KP?tag=eloabder-20&linkCode=osi&th=1&psc=1"><img src="https://m.media-amazon.com/images/I/31Wtz+lzyfL._SL500_.jpg" alt="Product Image"></a><p>Kenmore 24" Built-In Stainless Steel Tub Dishwasher with EasyFlex 3rd Rack, SmartWash, UltraWash Plus, TurboDry, MoreSpace Adjustable Rack, Energy Star Certified, Fingerprint Resistant Stainless Steel</p><p> -38% 0FF </p><p>$499.99</p><a href="https://www.amazon.com/dp/B0CFPJ57KP?tag=eloabder-20&linkCode=osi&th=1&psc=1">View Product</a></div><div class="product"><a href="https://www.amazon.com/dp/B0BZGXYQ4S?tag=eloabder-20&linkCode=osi&th=1&psc=1"><img src="https://m.media-amazon.com/images/I/31HoqlDBJHL._SL500_.jpg" alt="Product Image"></a><p>FOTILE Stainless Steel Kitchen In-Sink Dishwasher Combination, Heavy Gauge Bowl Dish Sanitizing, Energy-saving, and Powerful Cleaning Countertop Dishwasher (SD2F-P3)</p><p> -27% 0FF </p><p>$799.00</p><a href="https://www.amazon.com/dp/B0BZGXYQ4S?tag=eloabder-20&linkCode=osi&th=1&psc=1">View Product</a></div>
<div class="product"><a href="https://www.amazon.com/dp/B075KLJXKZ?tag=eloabder-20&linkCode=osi&th=1&psc=1"><img src="https://m.media-amazon.com/images/I/31-WjP7B6vL._SL500_.jpg" alt="Product Image"></a><p>Kenmore Top-Load Washer with Dual Action Agitator, Stainless Steel Top Loader Laundry Washing Machine, 3.5 cu. ft. Capacity White</p><p> -31% 0FF </p><p>$499.99</p><a href="https://www.amazon.com/dp/B075KLJXKZ?tag=eloabder-20&linkCode=osi&th=1&psc=1">View Product</a></div><div class="product"><a href="https://www.amazon.com/dp/B07DC5YQW8?tag=eloabder-20&linkCode=osi&th=1&psc=1"><img src="https://m.media-amazon.com/images/I/31DuF7NeLHL._SL500_.jpg" alt="Product Image"></a><p>Kenmore 20362 Triple Action Agitator Top-Load Washer, 3.8 cu. ft, White</p><p> -10% 0FF </p><p>$629.98</p><a href="https://www.amazon.com/dp/B07DC5YQW8?tag=eloabder-20&linkCode=osi&th=1&psc=1">View Product</a></div><div class="product"><a href="https://www.amazon.com/dp/B0D8SZ4CTC?tag=eloabder-20&linkCode=osi&th=1&psc=1"><img src="https://m.media-amazon.com/images/I/31DIwBVEFHL._SL500_.jpg" alt="Product Image"></a><p>Euhomy 1.03cu.ft Portable Washer, 8.8LBS Capacity Small Portable Washing Machine with 10 Programs 5 Water Levels, Drain Pump and LED Display,Compact Washer for Apartments, RVs, Homes, Light Gray</p><p> -18% 0FF </p><p>$195.99</p><a href="https://www.amazon.com/dp/B0D8SZ4CTC?tag=eloabder-20&linkCode=osi&th=1&psc=1">View Product</a></div><div class="product"><a href="https://www.amazon.com/dp/B0CNXQK4TF?tag=eloabder-20&linkCode=osi&th=1&psc=1"><img src="https://m.media-amazon.com/images/I/41P5otQCAGL._SL500_.jpg" alt="Product Image"></a><p>COSTWAY Portable Washing Machine, Twin Tub 26lbs Capacity Laundry Washer, 18lbs Washer and 8lbs Spinner Combo with Timer Knobs, Built-in Drain Pump, Compact Washer for Home Dorm Apartment (Grey+White)</p><p> -16% 0FF </p><p>$159.99</p><a href="https://www.amazon.com/dp/B0CNXQK4TF?tag=eloabder-20&linkCode=osi&th=1&psc=1">View Product</a></div><div class="product"><a href="https://www.amazon.com/dp/B08B4L4CGG?tag=eloabder-20&linkCode=osi&th=1&psc=1"><img src="https://m.media-amazon.com/images/I/31X47q9sDGL._SL500_.jpg" alt="Product Image"></a><p>Comfee Portable Washing Machine, 0.9 cu.ft Compact Washer With LED Display, 5 Wash Cycles, 2 Built-in Rollers, Space Saving Full-Automatic Washer</p><p> -7% 0FF </p><p>$230.58</p><a href="https://www.amazon.com/dp/B08B4L4CGG?tag=eloabder-20&linkCode=osi&th=1&psc=1">View Product</a></div><div class="product"><a href="https://www.amazon.com/dp/B07HKXVQYC?tag=eloabder-20&linkCode=osi&th=1&psc=1"><img src="https://m.media-amazon.com/images/I/41-Ze3RD3lL._SL500_.jpg" alt="Product Image"></a><p>Giantex Portable Washing Machine, Full Automatic Washer and Dryer Combo, with Built-in Pump Drain 8 LBS Capacity Compact Laundry Washer Spin Dryer for Apartment RV Dorm</p><p> -29% 0FF </p><p>$229.99</p><a href="https://www.amazon.com/dp/B07HKXVQYC?tag=eloabder-20&linkCode=osi&th=1&psc=1">View Product</a></div><div class="product"><a href="https://www.amazon.com/dp/B0CXXPQ2NT?tag=eloabder-20&linkCode=osi&th=1&psc=1"><img src="https://m.media-amazon.com/images/I/414dhY400cL._SL500_.jpg" alt="Product Image"></a><p>28Lbs Portable Washing Machine, Twin Tub Washing Machine Laundry Compact Washer spinner Combo with Drain Pump and Spin Cycle, 18Lbs Washer and 10Lbs Spinner dryer for Apartments RVs and Dorms</p><p> -9% 0FF </p><p>$73.00</p><a href="https://www.amazon.com/dp/B0CXXPQ2NT?tag=eloabder-20&linkCode=osi&th=1&psc=1">View Product</a></div>
<div class="product"><a href="https://www.amazon.com/dp/B07D87K6BQ?tag=eloabder-20&linkCode=osi&th=1&psc=1"><img src="https://m.media-amazon.com/images/I/31KxNVdMpwL._SL500_.jpg" alt="Product Image"></a><p>Kenmore 29" Front Load Electric Dryer with Wrinkle Guard and 7.0 Cubic Ft. Total Capacity, White</p><p> -10% 0FF </p><p>$629.98</p><a href="https://www.amazon.com/dp/B07D87K6BQ?tag=eloabder-20&linkCode=osi&th=1&psc=1">View Product</a></div><div class="product"><a href="https://www.amazon.com/dp/B075KLNLJ8?tag=eloabder-20&linkCode=osi&th=1&psc=1"><img src="https://m.media-amazon.com/images/I/31jFwM6jvRL._SL500_.jpg" alt="Product Image"></a><p>Kenmore Electric Dryer with Wrinkle Guard and Auto Dry, Electric Laundry Drying Machine 6.5 cu. Ft. Capacity White</p><p> -6% 0FF </p><p>$565.42</p><a href="https://www.amazon.com/dp/B075KLNLJ8?tag=eloabder-20&linkCode=osi&th=1&psc=1">View Product</a></div><div class="product"><a href="https://www.amazon.com/dp/B00EAY540S?tag=eloabder-20&linkCode=osi&th=1&psc=1"><img src="https://m.media-amazon.com/images/I/41S7hlrXcNL._SL500_.jpg" alt="Product Image"></a><p>Panda 110V 850W Electric Compact Portable Clothes Laundry Dryer with Stainless Steel Tub Apartment Size 1.5 cu.ft</p><p> -21% 0FF </p><p>$197.35</p><a href="https://www.amazon.com/dp/B00EAY540S?tag=eloabder-20&linkCode=osi&th=1&psc=1">View Product</a></div>
<div class="product"><a href="https://www.amazon.com/dp/B08QDL1XTC?tag=eloabder-20&linkCode=osi&th=1&psc=1"><img src="https://m.media-amazon.com/images/I/51ROwLDwkYL._SL500_.jpg" alt="Product Image"></a><p>Breeze Stop Surround Insulation Side Panels White for Window AC Unit Indoor Air Conditioner Cover for Winter and Summer</p><p> -6% 0FF </p><p>$32.99</p><a href="https://www.amazon.com/dp/B08QDL1XTC?tag=eloabder-20&linkCode=osi&th=1&psc=1">View Product</a></div><div class="product"><a href="https://www.amazon.com/dp/B07QKSV72H?tag=eloabder-20&linkCode=osi&th=1&psc=1"><img src="https://m.media-amazon.com/images/I/519a0zWyYIL._SL500_.jpg" alt="Product Image"></a><p>MODERN WAVE Central Air Conditioner Cover for Outside Units 36 x 36 - Top Universal Outdoor AC Cover Defender (Mesh, 36" x 36")</p><p> -20% 0FF </p><p>$23.99</p><a href="https://www.amazon.com/dp/B07QKSV72H?tag=eloabder-20&linkCode=osi&th=1&psc=1">View Product</a></div><div class="product"><a href="https://www.amazon.com/dp/B09DNRZNGB?tag=eloabder-20&linkCode=osi&th=1&psc=1"><img src="https://m.media-amazon.com/images/I/3126w0nnulL._SL500_.jpg" alt="Product Image"></a><p>Mrrihand Central Air Conditioner Cover for Outside Units Waterproof Heavy Duty AC Unit for Outdoor Large AC Cover for Winter (32"X32"X36")-Balck</p><p> -5% 0FF </p><p>$24.69</p><a href="https://www.amazon.com/dp/B09DNRZNGB?tag=eloabder-20&linkCode=osi&th=1&psc=1">View Product</a></div><div class="product"><a href="https://www.amazon.com/dp/B07VBMHCSS?tag=eloabder-20&linkCode=osi&th=1&psc=1"><img src="https://m.media-amazon.com/images/I/419VzItl1yL._SL500_.jpg" alt="Product Image"></a><p>Window Air Conditioner Cover Outdoor, Luxiv Outside Window AC Unit Cover Black Dust-proof Waterproof AC Cover Outdoor Window AC Protection Cover (21Wx16Dx15H)</p><p> -25% 0FF </p><p>$14.99</p><a href="https://www.amazon.com/dp/B07VBMHCSS?tag=eloabder-20&linkCode=osi&th=1&psc=1">View Product</a></div><div class="product"><a href="https://www.amazon.com/dp/B078SPPXZ7?tag=eloabder-20&linkCode=osi&th=1&psc=1"><img src="https://m.media-amazon.com/images/I/41LD7qFfJbL._SL500_.jpg" alt="Product Image"></a><p>Foozet Indoor Air Conditioner Cover Double Insulation, Medium Beige</p><p> -23% 0FF </p><p>$19.98</p><a href="https://www.amazon.com/dp/B078SPPXZ7?tag=eloabder-20&linkCode=osi&th=1&psc=1">View Product</a></div><div class="product"><a href="https://www.amazon.com/dp/B097PS8MM9?tag=eloabder-20&linkCode=osi&th=1&psc=1"><img src="https://m.media-amazon.com/images/I/31YIYuB91VL._SL500_.jpg" alt="Product Image"></a><p>BROSYDA Central Large Air Conditioner Cover for Outside Units, Waterproof & Windproof Outdoor AC Units Cover Black (30"x30"x32" Inch)</p><p> -12% 0FF </p><p>$24.99</p><a href="https://www.amazon.com/dp/B097PS8MM9?tag=eloabder-20&linkCode=osi&th=1&psc=1">View Product</a></div><div class="product"><a href="https://www.amazon.com/dp/B07Z7G7739?tag=eloabder-20&linkCode=osi&th=1&psc=1"><img src="https://m.media-amazon.com/images/I/51yS0zSIqYL._SL500_.jpg" alt="Product Image"></a><p>Aozzy Central Air Conditioner Covers for Outside Units Heavy Duty Ac Cover for Outdoor Unit Square Winter Withstand The Rain and Snow, Or Nuts Fit Up to 24x24x22 inchs</p><p> -30% 0FF </p><p>$11.89</p><a href="https://www.amazon.com/dp/B07Z7G7739?tag=eloabder-20&linkCode=osi&th=1&psc=1">View Product</a></div>
<div class="product"><a href="https://www.amazon.com/dp/B075GFLQ7K?tag=eloabder-20&linkCode=osi&th=1&psc=1"><img src="https://m.media-amazon.com/images/I/31wtVOr0SvL._SL500_.jpg" alt="Product Image"></a><p>Kenmore Floorcare Upright Bagged Vacuum, Blue/Silver</p><p> -11% 0FF </p><p>$222.56</p><a href="https://www.amazon.com/dp/B075GFLQ7K?tag=eloabder-20&linkCode=osi&th=1&psc=1">View Product</a></div><div class="product"><a href="https://www.amazon.com/dp/B086DBC2NN?tag=eloabder-20&linkCode=osi&th=1&psc=1"><img src="https://m.media-amazon.com/images/I/41gSCJkmrUL._SL500_.jpg" alt="Product Image"></a><p>Yocada Carpet Sweeper Cleaner for Home Office Low Carpets Rugs Undercoat Carpets Pet Hair Dust Scraps Paper Small Rubbish Cleaning with a Brush</p><p> -13% 0FF </p><p>$25.99</p><a href="https://www.amazon.com/dp/B086DBC2NN?tag=eloabder-20&linkCode=osi&th=1&psc=1">View Product</a></div><div class="product"><a href="https://www.amazon.com/dp/B00K316IB6?tag=eloabder-20&linkCode=osi&th=1&psc=1"><img src="https://m.media-amazon.com/images/I/31Xu+nrbO1L._SL500_.jpg" alt="Product Image"></a><p>Bissell 28806 Perfect Sweep Turbo, Grey</p><p> -14% 0FF </p><p>$38.78</p><a href="https://www.amazon.com/dp/B00K316IB6?tag=eloabder-20&linkCode=osi&th=1&psc=1">View Product</a></div><div class="product"><a href="https://www.amazon.com/dp/B085C7CF4J?tag=eloabder-20&linkCode=osi&th=1&psc=1"><img src="https://m.media-amazon.com/images/I/41LmSVowGJL._SL500_.jpg" alt="Product Image"></a><p>Yocada Carpet Sweeper Cleaner for Home Office Low Carpets Rugs Undercoat Carpets Pet Hair Dust Scraps Paper Small Rubbish Cleaning with a Brush Blue</p><p> -13% 0FF </p><p>$25.99</p><a href="https://www.amazon.com/dp/B085C7CF4J?tag=eloabder-20&linkCode=osi&th=1&psc=1">View Product</a></div><div class="product"><a href="https://www.amazon.com/dp/B08SBQBF2R?tag=eloabder-20&linkCode=osi&th=1&psc=1"><img src="https://m.media-amazon.com/images/I/41-haqU+4SL._SL500_.jpg" alt="Product Image"></a><p>Holikme Dryer Vent Cleaner Kit Vacuum Hose Attachment Brush, Lint Remover, Dryer Vent Vacuum Hose, Blue</p><p> -43% 0FF </p><p>$8.49</p><a href="https://www.amazon.com/dp/B08SBQBF2R?tag=eloabder-20&linkCode=osi&th=1&psc=1">View Product</a></div><div class="product"><a href="https://www.amazon.com/dp/B0CQY6MPNG?tag=eloabder-20&linkCode=osi&th=1&psc=1"><img src="https://m.media-amazon.com/images/I/515TS53ns1L._SL500_.jpg" alt="Product Image"></a><p>PetOde 2 Pieces Dryer Vent Cleaner Kit Compatible with All Vacuum Cleaner, Dryer Lint Brush and Vacuum Hose Attachment with Stretch Universal Connector, Quickly Lint Remover</p><p> -25% 0FF </p><p>$8.95</p><a href="https://www.amazon.com/dp/B0CQY6MPNG?tag=eloabder-20&linkCode=osi&th=1&psc=1">View Product</a></div>
<div class="product"><a href="https://www.amazon.com/dp/B00061J2B6?tag=eloabder-20&linkCode=osi&th=1&psc=1"><img src="https://m.media-amazon.com/images/I/41YkPB6bX2L._SL500_.jpg" alt="Product Image"></a><p>Steamfast SF-680 Digital Steam Press with Multiple Fabric Settings and Steam Burst Function,Stainless/Black, Stand</p><p> -13% 0FF </p><p>$279.99</p><a href="https://www.amazon.com/dp/B00061J2B6?tag=eloabder-20&linkCode=osi&th=1&psc=1">View Product</a></div><div class="product"><a href="https://www.amazon.com/dp/B09V7232SK?tag=eloabder-20&linkCode=osi&th=1&psc=1"><img src="https://m.media-amazon.com/images/I/51bSRR0Y3FL._SL500_.jpg" alt="Product Image"></a><p>Mueller Heart Waffle Maker, 5 Belgian Waffle Iron, Adjustable Browning Control, Cool Touch Handle, Compact and Easy to Clean, Great Mother’s Day Gift</p><p> -25% 0FF </p><p>$29.97</p><a href="https://www.amazon.com/dp/B09V7232SK?tag=eloabder-20&linkCode=osi&th=1&psc=1">View Product</a></div><div class="product"><a href="https://www.amazon.com/dp/B072ZNQC2R?tag=eloabder-20&linkCode=osi&th=1&psc=1"><img src="https://m.media-amazon.com/images/I/41rlbw08uYL._SL500_.jpg" alt="Product Image"></a><p>Chefman Rotating Belgian Waffle Maker, 180° Flip Iron w/ Non-Stick Plates, Adjustable Timer, Locking Lid, & Drip Plate, Space Saving Storage, Mess-Free Breakfast, Stainless Steel/Black</p><p> -13% 0FF </p><p>$34.99</p><a href="https://www.amazon.com/dp/B072ZNQC2R?tag=eloabder-20&linkCode=osi&th=1&psc=1">View Product</a></div><div class="product"><a href="https://www.amazon.com/dp/B013WOEC1I?tag=eloabder-20&linkCode=osi&th=1&psc=1"><img src="https://m.media-amazon.com/images/I/41aAsJHqAAL._SL500_.jpg" alt="Product Image"></a><p>Whitmor Deluxe Ironing Board Cover and Pad (Ironing board not included) - Medallion Grey</p><p> -13% 0FF </p><p>$13.49</p><a href="https://www.amazon.com/dp/B013WOEC1I?tag=eloabder-20&linkCode=osi&th=1&psc=1">View Product</a></div><div class="product"><a href="https://www.amazon.com/dp/B07L4Z2X81?tag=eloabder-20&linkCode=osi&th=1&psc=1"><img src="https://m.media-amazon.com/images/I/41PzLyy0OtL._SL500_.jpg" alt="Product Image"></a><p>Chefman Anti-Overflow Belgian Waffle Maker w/Shade Selector, Temperature Control, Mess Free Moat, Round Iron w/Nonstick Plates & Cool Touch Handle, Measuring Cup Included, Black</p><p> -13% 0FF </p><p>$26.09</p><a href="https://www.amazon.com/dp/B07L4Z2X81?tag=eloabder-20&linkCode=osi&th=1&psc=1">View Product</a></div><div class="product"><a href="https://www.amazon.com/dp/B09RX517YJ?tag=eloabder-20&linkCode=osi&th=1&psc=1"><img src="https://m.media-amazon.com/images/I/41qTvdLB3RL._SL500_.jpg" alt="Product Image"></a><p>Elite Gourmet EWM-2207# Electric Non-Stick Belgian Waffle Maker Iron, Breakfast, Sandwiches, Snacks, Burgers and more, 2-Slice, Black</p><p> -13% 0FF </p><p>$13.99</p><a href="https://www.amazon.com/dp/B09RX517YJ?tag=eloabder-20&linkCode=osi&th=1&psc=1">View Product</a></div>
<div class="product"><a href="https://www.amazon.com/dp/B00DEPGY7G?tag=eloabder-20&linkCode=osi&th=1&psc=1"><img src="https://m.media-amazon.com/images/I/41NuCd1uYNL._SL500_.jpg" alt="Product Image"></a><p>OVENTE Glass Electric Kettle Hot Water Boiler 1.5 Liter Borosilicate Glass Fast Boiling Countertop Heater - BPA Free Auto Shut Off Instant Water Heater Kettle for Coffee & Tea Maker - Black KG83B</p><p> -29% 0FF </p><p>$19.99</p><a href="https://www.amazon.com/dp/B00DEPGY7G?tag=eloabder-20&linkCode=osi&th=1&psc=1">View Product</a></div><div class="product"><a href="https://www.amazon.com/dp/B07JZQ1MXT?tag=eloabder-20&linkCode=osi&th=1&psc=1"><img src="https://m.media-amazon.com/images/I/311dZHPh5AL._SL500_.jpg" alt="Product Image"></a><p>Amazon Basics Electric Kettle, Tea Kettle for Hot Water, Coffee & Tea, With Auto Shut-Off, Boil Dry Protection, Strix Thermostat, BPA-Free, 1.8 Quarts (1.7L), 1500W, Glass and Steel, Black & Silver</p><p> -7% 0FF </p><p>$26.99</p><a href="https://www.amazon.com/dp/B07JZQ1MXT?tag=eloabder-20&linkCode=osi&th=1&psc=1">View Product</a></div><div class="product"><a href="https://www.amazon.com/dp/B01LWMWU59?tag=eloabder-20&linkCode=osi&th=1&psc=1"><img src="https://m.media-amazon.com/images/I/41E4k2z3DWL._SL500_.jpg" alt="Product Image"></a><p>Zojirushi Micom Water Boiler and Warmer (135 oz. / 4L, Silver)</p><p> -30% 0FF </p><p>$146.00</p><a href="https://www.amazon.com/dp/B01LWMWU59?tag=eloabder-20&linkCode=osi&th=1&psc=1">View Product</a></div><div class="product"><a href="https://www.amazon.com/dp/B07L5HT585?tag=eloabder-20&linkCode=osi&th=1&psc=1"><img src="https://m.media-amazon.com/images/I/41BL-WlAZkL._SL500_.jpg" alt="Product Image"></a><p>Hamilton Beach 1.7L Electric Kettle, Water Boiler & Heater, LED Indicator, Built-In Mesh Filter, Auto-Shutoff & Boil-Dry Protection, Cordless Serving, Clear Glass (40864)</p><p> -17% 0FF </p><p>$24.99</p><a href="https://www.amazon.com/dp/B07L5HT585?tag=eloabder-20&linkCode=osi&th=1&psc=1">View Product</a></div>
<div class="product"><a href="https://www.amazon.com/dp/B0055522EM?tag=eloabder-20&linkCode=osi&th=1&psc=1"><img src="https://m.media-amazon.com/images/I/51DzXSitquL._SL500_.jpg" alt="Product Image"></a><p>PureGuardian Aquastick, Universal, Genuine Guardian Technologies Antimicrobial Humidifier Treatment, Ultrasonic & Evaporative, Fits All Brands, Reduces Odors, 2 Count (One Pack of Two), GGHS15</p><p> -40% 0FF </p><p>$11.99 ($6.00 / Count)</p><a href="https://www.amazon.com/dp/B0055522EM?tag=eloabder-20&linkCode=osi&th=1&psc=1">View Product</a></div><div class="product"><a href="https://www.amazon.com/dp/B0CQRYKPD4?tag=eloabder-20&linkCode=osi&th=1&psc=1"><img src="https://m.media-amazon.com/images/I/51ADaqkTaOL._SL500_.jpg" alt="Product Image"></a><p>[2 Pack] Humidifier Drops for Cleaning - Food Grade Humidifier Cleaner Slows Buildup & Scaling - Cleans & Deodorizes Water - Suitable for All Humidifier Models - 200+ Day Supply - Made in USA</p><p> -5% 0FF </p><p>$18.99 ($9.50 / Fl Oz)</p><a href="https://www.amazon.com/dp/B0CQRYKPD4?tag=eloabder-20&linkCode=osi&th=1&psc=1">View Product</a></div><div class="product"><a href="https://www.amazon.com/dp/B01J664VSA?tag=eloabder-20&linkCode=osi&th=1&psc=1"><img src="https://m.media-amazon.com/images/I/418M5+TWhnL._SL500_.jpg" alt="Product Image"></a><p>Vornado MD1-0034 Replacement Humidifier Wick (Pack of 2) , White</p><p> -20% 0FF </p><p>$12.00 ($6.00 / Count)</p><a href="https://www.amazon.com/dp/B01J664VSA?tag=eloabder-20&linkCode=osi&th=1&psc=1">View Product</a></div>
<div class="product"><a href="https://www.amazon.com/dp/B0DJ8YM235?tag=eloabder-20&linkCode=osi&th=1&psc=1"><img src="https://m.media-amazon.com/images/I/31-+n3qJwfL._SL500_.jpg" alt="Product Image"></a><p>PSOS Dehumidifier for Home, 118 OZ Water Tank, Dehumidifiers for Room 1000 sq.ft, Dehumidifiers for Bathroom Bedroom Basement with Humidity monitoring, Auto Shut Off, 7 Colors Light(White)</p><p> -40% 0FF </p><p>$89.99</p><a href="https://www.amazon.com/dp/B0DJ8YM235?tag=eloabder-20&linkCode=osi&th=1&psc=1">View Product</a></div><div class="product"><a href="https://www.amazon.com/dp/B0BX4TTZL2?tag=eloabder-20&linkCode=osi&th=1&psc=1"><img src="https://m.media-amazon.com/images/I/31JMYwASsyL._SL500_.jpg" alt="Product Image"></a><p>Hornady Rapid Dry Dehumidifier Stone - Rechargeable Dehumidifier for Gun Safe and Cases, Protect Your Firearms and Valuables from Moisture - Unlimited Use, with Moisture Level Indicator - Item 95898</p><p> -29% 0FF </p><p>$28.37</p><a href="https://www.amazon.com/dp/B0BX4TTZL2?tag=eloabder-20&linkCode=osi&th=1&psc=1">View Product</a></div>
<div class="product"><a href="https://www.amazon.com/dp/B089P1Z38J?tag=eloabder-20&linkCode=osi&th=1&psc=1"><img src="https://m.media-amazon.com/images/I/51YX73Zai2L._SL500_.jpg" alt="Product Image"></a><p>Lasko Air Flex 20" 2-in-1 Box Fan and Air Purifier in One with MERV10 Air Purifying Filter for Cleaner and Cooling Breeze, 3 Speeds, Steel Body, FF305</p><p> -6% 0FF </p><p>$65.79</p><a href="https://www.amazon.com/dp/B089P1Z38J?tag=eloabder-20&linkCode=osi&th=1&psc=1">View Product</a></div><div class="product"><a href="https://www.amazon.com/dp/B0819NMLPH?tag=eloabder-20&linkCode=osi&th=1&psc=1"><img src="https://m.media-amazon.com/images/I/51J1qcl7T+L._SL500_.jpg" alt="Product Image"></a><p>SmoTecQ Ceiling Fan Pull Chain, 120" Rust Proof Copper 3mm Beaded Extension Chains with 12 Matching Connectors, Bronze</p><p> -25% 0FF </p><p>$5.99</p><a href="https://www.amazon.com/dp/B0819NMLPH?tag=eloabder-20&linkCode=osi&th=1&psc=1">View Product</a></div><div class="product"><a href="https://www.amazon.com/dp/B09JBCGK41?tag=eloabder-20&linkCode=osi&th=1&psc=1"><img src="https://m.media-amazon.com/images/I/31O1Cq3aI-L._SL500_.jpg" alt="Product Image"></a><p>Hunter Fan Company 99770 Core Multifunction w/1.9 Remote Control with Receiver, No Size, Dove Grey</p><p> -40% 0FF </p><p>$42.78</p><a href="https://www.amazon.com/dp/B09JBCGK41?tag=eloabder-20&linkCode=osi&th=1&psc=1">View Product</a></div><div class="product"><a href="https://www.amazon.com/dp/B07S5LK7Z8?tag=eloabder-20&linkCode=osi&th=1&psc=1"><img src="https://m.media-amazon.com/images/I/41Wgts+0jEL._SL500_.jpg" alt="Product Image"></a><p>Ceiling Fan Light Switch Zing Ear Pull Chain Switch ZE-109 Fan Light Switch, On-Off Speed with Pull Chain Compatible with Ceiling Light Fans, Lamps and Wall Lights.(Bronze)</p><p> -63% 0FF </p><p>$1.89</p><a href="https://www.amazon.com/dp/B07S5LK7Z8?tag=eloabder-20&linkCode=osi&th=1&psc=1">View Product</a></div><div class="product"><a href="https://www.amazon.com/dp/B0D5M1M37N?tag=eloabder-20&linkCode=osi&th=1&psc=1"><img src="https://m.media-amazon.com/images/I/51yO2OHGQkL._SL500_.jpg" alt="Product Image"></a><p>Butto 10-Pack Ceiling Fan Filters for Blades - Strong Adhesive Ceiling Fan Filters for Common Household Contaminants - Unscented Coconut Carbon Fan Air Purifier Pads to Make Air Fresh and Natural</p><p> -21% 0FF </p><p>$14.98</p><a href="https://www.amazon.com/dp/B0D5M1M37N?tag=eloabder-20&linkCode=osi&th=1&psc=1">View Product</a></div>
<div class="product"><a href="https://www.amazon.com/dp/B0CC8DS2S5?tag=eloabder-20&linkCode=osi&th=1&psc=1"><img src="https://m.media-amazon.com/images/I/41VCzvLZYAL._SL500_.jpg" alt="Product Image"></a><p>KitchekShop Coffee Mug Warmer - Fastest Heating & Highest Temperature, Coffee Cup Warmer for Desk Auto Shut Off, 4 Temp Settings & 1-12H Timer, Smart Electric Beverage Warmer for Coffee, Tea, Water</p><p> -40% 0FF </p><p>$23.99</p><a href="https://www.amazon.com/dp/B0CC8DS2S5?tag=eloabder-20&linkCode=osi&th=1&psc=1">View Product</a></div><div class="product"><a href="https://www.amazon.com/dp/B082MVGP8T?tag=eloabder-20&linkCode=osi&th=1&psc=1"><img src="https://m.media-amazon.com/images/I/31Ui7mtlCOL._SL500_.jpg" alt="Product Image"></a><p>Amazon Basics Electric Kettle, Tea Kettle for Hot Water, Coffee & Tea, With Auto Shut-Off, Boil Dry Protection, Strix Thermostat, BPA-Free, 1.1 Quarts (1.0L), 1500W, Glass and Steel, Black & Silver</p><p> -9% 0FF </p><p>$24.49</p><a href="https://www.amazon.com/dp/B082MVGP8T?tag=eloabder-20&linkCode=osi&th=1&psc=1">View Product</a></div>
<div class="product"><a href="https://www.amazon.com/dp/B0BYR4W4F6?tag=eloabder-20&linkCode=osi&th=1&psc=1"><img src="https://m.media-amazon.com/images/I/31M2ZgX69nL._SL500_.jpg" alt="Product Image"></a><p>Arrojo Gamma Aria Blow Dryer — Dual Ionic hair Dryer for Men and Women — Quietest Hair Dryers in their Class — Speeds to 101mph for Hyper Fast Drying Blow Dryer power</p><p> -6% 0FF </p><p>$165.86</p><a href="https://www.amazon.com/dp/B0BYR4W4F6?tag=eloabder-20&linkCode=osi&th=1&psc=1">View Product</a></div><div class="product"><a href="https://www.amazon.com/dp/B095Y4T72V?tag=eloabder-20&linkCode=osi&th=1&psc=1"><img src="https://m.media-amazon.com/images/I/3190DPU1r7S._SL500_.jpg" alt="Product Image"></a><p>Turbo Power Mega Turbo 2500 Heat Dryer</p><p> -7% 0FF </p><p>$93.44 ($93.44 / Count)</p><a href="https://www.amazon.com/dp/B095Y4T72V?tag=eloabder-20&linkCode=osi&th=1&psc=1">View Product</a></div>
<div class="product"><a href="https://www.amazon.com/dp/B0D4TT37CG?tag=eloabder-20&linkCode=osi&th=1&psc=1"><img src="https://m.media-amazon.com/images/I/51rJj7bo1sL._SL500_.jpg" alt="Product Image"></a><p>250W Professional Electric Cheese Grater for Block Cheese,Automatic Cheese Grater for Potato,Carrots,Salad Shooter Electric Slicer Shredder with 5 Types of Blades,Your Nice Kitchen Helper!</p><p> -8% 0FF </p><p>$66.99</p><a href="https://www.amazon.com/dp/B0D4TT37CG?tag=eloabder-20&linkCode=osi&th=1&psc=1">View Product</a></div>
<div class="product"><a href="https://www.amazon.com/dp/B007WQ9YNO?tag=eloabder-20&linkCode=osi&th=1&psc=1"><img src="https://m.media-amazon.com/images/I/41V32cTWxML._SL500_.jpg" alt="Product Image"></a><p>AROMA Digital Rice Cooker, 4-Cup (Uncooked) / 8-Cup (Cooked), Steamer, Grain Cooker, Multicooker, 2 Qt, Stainless Steel Exterior, ARC-914SBD</p><p> -9% 0FF </p><p>$29.98</p><a href="https://www.amazon.com/dp/B007WQ9YNO?tag=eloabder-20&linkCode=osi&th=1&psc=1">View Product</a></div><div class="product"><a href="https://www.amazon.com/dp/B0752VWV65?tag=eloabder-20&linkCode=osi&th=1&psc=1"><img src="https://m.media-amazon.com/images/I/41s222n8XjL._SL500_.jpg" alt="Product Image"></a><p>Hamilton Beach Digital Programmable Rice Cooker & Food Steamer, 8 Cups Cooked (4 Uncooked), With Steam & Rinse Basket, Stainless Steel (37518)</p><p> -20% 0FF </p><p>$31.99</p><a href="https://www.amazon.com/dp/B0752VWV65?tag=eloabder-20&linkCode=osi&th=1&psc=1">View Product</a></div><div class="product"><a href="https://www.amazon.com/dp/B0979TYRYN?tag=eloabder-20&linkCode=osi&th=1&psc=1"><img src="https://m.media-amazon.com/images/I/31pxVDIb99L._SL500_.jpg" alt="Product Image"></a><p>Aroma Housewares 4-Cups (Cooked) / 1Qt. Rice & Grain Cooker (ARC-302NG), White</p><p> -24% 0FF </p><p>$18.99</p><a href="https://www.amazon.com/dp/B0979TYRYN?tag=eloabder-20&linkCode=osi&th=1&psc=1">View Product</a></div><div class="product"><a href="https://www.amazon.com/dp/B01BUL7FJ6?tag=eloabder-20&linkCode=osi&th=1&psc=1"><img src="https://m.media-amazon.com/images/I/41PX+tkWChL._SL500_.jpg" alt="Product Image"></a><p>Aroma Housewares ARC-363-1NGB 3 Uncooked/6 Cups Cooked Rice Cooker, Steamer, Multicooker, 2-6 cups, Black</p><p> -33% 0FF </p><p>$19.99</p><a href="https://www.amazon.com/dp/B01BUL7FJ6?tag=eloabder-20&linkCode=osi&th=1&psc=1">View Product</a></div><div class="product"><a href="https://www.amazon.com/dp/B0BD4PRBVZ?tag=eloabder-20&linkCode=osi&th=1&psc=1"><img src="https://m.media-amazon.com/images/I/51PB+13RRPL._SL500_.jpg" alt="Product Image"></a><p>COSORI Rice Cooker 10 Cup, 24h Keep Warm, 18 Functions Fuzzy Logic Rice Maker with Stainless Steel Steamer Basket, Sauté, Slow Cooker, Black</p><p> -15% 0FF </p><p>$84.99</p><a href="https://www.amazon.com/dp/B0BD4PRBVZ?tag=eloabder-20&linkCode=osi&th=1&psc=1">View Product</a></div>
<div class="product"><a href="https://www.amazon.com/dp/B003OAJGJO?tag=eloabder-20&linkCode=osi&th=1&psc=1"><img src="https://m.media-amazon.com/images/I/51qadG4iFyL._SL500_.jpg" alt="Product Image"></a><p>Crock-Pot 7 Quart Oval Manual Slow Cooker, Stainless Steel (SCV700-S-BR), Versatile Cookware for Large Families or Entertaining</p><p> -30% 0FF </p><p>$34.99</p><a href="https://www.amazon.com/dp/B003OAJGJO?tag=eloabder-20&linkCode=osi&th=1&psc=1">View Product</a></div><div class="product"><a href="https://www.amazon.com/dp/B07DFVY29X?tag=eloabder-20&linkCode=osi&th=1&psc=1"><img src="https://m.media-amazon.com/images/I/415PUCXFtVL._SL500_.jpg" alt="Product Image"></a><p>Crock-Pot Large 8-Quart Programmable Slow Cooker with Auto Warm Setting, Black Stainless Steel (Pack of 1)</p><p> -25% 0FF </p><p>$74.99</p><a href="https://www.amazon.com/dp/B07DFVY29X?tag=eloabder-20&linkCode=osi&th=1&psc=1">View Product</a></div>
<div class="product"><a href="https://www.amazon.com/dp/B0BFX95J5P?tag=eloabder-20&linkCode=osi&th=1&psc=1"><img src="https://m.media-amazon.com/images/I/51Bj52vXGZL._SL500_.jpg" alt="Product Image"></a><p>COSORI Electric Pressure Cooker 6 qt, 9-in-1 Instant Multi Cooker with Safer Venting Design, Rice Cooker, Slow Cooker, Sous Vide, Saute Pot, 1100W, Stainless Steel</p><p> -22% 0FF </p><p>$69.99</p><a href="https://www.amazon.com/dp/B0BFX95J5P?tag=eloabder-20&linkCode=osi&th=1&psc=1">View Product</a></div><div class="product"><a href="https://www.amazon.com/dp/B08PPZWNCV?tag=eloabder-20&linkCode=osi&th=1&psc=1"><img src="https://m.media-amazon.com/images/I/41ZKZkeEwEL._SL500_.jpg" alt="Product Image"></a><p>Instant Pot Pro (8 QT) 10-in-1 Pressure Cooker, Slow Cooker, Rice/Grain Cooker, Steamer, Sauté, Sous Vide, Yogurt Maker, Sterilizer, and Warmer, Includes App With Over 800 Recipes, Black</p><p> -21% 0FF </p><p>$149.99</p><a href="https://www.amazon.com/dp/B08PPZWNCV?tag=eloabder-20&linkCode=osi&th=1&psc=1">View Product</a></div><div class="product"><a href="https://www.amazon.com/dp/B089P2W2N6?tag=eloabder-20&linkCode=osi&th=1&psc=1"><img src="https://m.media-amazon.com/images/I/41tjnk41j0L._SL500_.jpg" alt="Product Image"></a><p>12 Qt Stainless steel Electric Pressure Canner</p><p> -30% 0FF </p><p>$229.99</p><a href="https://www.amazon.com/dp/B089P2W2N6?tag=eloabder-20&linkCode=osi&th=1&psc=1">View Product</a></div><div class="product"><a href="https://www.amazon.com/dp/B0DJFJFSZ5?tag=eloabder-20&linkCode=osi&th=1&psc=1"><img src="https://m.media-amazon.com/images/I/41RArdH-6LL._SL500_.jpg" alt="Product Image"></a><p>COMFEE’ 9-in-1 Electric Pressure Cooker, 14 Presets Instant Multi Cooker Olla de Presion Non-Stick Pot Yogurt Maker Rice Cooker Slow Cooker Sauté Steamer 6 Quarts Black</p><p> -10% 0FF </p><p>$64.79</p><a href="https://www.amazon.com/dp/B0DJFJFSZ5?tag=eloabder-20&linkCode=osi&th=1&psc=1">View Product</a></div><div class="product"><a href="https://www.amazon.com/dp/B0C35HNPW9?tag=eloabder-20&linkCode=osi&th=1&psc=1"><img src="https://m.media-amazon.com/images/I/41C54nM0HvL._SL500_.jpg" alt="Product Image"></a><p>Instant Pot RIO Wide Base, 7.5 Quarts, Large Searing Base, WhisperQuiet Steam Release, 7-in-1 Electric Multi-Cooker, Pressure Cooker, Slow Cooker, Rice Cooker, Steamer, Sauté, Yogurt & Warmer</p><p> -13% 0FF </p><p>$113.50</p><a href="https://www.amazon.com/dp/B0C35HNPW9?tag=eloabder-20&linkCode=osi&th=1&psc=1">View Product</a></div>
<div class="product"><a href="https://www.amazon.com/dp/B01LZ6QN28?tag=eloabder-20&linkCode=osi&th=1&psc=1"><img src="https://m.media-amazon.com/images/I/310sq1rOuLL._SL500_.jpg" alt="Product Image"></a><p>KitchenAid KFC3516IC 3.5 Cup Food Chopper, Ice Blue</p><p> -25% 0FF </p><p>$44.99</p><a href="https://www.amazon.com/dp/B01LZ6QN28?tag=eloabder-20&linkCode=osi&th=1&psc=1">View Product</a></div><div class="product"><a href="https://www.amazon.com/dp/B089TP3K77?tag=eloabder-20&linkCode=osi&th=1&psc=1"><img src="https://m.media-amazon.com/images/I/41wrQtJwO4L._SL500_.jpg" alt="Product Image"></a><p>Ninja Food Processor, Professional Plus, 1000 Peak Watts, 4 Functions for Chopping, Slicing, Purees & Dough with 9-Cup Processor Bowl, 3 Blades, Food Chute & Pusher, Silver, BN601</p><p> -19% 0FF </p><p>$96.99</p><a href="https://www.amazon.com/dp/B089TP3K77?tag=eloabder-20&linkCode=osi&th=1&psc=1">View Product</a></div><div class="product"><a href="https://www.amazon.com/dp/B07CB25BRK?tag=eloabder-20&linkCode=osi&th=1&psc=1"><img src="https://m.media-amazon.com/images/I/4184he88uaL._SL500_.jpg" alt="Product Image"></a><p>KitchenAid KFP0718ER 7-Cup Food Processor Chop, Puree, Shred and Slice - Empire Red</p><p> -20% 0FF </p><p>$79.99</p><a href="https://www.amazon.com/dp/B07CB25BRK?tag=eloabder-20&linkCode=osi&th=1&psc=1">View Product</a></div><div class="product"><a href="https://www.amazon.com/dp/B0841NBX4Y?tag=eloabder-20&linkCode=osi&th=1&psc=1"><img src="https://m.media-amazon.com/images/I/31BQFzOW77S._SL500_.jpg" alt="Product Image"></a><p>BLACK+DECKER Food Processor and Vegetable Chopper, Stainless Steel Blade, 8-Cup Capacity, 450W Power with Attachments to Shred, Slice, Mince, Grind, and Puree</p><p> -22% 0FF </p><p>$42.99</p><a href="https://www.amazon.com/dp/B0841NBX4Y?tag=eloabder-20&linkCode=osi&th=1&psc=1">View Product</a></div>
<div class="product"><a href="https://www.amazon.com/dp/B00004SGFW?tag=eloabder-20&linkCode=osi&th=1&psc=1"><img src="https://m.media-amazon.com/images/I/41VBlHn++3L._SL500_.jpg" alt="Product Image"></a><p>KitchenAid Classic Series 4.5 Quart Tilt-Head Stand Mixer K45SS, White</p><p> -10% 0FF </p><p>$297.99</p><a href="https://www.amazon.com/dp/B00004SGFW?tag=eloabder-20&linkCode=osi&th=1&psc=1">View Product</a></div><div class="product"><a href="https://www.amazon.com/dp/B09BVCPSBT?tag=eloabder-20&linkCode=osi&th=1&psc=1"><img src="https://m.media-amazon.com/images/I/41ApmT8ttnL._SL500_.jpg" alt="Product Image"></a><p>Kitchen in the box Stand Mixer,3.2Qt Small Electric Food Mixer,6 Speeds Portable Lightweight Kitchen Mixer for Daily Use with Egg Whisk,Dough Hook,Flat Beater (Black)</p><p> -20% 0FF </p><p>$79.99</p><a href="https://www.amazon.com/dp/B09BVCPSBT?tag=eloabder-20&linkCode=osi&th=1&psc=1">View Product</a></div><div class="product"><a href="https://www.amazon.com/dp/B09Y9LHFJ5?tag=eloabder-20&linkCode=osi&th=1&psc=1"><img src="https://m.media-amazon.com/images/I/31zHqTmCLdL._SL500_.jpg" alt="Product Image"></a><p>Hamilton Beach Classic Stand and Hand Mixer, 4 Quarts, 6 Speeds with QuickBurst, Bowl Rest, 290 Watts Peak Power, Blue (64658)</p><p> -13% 0FF </p><p>$45.99</p><a href="https://www.amazon.com/dp/B09Y9LHFJ5?tag=eloabder-20&linkCode=osi&th=1&psc=1">View Product</a></div><div class="product"><a href="https://www.amazon.com/dp/B01H7R1EJY?tag=eloabder-20&linkCode=osi&th=1&psc=1"><img src="https://m.media-amazon.com/images/I/41bfuTs0SXL._SL500_.jpg" alt="Product Image"></a><p>Cuisinart Stand Mixer, 12 Speed, 5.5 Quart Stainless Steel Bowl, Chef’s Whisk, Mixing Paddle, Dough Hook, Splash Guard w/ Pour Spout, White Linen, SM-50, Manual</p><p> -20% 0FF </p><p>$199.95 ($199.95 / Count)</p><a href="https://www.amazon.com/dp/B01H7R1EJY?tag=eloabder-20&linkCode=osi&th=1&psc=1">View Product</a></div><div class="product"><a href="https://www.amazon.com/dp/B01K2FQ4DE?tag=eloabder-20&linkCode=osi&th=1&psc=1"><img src="https://m.media-amazon.com/images/I/419VfH8b6OL._SL500_.jpg" alt="Product Image"></a><p>Cuisinart Stand Mixer, 12 Speeds, 5.5-Quart Mixing Bowl, Chef's Whisk, Flat Mixing Paddle, Dough Hook, and Splash Guard with Pour Spout, Silver Lining, SM-50BC, Silver Lining</p><p> -20% 0FF </p><p>$199.95 ($199.95 / Count)</p><a href="https://www.amazon.com/dp/B01K2FQ4DE?tag=eloabder-20&linkCode=osi&th=1&psc=1">View Product</a></div>
<div class="product"><a href="https://www.amazon.com/dp/B009VUHLHA?tag=eloabder-20&linkCode=osi&th=1&psc=1"><img src="https://m.media-amazon.com/images/I/3129GS2CaML._SL500_.jpg" alt="Product Image"></a><p>KitchenAid 5 Ultra Power Speed Hand Mixer - KHM512, Empire Red (1 Pack)</p><p> -25% 0FF </p><p>$44.99</p><a href="https://www.amazon.com/dp/B009VUHLHA?tag=eloabder-20&linkCode=osi&th=1&psc=1">View Product</a></div><div class="product"><a href="https://www.amazon.com/dp/B07DD385JN?tag=eloabder-20&linkCode=osi&th=1&psc=1"><img src="https://m.media-amazon.com/images/I/41dfQaFsuUL._SL500_.jpg" alt="Product Image"></a><p>OVENTE Portable 5 Speed Mixing Electric Hand Mixer with Stainless Steel Whisk Beater Attachments & Snap Storage Case, Compact Lightweight 150 Watt Powerful Blender for Baking & Cooking, Black HM151B</p><p> -32% 0FF </p><p>$16.99</p><a href="https://www.amazon.com/dp/B07DD385JN?tag=eloabder-20&linkCode=osi&th=1&psc=1">View Product</a></div><div class="product"><a href="https://www.amazon.com/dp/B0034A8C4O?tag=eloabder-20&linkCode=osi&th=1&psc=1"><img src="https://m.media-amazon.com/images/I/41t6hdU+x0L._SL500_.jpg" alt="Product Image"></a><p>Cuisinart HM-90S Power Advantage Plus 9-Speed Handheld Mixer with Storage Case, White</p><p> -25% 0FF </p><p>$59.95</p><a href="https://www.amazon.com/dp/B0034A8C4O?tag=eloabder-20&linkCode=osi&th=1&psc=1">View Product</a></div><div class="product"><a href="https://www.amazon.com/dp/B00O4XVV66?tag=eloabder-20&linkCode=osi&th=1&psc=1"><img src="https://m.media-amazon.com/images/I/41TAePDHOkL._SL500_.jpg" alt="Product Image"></a><p>Hamilton Beach Power Deluxe 6-Speed Electric Hand Mixer with Snap-On Storage Case, QuickBurst, Beaters, Whisk, Powerful 250 Watt Motor, Bowl Rest, Black (62692)</p><p> -8% 0FF </p><p>$22.99</p><a href="https://www.amazon.com/dp/B00O4XVV66?tag=eloabder-20&linkCode=osi&th=1&psc=1">View Product</a></div><div class="product"><a href="https://www.amazon.com/dp/B09JV6224Q?tag=eloabder-20&linkCode=osi&th=1&psc=1"><img src="https://m.media-amazon.com/images/I/41vUDKzR2aL._SL500_.jpg" alt="Product Image"></a><p>KitchenAid 6 Speed Hand Mixer with Flex Edge Beaters - KHM6118</p><p> -25% 0FF </p><p>$59.95</p><a href="https://www.amazon.com/dp/B09JV6224Q?tag=eloabder-20&linkCode=osi&th=1&psc=1">View Product</a></div><div class="product"><a href="https://www.amazon.com/dp/B0B397TM76?tag=eloabder-20&linkCode=osi&th=1&psc=1"><img src="https://m.media-amazon.com/images/I/41IGzC-belL._SL500_.jpg" alt="Product Image"></a><p>Yomelo 9-Speed Digital Hand Mixer Electric, 400W Powerful DC Motor, Baking Mixer Handheld with Snap-On Storage Case, Touch Button, Turbo Boost, Dough Hooks, Whisk (Ice Blue)</p><p> -20% 0FF </p><p>$39.97</p><a href="https://www.amazon.com/dp/B0B397TM76?tag=eloabder-20&linkCode=osi&th=1&psc=1">View Product</a></div>
<div class="product"><a href="https://www.amazon.com/dp/B07FNW57J7?tag=eloabder-20&linkCode=osi&th=1&psc=1"><img src="https://m.media-amazon.com/images/I/51FDxusQ0iL._SL500_.jpg" alt="Product Image"></a><p>Chefman Electric Kettle with Temperature Control, 5 Presets LED Indicator Lights, Removable Tea Infuser, Glass Tea Kettle & Hot Water Boiler, 360° Swivel Base, BPA Free, Stainless Steel, 1.8 Liters</p><p> -14% 0FF </p><p>$29.99</p><a href="https://www.amazon.com/dp/B07FNW57J7?tag=eloabder-20&linkCode=osi&th=1&psc=1">View Product</a></div><div class="product"><a href="https://www.amazon.com/dp/B0BNMRYJ1Q?tag=eloabder-20&linkCode=osi&th=1&psc=1"><img src="https://m.media-amazon.com/images/I/31K-SXluWdL._SL500_.jpg" alt="Product Image"></a><p>MEISON Electric Kettle, 1.7 L Double Wall Food Grade Stainless Steel Interior Water Boiler, Coffee Pot & Tea Kettle, Auto Shut-Off and Boil-Dry Protection, 1200W, 2 Year Warranty(Black)</p><p> -56% 0FF </p><p>$21.99</p><a href="https://www.amazon.com/dp/B0BNMRYJ1Q?tag=eloabder-20&linkCode=osi&th=1&psc=1">View Product</a></div>
<div class="product"><a href="https://www.amazon.com/dp/B07665GLFH?tag=eloabder-20&linkCode=osi&th=1&psc=1"><img src="https://m.media-amazon.com/images/I/41183-xnqRL._SL500_.jpg" alt="Product Image"></a><p>OVENTE Electric Deep Fryer 2 Liter Capacity, 1500 Watt Lid with Viewing Window and Odor Filter, Adjustable Temperature, Removable Frying Basket and Easy to Clean Stainless Steel Body, Silver FDM2201BR</p><p> -36% 0FF </p><p>$29.99</p><a href="https://www.amazon.com/dp/B07665GLFH?tag=eloabder-20&linkCode=osi&th=1&psc=1">View Product</a></div><div class="product"><a href="https://www.amazon.com/dp/B00NQ7QFGM?tag=eloabder-20&linkCode=osi&th=1&psc=1"><img src="https://m.media-amazon.com/images/I/411tBrsFTDL._SL500_.jpg" alt="Product Image"></a><p>T-fal 3.5L Stainless Steel Deep Fryer with Basket, 1700W, Oil Filtration, Temp Control, Digital Timer, Dishwasher Safe Parts</p><p> -9% 0FF </p><p>$117.99</p><a href="https://www.amazon.com/dp/B00NQ7QFGM?tag=eloabder-20&linkCode=osi&th=1&psc=1">View Product</a></div><div class="product"><a href="https://www.amazon.com/dp/B00N9TPNNI?tag=eloabder-20&linkCode=osi&th=1&psc=1"><img src="https://m.media-amazon.com/images/I/41dpJ-+eDML._SL500_.jpg" alt="Product Image"></a><p>Elite Gourmet EDF-401T Electric 4.5 Qt. / 17 Cup Immersion Deep Fryer 3-Baskets, 1700-Watt, Timer Control Adjustable Temperature, Lid with Viewing Window and Odor Free Filter</p><p> -11% 0FF </p><p>$53.44</p><a href="https://www.amazon.com/dp/B00N9TPNNI?tag=eloabder-20&linkCode=osi&th=1&psc=1">View Product</a></div><div class="product"><a href="https://www.amazon.com/dp/B07KJGR9JZ?tag=eloabder-20&linkCode=osi&th=1&psc=1"><img src="https://m.media-amazon.com/images/I/51Wl+RTXTML._SL500_.jpg" alt="Product Image"></a><p>Chefman 4.5 Liter Deep Fryer w/Basket Strainer, XL Jumbo Size, Adjustable Temperature & Timer, Perfect for Fried Chicken, Shrimp, French Fries, Chips & More, Removable Oil-Container, Stainless Steel</p><p> -14% 0FF </p><p>$59.99</p><a href="https://www.amazon.com/dp/B07KJGR9JZ?tag=eloabder-20&linkCode=osi&th=1&psc=1">View Product</a></div><div class="product"><a href="https://www.amazon.com/dp/B07TRNP5V7?tag=eloabder-20&linkCode=osi&th=1&psc=1"><img src="https://m.media-amazon.com/images/I/416X3E03X9L._SL500_.jpg" alt="Product Image"></a><p>National Presto 10-Quart Kitchen Kettle XL Multi-Cooker, Steamer, Black Deep-Fryer</p><p> -38% 0FF </p><p>$58.78</p><a href="https://www.amazon.com/dp/B07TRNP5V7?tag=eloabder-20&linkCode=osi&th=1&psc=1">View Product</a></div><div class="product"><a href="https://www.amazon.com/dp/B0B6D9739D?tag=eloabder-20&linkCode=osi&th=1&psc=1"><img src="https://m.media-amazon.com/images/I/41Dm+ZShvHL._SL500_.jpg" alt="Product Image"></a><p>Elite Gourmet EDF2100 Electric Immersion Deep Fryer Removable Basket Adjustable Temperature, Lid with Viewing Window and Odor Free Filter, 2 Quart / 8.2 cup</p><p> -8% 0FF </p><p>$34.99</p><a href="https://www.amazon.com/dp/B0B6D9739D?tag=eloabder-20&linkCode=osi&th=1&psc=1">View Product</a></div>
<div class="product"><a href="https://www.amazon.com/dp/B0CYBM2DFK?tag=eloabder-20&linkCode=osi&th=1&psc=1"><img src="https://m.media-amazon.com/images/I/51v84ZcytjL._SL500_.jpg" alt="Product Image"></a><p>Pukomc Electric Indoor Grill,2 in 1 Indoor Grills for Kitchen with Grill Net & Non-Stick Cooking Removable Plate, Temperature Control, Dishwasher Safe, 1500W Smokeless Grill</p><p> -11% 0FF </p><p>$49.99</p><a href="https://www.amazon.com/dp/B0CYBM2DFK?tag=eloabder-20&linkCode=osi&th=1&psc=1">View Product</a></div><div class="product"><a href="https://www.amazon.com/dp/B0778XLPB7?tag=eloabder-20&linkCode=osi&th=1&psc=1"><img src="https://m.media-amazon.com/images/I/41J7WwuJlYL._SL500_.jpg" alt="Product Image"></a><p>Cuisinart GR-5BP1 Electric Griddler FIVE, Enjoy 5-in-1 Functions, LCD Display, Wide Temperature Range and Sear Function, Stainless Steel</p><p> -17% 0FF </p><p>$99.95</p><a href="https://www.amazon.com/dp/B0778XLPB7?tag=eloabder-20&linkCode=osi&th=1&psc=1">View Product</a></div>
<div class="product"><a href="https://www.amazon.com/dp/B07MVN676J?tag=eloabder-20&linkCode=osi&th=1&psc=1"><img src="https://m.media-amazon.com/images/I/414mvfQwPdL._SL500_.jpg" alt="Product Image"></a><p>OVENTE Electric Sandwich Maker with Non-Stick Plates, Indicator Lights, Cool Touch Handle, Easy to Clean and Store, Perfect for Cooking Breakfast, Grilled Cheese, Tuna Melts and Snacks, Black GPS401B</p><p> -36% 0FF </p><p>$15.99</p><a href="https://www.amazon.com/dp/B07MVN676J?tag=eloabder-20&linkCode=osi&th=1&psc=1">View Product</a></div><div class="product"><a href="https://www.amazon.com/dp/B07B4ZFRC5?tag=eloabder-20&linkCode=osi&th=1&psc=1"><img src="https://m.media-amazon.com/images/I/41Mwee5EhWL._SL500_.jpg" alt="Product Image"></a><p>Hamilton Beach Electric Sealed Sandwich Maker Grill with PFAS-Free Nonstick Plates, Makes Stuffed French Toast, Omelets, Compact & Easy to Store, Black (25430G)</p><p> -7% 0FF </p><p>$20.49</p><a href="https://www.amazon.com/dp/B07B4ZFRC5?tag=eloabder-20&linkCode=osi&th=1&psc=1">View Product</a></div><div class="product"><a href="https://www.amazon.com/dp/B08B28SGFH?tag=eloabder-20&linkCode=osi&th=1&psc=1"><img src="https://m.media-amazon.com/images/I/31rHEytHAqL._SL500_.jpg" alt="Product Image"></a><p>Nostalgia MyMini Personal Sandwich Maker, Nonstick Panini Press, Pizza Pockets, Quesadillas, Mint Green</p><p> -17% 0FF </p><p>$14.99</p><a href="https://www.amazon.com/dp/B08B28SGFH?tag=eloabder-20&linkCode=osi&th=1&psc=1">View Product</a></div><div class="product"><a href="https://www.amazon.com/dp/B002YD99Y4?tag=eloabder-20&linkCode=osi&th=1&psc=1"><img src="https://m.media-amazon.com/images/I/41FEfCzAJ9L._SL500_.jpg" alt="Product Image"></a><p>Cuisinart Panini Press, Stainless Steel Griddler, Sandwich Maker & More, 5-IN-1, GR-4NP1</p><p> -20% 0FF </p><p>$79.95</p><a href="https://www.amazon.com/dp/B002YD99Y4?tag=eloabder-20&linkCode=osi&th=1&psc=1">View Product</a></div>
<div class="product"><a href="https://www.amazon.com/dp/B003HL1JZO?tag=eloabder-20&linkCode=osi&th=1&psc=1"><img src="https://m.media-amazon.com/images/I/41NQPUjC3hL._SL500_.jpg" alt="Product Image"></a><p>Hamilton Beach Belgian Mini Waffle Maker with Shade Control, Makes 2 at Once, Create Personalized Keto Chaffles and Hash Browns, Non-Stick Plates, Compact Design, Stainless Steel</p><p> -25% 0FF </p><p>$23.99</p><a href="https://www.amazon.com/dp/B003HL1JZO?tag=eloabder-20&linkCode=osi&th=1&psc=1">View Product</a></div><div class="product"><a href="https://www.amazon.com/dp/B01FYIAQA6?tag=eloabder-20&linkCode=osi&th=1&psc=1"><img src="https://m.media-amazon.com/images/I/51LjHkbLVyL._SL500_.jpg" alt="Product Image"></a><p>KRUPS: Waffle Maker, Stainless Steel, 4 Slices, 1200 Watts Square, 5 Browning Levels, Removable Plates, Dishwasher Safe, Belgian Waffle Silver and Black</p><p> -18% 0FF </p><p>$65.70</p><a href="https://www.amazon.com/dp/B01FYIAQA6?tag=eloabder-20&linkCode=osi&th=1&psc=1">View Product</a></div><div class="product"><a href="https://www.amazon.com/dp/B08ML7J5SG?tag=eloabder-20&linkCode=osi&th=1&psc=1"><img src="https://m.media-amazon.com/images/I/41c0iTegfQL._SL500_.jpg" alt="Product Image"></a><p>DASH No-Drip Waffle Maker - Four Waffle Molds, Nonstick Waffle Iron with Quick Heat-Up, Nonstick Surface - Perfect Waffle Maker for Kids and Families, Just Add Batter</p><p> -13% 0FF </p><p>$34.99</p><a href="https://www.amazon.com/dp/B08ML7J5SG?tag=eloabder-20&linkCode=osi&th=1&psc=1">View Product</a></div>
<div class="product"><a href="https://www.amazon.com/dp/B010TR1SMW?tag=eloabder-20&linkCode=osi&th=1&psc=1"><img src="https://m.media-amazon.com/images/I/51+Sr3R6eUL._SL500_.jpg" alt="Product Image"></a><p>Original Whirley Pop Popcorn Maker- Silver 6 Qt Aluminum Popcorn Maker with Metal Gear, Wabash Family Farms, With Included Good Time Guide</p><p> -44% 0FF </p><p>$19.99</p><a href="https://www.amazon.com/dp/B010TR1SMW?tag=eloabder-20&linkCode=osi&th=1&psc=1">View Product</a></div><div class="product"><a href="https://www.amazon.com/dp/B00KL8SM92?tag=eloabder-20&linkCode=osi&th=1&psc=1"><img src="https://m.media-amazon.com/images/I/41TLvq95xTL._SL500_.jpg" alt="Product Image"></a><p>West Bend Stir Crazy Popcorn Machine Electric Hot Oil Popper Includes Large Lid for Serving Bowl and Convenient Nesting Storage, 6-Quart, Red</p><p> -28% 0FF </p><p>$33.65</p><a href="https://www.amazon.com/dp/B00KL8SM92?tag=eloabder-20&linkCode=osi&th=1&psc=1">View Product</a></div><div class="product"><a href="https://www.amazon.com/dp/B01HRGJE88?tag=eloabder-20&linkCode=osi&th=1&psc=1"><img src="https://m.media-amazon.com/images/I/41hNl5eCgyS._SL500_.jpg" alt="Product Image"></a><p>West Bend Stir Crazy Movie Theater Popcorn Popper with Nonstick Popcorn Kettle, Measuring Tool and Popcorn Scoop for Gourmet Popcorn Machine , 4 Qt., Red</p><p> -25% 0FF </p><p>$60.24</p><a href="https://www.amazon.com/dp/B01HRGJE88?tag=eloabder-20&linkCode=osi&th=1&psc=1">View Product</a></div><div class="product"><a href="https://www.amazon.com/dp/B0C43XTHC6?tag=eloabder-20&linkCode=osi&th=1&psc=1"><img src="https://m.media-amazon.com/images/I/418qLhEayLL._SL500_.jpg" alt="Product Image"></a><p>Presto 04811 PopLite My Munch Hot Air Popcorn Popper - Personal Sized, Built-In Serving Bowl, Compact Design, 8 Cups, Blue</p><p> -13% 0FF </p><p>$34.99</p><a href="https://www.amazon.com/dp/B0C43XTHC6?tag=eloabder-20&linkCode=osi&th=1&psc=1">View Product</a></div>
<div class="product"><a href="https://www.amazon.com/dp/B08QXB9BH5?tag=eloabder-20&linkCode=osi&th=1&psc=1"><img src="https://m.media-amazon.com/images/I/3114JA1oLJL._SL500_.jpg" alt="Product Image"></a><p>Ninja NC301 CREAMi Ice Cream Maker, for Gelato, Mix-ins, Milkshakes, Sorbet, Smoothie Bowls & More, 7 One-Touch Programs, with (2) Pint Containers & Lids, Compact Size, Perfect for Kids, Silver</p><p> -22% 0FF </p><p>$179.99</p><a href="https://www.amazon.com/dp/B08QXB9BH5?tag=eloabder-20&linkCode=osi&th=1&psc=1">View Product</a></div><div class="product"><a href="https://www.amazon.com/dp/B0B9CZ6XBQ?tag=eloabder-20&linkCode=osi&th=1&psc=1"><img src="https://m.media-amazon.com/images/I/41FrbCLAa8L._SL500_.jpg" alt="Product Image"></a><p>Ninja CREAMi Deluxe 11-in-1 Ice Cream & Frozen Treat Maker for Ice Cream, Sorbet, Milkshakes, Frozen Yogurt, & More, 11 Programs, XL Capacity, Silver, Includes (2) Family-Sized 24 oz. Tubs</p><p> -12% 0FF </p><p>$219.95</p><a href="https://www.amazon.com/dp/B0B9CZ6XBQ?tag=eloabder-20&linkCode=osi&th=1&psc=1">View Product</a></div>
<div class="product"><a href="https://www.amazon.com/dp/B07C8V4FDR?tag=eloabder-20&linkCode=osi&th=1&psc=1"><img src="https://m.media-amazon.com/images/I/41-2gch534L._SL500_.jpg" alt="Product Image"></a><p>Cuisinart Bread Maker Machine, Compact and Automatic, Customizable Settings, Up to 2lb Loaves, CBK-110P1, Silver,Black</p><p> -23% 0FF </p><p>$99.95</p><a href="https://www.amazon.com/dp/B07C8V4FDR?tag=eloabder-20&linkCode=osi&th=1&psc=1">View Product</a></div><div class="product"><a href="https://www.amazon.com/dp/B09RYYGJXR?tag=eloabder-20&linkCode=osi&th=1&psc=1"><img src="https://m.media-amazon.com/images/I/31Nti+QxbGL._SL500_.jpg" alt="Product Image"></a><p>Elite Gourmet EBM8103M Programmable Bread Maker Machine 3 Loaf Sizes, 19 Menu Functions Gluten Free White Wheat Rye French and more, 2 Lbs, Mint</p><p> -13% 0FF </p><p>$64.97</p><a href="https://www.amazon.com/dp/B09RYYGJXR?tag=eloabder-20&linkCode=osi&th=1&psc=1">View Product</a></div><div class="product"><a href="https://www.amazon.com/dp/B07BYXHYLY?tag=eloabder-20&linkCode=osi&th=1&psc=1"><img src="https://m.media-amazon.com/images/I/51oB-JofaaL._SL500_.jpg" alt="Product Image"></a><p>KBS Pro Stainless Steel Bread Machine, 2LB 17-in-1 Programmable XL Bread Maker with Fruit Nut Dispenser, Nonstick Ceramic Pan& Digital Touch Panel, 3 Loaf Sizes 3 Crust Colors, Reserve& Keep Warm Set</p><p> -21% 0FF </p><p>$149.96</p><a href="https://www.amazon.com/dp/B07BYXHYLY?tag=eloabder-20&linkCode=osi&th=1&psc=1">View Product</a></div><div class="product"><a href="https://www.amazon.com/dp/B087FB8SCK?tag=eloabder-20&linkCode=osi&th=1&psc=1"><img src="https://m.media-amazon.com/images/I/41HIsBOmQJL._SL500_.jpg" alt="Product Image"></a><p>KITCHENARM 29-in-1 SMART Bread Machine with Gluten Free Setting 2LB 1.5LB 1LB Bread Maker Machine with Homemade Cycle - Stainless Steel Breadmaker with Recipes Whole Wheat Bread Making Machine</p><p> -11% 0FF </p><p>$114.97</p><a href="https://www.amazon.com/dp/B087FB8SCK?tag=eloabder-20&linkCode=osi&th=1&psc=1">View Product</a></div><div class="product"><a href="https://www.amazon.com/dp/B07ZQ711SW?tag=eloabder-20&linkCode=osi&th=1&psc=1"><img src="https://m.media-amazon.com/images/I/41XD-2f77RL._SL500_.jpg" alt="Product Image"></a><p>KBS 17-in-1 Bread Maker-Dual Heaters, 710W Machine Stainless Steel with Gluten-Free, Dough Maker,Jam,Yogurt PROG, Auto Nut Dispenser,Ceramic Pan& Touch Panel, 3 Loaf Sizes 3 Crust Colors,Recipes</p><p> -20% 0FF </p><p>$159.99</p><a href="https://www.amazon.com/dp/B07ZQ711SW?tag=eloabder-20&linkCode=osi&th=1&psc=1">View Product</a></div><div class="product"><a href="https://www.amazon.com/dp/B08SKFPMBG?tag=eloabder-20&linkCode=osi&th=1&psc=1"><img src="https://m.media-amazon.com/images/I/41GbafaeBYL._SL500_.jpg" alt="Product Image"></a><p>Briskind 19-in-1 Compact Bread Maker Machine, 1.5 lb / 1 lb Loaf Small Breadmaker with Carrying Handle, Including Gluten Free, Dough, Jam, Yogurt Menus, Bake Evenly, Automatic Keep Warm, 3 Crust Color</p><p> -25% 0FF </p><p>$89.75</p><a href="https://www.amazon.com/dp/B08SKFPMBG?tag=eloabder-20&linkCode=osi&th=1&psc=1">View Product</a></div><div class="product"><a href="https://www.amazon.com/dp/B07D82LJ4Q?tag=eloabder-20&linkCode=osi&th=1&psc=1"><img src="https://m.media-amazon.com/images/I/41i3kbapguL._SL500_.jpg" alt="Product Image"></a><p>West Bend 47413 Hi-Rise Programmable Bread Maker Machine with Horizontal Dual Blade and 12 Programs, Including Gluten Free Mode, 3 Lb, Gray</p><p> -30% 0FF </p><p>$87.68</p><a href="https://www.amazon.com/dp/B07D82LJ4Q?tag=eloabder-20&linkCode=osi&th=1&psc=1">View Product</a></div>
<div class="product"><a href="https://www.amazon.com/dp/B0BR8HZL9V?tag=eloabder-20&linkCode=osi&th=1&psc=1"><img src="https://m.media-amazon.com/images/I/315cLuabx0L._SL500_.jpg" alt="Product Image"></a><p>Ninja JC151 NeverClog Cold Press Juicer, Powerful Slow Juicer with Total Pulp Control, Countertop, Electric, 2 Pulp Functions, Dishwasher Safe, 2nd Generation, Charcoal</p><p> -23% 0FF </p><p>$99.99</p><a href="https://www.amazon.com/dp/B0BR8HZL9V?tag=eloabder-20&linkCode=osi&th=1&psc=1">View Product</a></div><div class="product"><a href="https://www.amazon.com/dp/B0DJ7QML7K?tag=eloabder-20&linkCode=osi&th=1&psc=1"><img src="https://m.media-amazon.com/images/I/410TN+TUghL._SL500_.jpg" alt="Product Image"></a><p>Cold Press Juicer, 400w Slow Juicer Machines with 5.4" Wide Feed Chute, Masticating Juicer with High Juice Yield for Whole Vegetables & Fruits</p><p> -77% 0FF </p><p>$139.98</p><a href="https://www.amazon.com/dp/B0DJ7QML7K?tag=eloabder-20&linkCode=osi&th=1&psc=1">View Product</a></div><div class="product"><a href="https://www.amazon.com/dp/B0DBH5LC1M?tag=eloabder-20&linkCode=osi&th=1&psc=1"><img src="https://m.media-amazon.com/images/I/41p0ebtD3PL._SL500_.jpg" alt="Product Image"></a><p>Masticating Juicer, 350W Slow Cold Press Juicer with 5.8" Extra-Large Feeding Chute, Juicer Machines for Whole Fruits and Vegetables, Easy to Clean with Brush</p><p> -77% 0FF </p><p>$149.99</p><a href="https://www.amazon.com/dp/B0DBH5LC1M?tag=eloabder-20&linkCode=osi&th=1&psc=1">View Product</a></div><div class="product"><a href="https://www.amazon.com/dp/B0C99W1Z9Q?tag=eloabder-20&linkCode=osi&th=1&psc=1"><img src="https://m.media-amazon.com/images/I/41ds5gec49L._SL500_.jpg" alt="Product Image"></a><p>Magic Bullet Mini Juicer with Cup Black</p><p> -17% 0FF </p><p>$49.99</p><a href="https://www.amazon.com/dp/B0C99W1Z9Q?tag=eloabder-20&linkCode=osi&th=1&psc=1">View Product</a></div><div class="product"><a href="https://www.amazon.com/dp/B0CBS6HVSY?tag=eloabder-20&linkCode=osi&th=1&psc=1"><img src="https://m.media-amazon.com/images/I/41lmBoVvM1L._SL500_.jpg" alt="Product Image"></a><p>Cold Press Juicer, Amumu Slow Masticating Machines with 5.4" Extra Large Feed Chute Fit Whole Fruits & Vegetables Easy Clean Self Feeding Effortless for Batch Juicing, High Juice Yield, BPA Free 250W</p><p> -84% 0FF </p><p>$139.99</p><a href="https://www.amazon.com/dp/B0CBS6HVSY?tag=eloabder-20&linkCode=osi&th=1&psc=1">View Product</a></div><div class="product"><a href="https://www.amazon.com/dp/B0B4F9NSN5?tag=eloabder-20&linkCode=osi&th=1&psc=1"><img src="https://m.media-amazon.com/images/I/41HdCERLiNL._SL500_.jpg" alt="Product Image"></a><p>Elite Gourmet Masticating Juicer Machines, 12-inch Juicer, Masticating Cold Press Juicer Machines, Juicer for Vegetables and Fruits, Easy to Clean Juicer, Charcoal Grey</p><p> -31% 0FF </p><p>$34.49</p><a href="https://www.amazon.com/dp/B0B4F9NSN5?tag=eloabder-20&linkCode=osi&th=1&psc=1">View Product</a></div><div class="product"><a href="https://www.amazon.com/dp/B0DCG5Y8QN?tag=eloabder-20&linkCode=osi&th=1&psc=1"><img src="https://m.media-amazon.com/images/I/41+givs3UpL._SL500_.jpg" alt="Product Image"></a><p>AMZCHEF Cold Press Juicer, Juicer Machines - 5.2" Large Feed Chute for Whole Fruits & Vegetables, Stainless Steel Slow Masticating Juicer Easy to Clean, Large Auger, Double Strainers, Silver</p><p> -30% 0FF </p><p>$139.99</p><a href="https://www.amazon.com/dp/B0DCG5Y8QN?tag=eloabder-20&linkCode=osi&th=1&psc=1">View Product</a></div><div class="product"><a href="https://www.amazon.com/dp/B0DKHPRPC3?tag=eloabder-20&linkCode=osi&th=1&psc=1"><img src="https://m.media-amazon.com/images/I/41lpEOGVh0L._SL500_.jpg" alt="Product Image"></a><p>Cold Press Juicer, Masticating Juicer with 5.4" Wide Feed Chute, 350w Slow Juicer Machines Fit Whole Vegetables and Fruits,Juice Extractor Machine with High Juice Yield, Easy to Clean(Black)</p><p> -30% 0FF </p><p>$139.99</p><a href="https://www.amazon.com/dp/B0DKHPRPC3?tag=eloabder-20&linkCode=osi&th=1&psc=1">View Product</a></div>
<div class="product"><a href="https://www.amazon.com/dp/B006SODTTQ?tag=eloabder-20&linkCode=osi&th=1&psc=1"><img src="https://m.media-amazon.com/images/I/31namjfhGVL._SL500_.jpg" alt="Product Image"></a><p>nutribullet Baby BSR-0801N Turbo Food Steamer</p><p> -19% 0FF </p><p>$32.54</p><a href="https://www.amazon.com/dp/B006SODTTQ?tag=eloabder-20&linkCode=osi&th=1&psc=1">View Product</a></div><div class="product"><a href="https://www.amazon.com/dp/B0831SCHG8?tag=eloabder-20&linkCode=osi&th=1&psc=1"><img src="https://m.media-amazon.com/images/I/413VC6sZL1L._SL500_.jpg" alt="Product Image"></a><p>OVENTE 2 Tier Electric Food Steamer for Cooking Vegetables, Stainless Steel Base, Stackable and Dishwasher Safe Baskets, 400W with Auto Shutoff and 60-Minute Timer, 5 Quart Capacity, Silver FS62S</p><p> -24% 0FF </p><p>$24.99</p><a href="https://www.amazon.com/dp/B0831SCHG8?tag=eloabder-20&linkCode=osi&th=1&psc=1">View Product</a></div><div class="product"><a href="https://www.amazon.com/dp/B07H789X8M?tag=eloabder-20&linkCode=osi&th=1&psc=1"><img src="https://m.media-amazon.com/images/I/41HqkL3gJcL._SL500_.jpg" alt="Product Image"></a><p>Secura 2 Stainless Steel Food Steamer 8.5 Qt Electric Glass Lid Vegetable Steamer Double Tiered Stackable Baskets with Timer</p><p> -20% 0FF </p><p>$109.99</p><a href="https://www.amazon.com/dp/B07H789X8M?tag=eloabder-20&linkCode=osi&th=1&psc=1">View Product</a></div>
<div class="product"><a href="https://www.amazon.com/dp/B07L85NN3T?tag=eloabder-20&linkCode=osi&th=1&psc=1"><img src="https://m.media-amazon.com/images/I/31iMBZdBNVL._SL500_.jpg" alt="Product Image"></a><p>IMUSA USA GAU-18202 4 Cup Espresso/Cappuccino Maker,120 volts, Black</p><p> -25% 0FF </p><p>$29.99</p><a href="https://www.amazon.com/dp/B07L85NN3T?tag=eloabder-20&linkCode=osi&th=1&psc=1">View Product</a></div><div class="product"><a href="https://www.amazon.com/dp/B0D5QY4PY9?tag=eloabder-20&linkCode=osi&th=1&psc=1"><img src="https://m.media-amazon.com/images/I/41nFnfr1ZEL._SL500_.jpg" alt="Product Image"></a><p>CHULUX Kom-Pro Espresso Machine 20 Bar, Semi Automatic Stainless Steel Coffee Machine for Home Latte Cappuccino Espresso Maker, Powerful Milk Frother Steam Wand</p><p> -21% 0FF </p><p>$98.99</p><a href="https://www.amazon.com/dp/B0D5QY4PY9?tag=eloabder-20&linkCode=osi&th=1&psc=1">View Product</a></div><div class="product"><a href="https://www.amazon.com/dp/B0C3F2S53N?tag=eloabder-20&linkCode=osi&th=1&psc=1"><img src="https://m.media-amazon.com/images/I/415fcoCOhfL._SL500_.jpg" alt="Product Image"></a><p>Nespresso Vertuo Pop+ Deluxe Coffee and Espresso Machine by De'Longhi, 120 Volts, Silver</p><p> -27% 0FF </p><p>$109.00</p><a href="https://www.amazon.com/dp/B0C3F2S53N?tag=eloabder-20&linkCode=osi&th=1&psc=1">View Product</a></div><div class="product"><a href="https://www.amazon.com/dp/B0CPJ2XTXF?tag=eloabder-20&linkCode=osi&th=1&psc=1"><img src="https://m.media-amazon.com/images/I/41jHRzdDKAL._SL500_.jpg" alt="Product Image"></a><p>CHULUX Kompatto Espresso Machine 20 Bar with Milk Frother, Stainless Steel Automatic Espresso Coffee Machine for Home Latte & Cappuccino Maker, 40oz Removable Water Tank, 1350W</p><p> -25% 0FF </p><p>$89.99</p><a href="https://www.amazon.com/dp/B0CPJ2XTXF?tag=eloabder-20&linkCode=osi&th=1&psc=1">View Product</a></div><div class="product"><a href="https://www.amazon.com/dp/B0CZ6HQKZD?tag=eloabder-20&linkCode=osi&th=1&psc=1"><img src="https://m.media-amazon.com/images/I/51RRtyCyZlL._SL500_.jpg" alt="Product Image"></a><p>Ihomekee Espresso machine, CM6822 15 Bar Coffee Maker for Cappuccino and Latte Maker With Milk Frother, Removable Water Tank, Fast Heating Coffee Machine for Home, Office</p><p> -11% 0FF </p><p>$79.99</p><a href="https://www.amazon.com/dp/B0CZ6HQKZD?tag=eloabder-20&linkCode=osi&th=1&psc=1">View Product</a></div>
<div class="product"><a href="https://www.amazon.com/dp/B00C8C5I8M?tag=eloabder-20&linkCode=osi&th=1&psc=1"><img src="https://m.media-amazon.com/images/I/21w0+TOUozL._SL500_.jpg" alt="Product Image"></a><p>Elite Gourmet EDB-302BF Countertop Double Cast Iron Burner, 1500 Watts Electric Hot Plate, Temperature Controls, Power Indicator Lights, Easy to Clean, Black</p><p> -24% 0FF </p><p>$27.99</p><a href="https://www.amazon.com/dp/B00C8C5I8M?tag=eloabder-20&linkCode=osi&th=1&psc=1">View Product</a></div><div class="product"><a href="https://www.amazon.com/dp/B08V43S4MJ?tag=eloabder-20&linkCode=osi&th=1&psc=1"><img src="https://m.media-amazon.com/images/I/31fI1bV+ApL._SL500_.jpg" alt="Product Image"></a><p>OVENTE Countertop Infrared Single Burner, 1000W Electric Hot Plate with 7” Ceramic Glass Cooktop, 5 Level Temperature Setting & Easy to Clean Base, Compact Stove for Home Dorm Office, Black BGI101B</p><p> -29% 0FF </p><p>$24.99</p><a href="https://www.amazon.com/dp/B08V43S4MJ?tag=eloabder-20&linkCode=osi&th=1&psc=1">View Product</a></div><div class="product"><a href="https://www.amazon.com/dp/B07D71TD67?tag=eloabder-20&linkCode=osi&th=1&psc=1"><img src="https://m.media-amazon.com/images/I/317DTFZe0AL._SL500_.jpg" alt="Product Image"></a><p>CUSIMAX Electric Hot Plate for Cooking Portable Single Burner 1500W Cast Iron hot plates Heat-up in Seconds Adjustable Temperature Control Stainless Steel Non-Slip Rubber Feet Upgraded Version B101</p><p> -30% 0FF </p><p>$41.96</p><a href="https://www.amazon.com/dp/B07D71TD67?tag=eloabder-20&linkCode=osi&th=1&psc=1">View Product</a></div><div class="product"><a href="https://www.amazon.com/dp/B08QMP7VD3?tag=eloabder-20&linkCode=osi&th=1&psc=1"><img src="https://m.media-amazon.com/images/I/41OrKZIVmpL._SL500_.jpg" alt="Product Image"></a><p>Mueller RapidTherm Portable Induction Cooktop, Hot Plate Electric Stove Top Burner 1800W, 8 Temp Levels up to 460°F, Auto-Off & Pot Detection, LED Display, Child Lock, 4 Programs, Burners for Cooking</p><p> -10% 0FF </p><p>$53.97</p><a href="https://www.amazon.com/dp/B08QMP7VD3?tag=eloabder-20&linkCode=osi&th=1&psc=1">View Product</a></div><div class="product"><a href="https://www.amazon.com/dp/B0007QCRNU?tag=eloabder-20&linkCode=osi&th=1&psc=1"><img src="https://m.media-amazon.com/images/I/31-Ehn2oohL._SL500_.jpg" alt="Product Image"></a><p>Aroma Housewares AHP-303 Single Burner Hot Plate, Metal, Black</p><p> -9% 0FF </p><p>$18.21</p><a href="https://www.amazon.com/dp/B0007QCRNU?tag=eloabder-20&linkCode=osi&th=1&psc=1">View Product</a></div><div class="product"><a href="https://www.amazon.com/dp/B08WR5VF24?tag=eloabder-20&linkCode=osi&th=1&psc=1"><img src="https://m.media-amazon.com/images/I/41z751CI4eL._SL500_.jpg" alt="Product Image"></a><p>OVENTE Electric Countertop Single Burner, 1000W Cooktop with 7.25 Inch Cast Iron Hot Plate, 5 Level Temperature Control, Compact Cooking Stove and Easy to Clean Stainless Steel Base, Silver BGS101S</p><p> -7% 0FF </p><p>$24.99</p><a href="https://www.amazon.com/dp/B08WR5VF24?tag=eloabder-20&linkCode=osi&th=1&psc=1">View Product</a></div>
<div class="product"><a href="https://www.amazon.com/dp/B01GD1JSZM?tag=eloabder-20&linkCode=osi&th=1&psc=1"><img src="https://m.media-amazon.com/images/I/31SlYF1eXnL._SL500_.jpg" alt="Product Image"></a><p>Presto 16-Inch Electric Skillet, Grey Ceramic</p><p> -26% 0FF </p><p>$48.90</p><a href="https://www.amazon.com/dp/B01GD1JSZM?tag=eloabder-20&linkCode=osi&th=1&psc=1">View Product</a></div><div class="product"><a href="https://www.amazon.com/dp/B00FJ3NSCK?tag=eloabder-20&linkCode=osi&th=1&psc=1"><img src="https://m.media-amazon.com/images/I/31+AWuZl9ML._SL500_.jpg" alt="Product Image"></a><p>BELLA Electric Skillet and Frying Pan with Glass Lid, Nonstick Coating, Cool Touch Handles, Removable Heating Probe, Dishwasher Safe, 12 x 12 inch, Black</p><p> -23% 0FF </p><p>$26.99</p><a href="https://www.amazon.com/dp/B00FJ3NSCK?tag=eloabder-20&linkCode=osi&th=1&psc=1">View Product</a></div><div class="product"><a href="https://www.amazon.com/dp/B004PEIY9G?tag=eloabder-20&linkCode=osi&th=1&psc=1"><img src="https://m.media-amazon.com/images/I/31oFk81gjbL._SL500_.jpg" alt="Product Image"></a><p>BLACK+DECKER Electric Skillet, Variable Temperature Control, Nonstick Cooking Surface, Dishwasher Safe, Tempered Glass Lid, 12"x15"</p><p> -7% 0FF </p><p>$46.39</p><a href="https://www.amazon.com/dp/B004PEIY9G?tag=eloabder-20&linkCode=osi&th=1&psc=1">View Product</a></div>
<div class="product"><a href="https://www.amazon.com/dp/B07K1FCZLF?tag=eloabder-20&linkCode=osi&th=1&psc=1"><img src="https://m.media-amazon.com/images/I/41A489usqJL._SL500_.jpg" alt="Product Image"></a><p>OVENTE Electric Griddle with 16 x 10 Inch Flat Non-Stick Cooking Surface, Adjustable Thermostat, Essential Indoor Grill for Instant Breakfast Pancakes Burgers Eggs, Black GD1610B</p><p> -6% 0FF </p><p>$21.02</p><a href="https://www.amazon.com/dp/B07K1FCZLF?tag=eloabder-20&linkCode=osi&th=1&psc=1">View Product</a></div><div class="product"><a href="https://www.amazon.com/dp/B01G7DM7X6?tag=eloabder-20&linkCode=osi&th=1&psc=1"><img src="https://m.media-amazon.com/images/I/31MeKzHffDL._SL500_.jpg" alt="Product Image"></a><p>Presto 07062-22-Inch Ceramic Removable Handles Electric Griddle, 22 Inch, Black</p><p> -13% 0FF </p><p>$51.99</p><a href="https://www.amazon.com/dp/B01G7DM7X6?tag=eloabder-20&linkCode=osi&th=1&psc=1">View Product</a></div><div class="product"><a href="https://www.amazon.com/dp/B0765XJ31G?tag=eloabder-20&linkCode=osi&th=1&psc=1"><img src="https://m.media-amazon.com/images/I/31QCHjFop2L._SL500_.jpg" alt="Product Image"></a><p>BLACK+DECKER 8-Serving Electric Griddle, GD2051B, Non-Stick Cooking Surface, Warming Tray, Removable Drip Tray, Family Sized</p><p> -26% 0FF </p><p>$40.72 ($40.72 / Count)</p><a href="https://www.amazon.com/dp/B0765XJ31G?tag=eloabder-20&linkCode=osi&th=1&psc=1">View Product</a></div><div class="product"><a href="https://www.amazon.com/dp/B0BH9DK283?tag=eloabder-20&linkCode=osi&th=1&psc=1"><img src="https://m.media-amazon.com/images/I/41PvXG2lP0L._SL500_.jpg" alt="Product Image"></a><p>BELLA Electric Griddle & Flat Grill with Nonstick Large Cooking Surface and Removable Probe for Eggs, Tortillas, Pancake and more, 10.5" x 20", Black</p><p> -34% 0FF </p><p>$19.78</p><a href="https://www.amazon.com/dp/B0BH9DK283?tag=eloabder-20&linkCode=osi&th=1&psc=1">View Product</a></div><div class="product"><a href="https://www.amazon.com/dp/B0051XSIO6?tag=eloabder-20&linkCode=osi&th=1&psc=1"><img src="https://m.media-amazon.com/images/I/41xVHW6OqdL._SL500_.jpg" alt="Product Image"></a><p>Presto 07047 Cool Touch Electric Griddle</p><p> -18% 0FF </p><p>$36.73</p><a href="https://www.amazon.com/dp/B0051XSIO6?tag=eloabder-20&linkCode=osi&th=1&psc=1">View Product</a></div>
<div class="product"><a href="https://www.amazon.com/dp/B01FLR0ET8?tag=eloabder-20&linkCode=osi&th=1&psc=1"><img src="https://m.media-amazon.com/images/I/41Vqjrj43GL._SL500_.jpg" alt="Product Image"></a><p>Duxtop Portable Induction Cooktop Burner, Induction Hot Plate with LCD Sensor Touch 1800 Watts, Silver 9600LS/BT-200DZ</p><p> -28% 0FF </p><p>$109.29</p><a href="https://www.amazon.com/dp/B01FLR0ET8?tag=eloabder-20&linkCode=osi&th=1&psc=1">View Product</a></div><div class="product"><a href="https://www.amazon.com/dp/B0C7HL4GHP?tag=eloabder-20&linkCode=osi&th=1&psc=1"><img src="https://m.media-amazon.com/images/I/41-D+rnAOVL._SL500_.jpg" alt="Product Image"></a><p>Nuwave Precision Induction Cooktop Gold, 12” Shatter-Proof Ceramic Glass Surface, Large 8” Heating Coil, Portable, 51Temp Settings 100°F to 575°F, 3 Wattage Settings 600, 900, and 1500 Watts</p><p> -10% 0FF </p><p>$89.99</p><a href="https://www.amazon.com/dp/B0C7HL4GHP?tag=eloabder-20&linkCode=osi&th=1&psc=1">View Product</a></div><div class="product"><a href="https://www.amazon.com/dp/B0045QEPYM?tag=eloabder-20&linkCode=osi&th=1&psc=1"><img src="https://m.media-amazon.com/images/I/41cdyP4hsFL._SL500_.jpg" alt="Product Image"></a><p>Duxtop 1800W Portable Induction Cooktop Countertop Burner, Gold 8100MC/BT-180G3</p><p> -15% 0FF </p><p>$62.99</p><a href="https://www.amazon.com/dp/B0045QEPYM?tag=eloabder-20&linkCode=osi&th=1&psc=1">View Product</a></div><div class="product"><a href="https://www.amazon.com/dp/B0BSG6JTC1?tag=eloabder-20&linkCode=osi&th=1&psc=1"><img src="https://m.media-amazon.com/images/I/41DhHtBXtUL._SL500_.jpg" alt="Product Image"></a><p>Nuwave Double Induction Cooktop, Powerful 1800W, 2 Large 8” Heating Coils, Independent Controls, 94 Temp Settings from 100°F to 575°F in 5°F Increments, 2 x 11.5” Shatter-Proof Ceramic Glass Surface</p><p> -13% 0FF </p><p>$200.31</p><a href="https://www.amazon.com/dp/B0BSG6JTC1?tag=eloabder-20&linkCode=osi&th=1&psc=1">View Product</a></div><div class="product"><a href="https://www.amazon.com/dp/B0B4J6PXPN?tag=eloabder-20&linkCode=osi&th=1&psc=1"><img src="https://m.media-amazon.com/images/I/41kump2F4aL._SL500_.jpg" alt="Product Image"></a><p>ChangBERT Induction Cooktop, Commercial Grade Portable Cooker, Large 8” Heating Coil, 18/10 Stainless Steel Countertop Burner with NSF Certified, 10 Hours Timer, Powerful 1800W Professional Hot Plate</p><p> -23% 0FF </p><p>$119.99</p><a href="https://www.amazon.com/dp/B0B4J6PXPN?tag=eloabder-20&linkCode=osi&th=1&psc=1">View Product</a></div>
<div class="product"><a href="https://www.amazon.com/dp/B09Q88QQHL?tag=eloabder-20&linkCode=osi&th=1&psc=1"><img src="https://m.media-amazon.com/images/I/41cDQKq5xXL._SL500_.jpg" alt="Product Image"></a><p>Gevi One-Touch Button Electric Coffee Grinder Coffee Bean Grinder for Coffee Espresso Latte Mochas, Noiseless Operation Coffee Serving Sets</p><p> -22% 0FF </p><p>$12.99 ($12.99 / 1)</p><a href="https://www.amazon.com/dp/B09Q88QQHL?tag=eloabder-20&linkCode=osi&th=1&psc=1">View Product</a></div><div class="product"><a href="https://www.amazon.com/dp/B079PMWD1B?tag=eloabder-20&linkCode=osi&th=1&psc=1"><img src="https://m.media-amazon.com/images/I/41bLrL-p8jL._SL500_.jpg" alt="Product Image"></a><p>Secura Electric Coffee Grinder and Spice Grinder with 2 Stainless Steel Blades Removable Bowls</p><p> -27% 0FF </p><p>$39.99</p><a href="https://www.amazon.com/dp/B079PMWD1B?tag=eloabder-20&linkCode=osi&th=1&psc=1">View Product</a></div><div class="product"><a href="https://www.amazon.com/dp/B07LG33LV3?tag=eloabder-20&linkCode=osi&th=1&psc=1"><img src="https://m.media-amazon.com/images/I/415qB6lyWgL._SL500_.jpg" alt="Product Image"></a><p>SHARDOR Coffee Grinder Electric, Spice Grinder Electric, Herb Grinder, Grinder for Coffee Bean Spices and Seeds with 2 Removable Stainless Steel Bowls, Black</p><p> -15% 0FF </p><p>$39.99</p><a href="https://www.amazon.com/dp/B07LG33LV3?tag=eloabder-20&linkCode=osi&th=1&psc=1">View Product</a></div><div class="product"><a href="https://www.amazon.com/dp/B00LU2I46E?tag=eloabder-20&linkCode=osi&th=1&psc=1"><img src="https://m.media-amazon.com/images/I/51eoYTzS22L._SL500_.jpg" alt="Product Image"></a><p>BLACK+DECKER 12-Cup Mill and Brew Coffe Maker, CM5000B, 24-Hour Programble, Built-in Grinder, Sneak-A-Cup, Permanent Washable Fitler</p><p> -20% 0FF </p><p>$79.99</p><a href="https://www.amazon.com/dp/B00LU2I46E?tag=eloabder-20&linkCode=osi&th=1&psc=1">View Product</a></div>
<div class="product"><a href="https://www.amazon.com/dp/B07GK7XKJK?tag=eloabder-20&linkCode=osi&th=1&psc=1"><img src="https://m.media-amazon.com/images/I/41MydiUACIL._SL500_.jpg" alt="Product Image"></a><p>KitchenAid KSMMGA Metal Food Grinder Attachment, Silver</p><p> -25% 0FF </p><p>$74.95</p><a href="https://www.amazon.com/dp/B07GK7XKJK?tag=eloabder-20&linkCode=osi&th=1&psc=1">View Product</a></div><div class="product"><a href="https://www.amazon.com/dp/B0CFXXGRLX?tag=eloabder-20&linkCode=osi&th=1&psc=1"><img src="https://m.media-amazon.com/images/I/41C1H8gjr9L._SL500_.jpg" alt="Product Image"></a><p>Electric Meat Grinder, Sausage Stuffer Maker 450W(3000W Max) Food Grinder with Blade & 3 Plates, Sausage Stuffer Tubes & Kubbe Kit, Stainless Steel Heavy Duty Meat Mincer Machine for Home Kitchen Use</p><p> -14% 0FF </p><p>$69.99</p><a href="https://www.amazon.com/dp/B0CFXXGRLX?tag=eloabder-20&linkCode=osi&th=1&psc=1">View Product</a></div><div class="product"><a href="https://www.amazon.com/dp/B0DCVND85W?tag=eloabder-20&linkCode=osi&th=1&psc=1"><img src="https://m.media-amazon.com/images/I/41P1HRElb0L._SL500_.jpg" alt="Product Image"></a><p>AAOBOSI Meat Grinder, 4-In-1 Meat Grinder Electric [2800W Max] with 3 Slice, Shred Blades,2 Blades,4 Plates,Sausage Stuffer,Kubbe Kit, for Home Kitchen Use, Stainless Steel</p><p> -9% 0FF </p><p>$99.99</p><a href="https://www.amazon.com/dp/B0DCVND85W?tag=eloabder-20&linkCode=osi&th=1&psc=1">View Product</a></div><div class="product"><a href="https://www.amazon.com/dp/B08GHFBX7P?tag=eloabder-20&linkCode=osi&th=1&psc=1"><img src="https://m.media-amazon.com/images/I/41go97GVl0L._SL500_.jpg" alt="Product Image"></a><p>Electric Meat Grinder, Heavy Duty Meat Mincer, Sausage Stuffer Maker, Food Grinder with Sausage & Kubbe Kit, 2 Grinder Plates, Stainless Steel (Black)</p><p> -22% 0FF </p><p>$69.99</p><a href="https://www.amazon.com/dp/B08GHFBX7P?tag=eloabder-20&linkCode=osi&th=1&psc=1">View Product</a></div>
<div class="product"><a href="https://www.amazon.com/dp/B0BXXKFJK2?tag=eloabder-20&linkCode=osi&th=1&psc=1"><img src="https://m.media-amazon.com/images/I/41WmZf5IgvL._SL500_.jpg" alt="Product Image"></a><p>Silonn Ice Maker Countertop, Portable Ice Machine with Carry Handle, Self-Cleaning Ice Makers with Basket and Scoop, 9 Cubes in 6 Mins, 26 lbs per Day, Ideal for Home, Kitchen, Camping, RV</p><p> -6% 0FF </p><p>$103.02</p><a href="https://www.amazon.com/dp/B0BXXKFJK2?tag=eloabder-20&linkCode=osi&th=1&psc=1">View Product</a></div><div class="product"><a href="https://www.amazon.com/dp/B0DBHN7WSN?tag=eloabder-20&linkCode=osi&th=1&psc=1"><img src="https://m.media-amazon.com/images/I/411SrTdFoYL._SL500_.jpg" alt="Product Image"></a><p>Nugget Ice Makers Countertop with Soft Chewable Pellet Ice, 7 Mins Ice Making, 35.5Lbs/24Hrs, Pebble Ice Maker Machine with Self-Cleaning/Ice Basket/Ice Scoop for Home/Office/Bar, Black</p><p> -12% 0FF </p><p>$149.00</p><a href="https://www.amazon.com/dp/B0DBHN7WSN?tag=eloabder-20&linkCode=osi&th=1&psc=1">View Product</a></div><div class="product"><a href="https://www.amazon.com/dp/B08ZYJ8CRX?tag=eloabder-20&linkCode=osi&th=1&psc=1"><img src="https://m.media-amazon.com/images/I/41oHlJFaHrL._SL500_.jpg" alt="Product Image"></a><p>Silonn Ice Maker Countertop, 9 Cubes Ready in 6 Mins, 26lbs in 24Hrs, Self-Cleaning Ice Machine with Ice Scoop and Basket, 2 Sizes of Bullet Ice for Home Kitchen Office Bar Party</p><p> -23% 0FF </p><p>$84.98</p><a href="https://www.amazon.com/dp/B08ZYJ8CRX?tag=eloabder-20&linkCode=osi&th=1&psc=1">View Product</a></div><div class="product"><a href="https://www.amazon.com/dp/B0964BF4N7?tag=eloabder-20&linkCode=osi&th=1&psc=1"><img src="https://m.media-amazon.com/images/I/41P6Pg4IlDL._SL500_.jpg" alt="Product Image"></a><p>GE Profile Opal 2.0 with 0.75 Gallon Tank, Chewable Crunchable Countertop Nugget Ice Maker, Scoop included, 38 lbs in 24 hours, Pellet Ice Machine with WiFi & Smart Connected, Stainless Steel</p><p> -19% 0FF </p><p>$487.00</p><a href="https://www.amazon.com/dp/B0964BF4N7?tag=eloabder-20&linkCode=osi&th=1&psc=1">View Product</a></div><div class="product"><a href="https://www.amazon.com/dp/B004VV8GOQ?tag=eloabder-20&linkCode=osi&th=1&psc=1"><img src="https://m.media-amazon.com/images/I/417MZhHcvfL._SL500_.jpg" alt="Product Image"></a><p>Frigidaire EFIC103-AMZ-SC Counter Top Maker with Over-Sized Ice Bucket, Stainless Steel, Self Cleaning Function, Heavy Duty, Stainless</p><p> -31% 0FF </p><p>$89.96</p><a href="https://www.amazon.com/dp/B004VV8GOQ?tag=eloabder-20&linkCode=osi&th=1&psc=1">View Product</a></div><div class="product"><a href="https://www.amazon.com/dp/B0CNVL19YJ?tag=eloabder-20&linkCode=osi&th=1&psc=1"><img src="https://m.media-amazon.com/images/I/415SM2A141L._SL500_.jpg" alt="Product Image"></a><p>AGLUCKY Ice Makers Countertop with Handle,26.5Lbs/24H,9 Cubes in 6 Mins,2 Sizes of Bullet Ice,Portable Ice Maker Machine with Self-Cleaning,Perfect for Home Kitchen(Black)</p><p> -11% 0FF </p><p>$79.99</p><a href="https://www.amazon.com/dp/B0CNVL19YJ?tag=eloabder-20&linkCode=osi&th=1&psc=1">View Product</a></div><div class="product"><a href="https://www.amazon.com/dp/B0BPSW1K11?tag=eloabder-20&linkCode=osi&th=1&psc=1"><img src="https://m.media-amazon.com/images/I/41+T7GsSO2L._SL500_.jpg" alt="Product Image"></a><p>Countertop Ice Maker, Ice Maker Machine 6 Mins 9 Ice, 26.5lbs/24Hrs, Portable Ice Maker Machine with Self-Cleaning, Ice Scoop, and Basket, Compact Ice Maker for Home/Kitchen/Office/Party</p><p> -10% 0FF </p><p>$89.99</p><a href="https://www.amazon.com/dp/B0BPSW1K11?tag=eloabder-20&linkCode=osi&th=1&psc=1">View Product</a></div>
<div class="product"><a href="https://www.amazon.com/dp/B08K93NJP8?tag=eloabder-20&linkCode=osi&th=1&psc=1"><img src="https://m.media-amazon.com/images/I/41RhvK8Yd4L._SL500_.jpg" alt="Product Image"></a><p>ROVSUN 18 Bottle Wine Fridge, Freestanding Compressor Wine Cooler Refrigerator, Beverage Wine Chiller with Digital Temperature Control & Double-layer Glass Door for Red White Wine, Champagne, Beer</p><p> -11% 0FF </p><p>$169.99</p><a href="https://www.amazon.com/dp/B08K93NJP8?tag=eloabder-20&linkCode=osi&th=1&psc=1">View Product</a></div><div class="product"><a href="https://www.amazon.com/dp/B00QSJRSM0?tag=eloabder-20&linkCode=osi&th=1&psc=1"><img src="https://m.media-amazon.com/images/I/31Ugidkf02L._SL500_.jpg" alt="Product Image"></a><p>Koolatron 6 Bottle Refrigerator Black Thermoelectric Wine cooler Freestanding Wine Cellar Red White and Sparkling Wine fridge Ideal for Small Kitchens Apartments RVs</p><p> -35% 0FF </p><p>$129.99</p><a href="https://www.amazon.com/dp/B00QSJRSM0?tag=eloabder-20&linkCode=osi&th=1&psc=1">View Product</a></div><div class="product"><a href="https://www.amazon.com/dp/B00QSJRR4Y?tag=eloabder-20&linkCode=osi&th=1&psc=1"><img src="https://m.media-amazon.com/images/I/41UPTwoGc7L._SL500_.jpg" alt="Product Image"></a><p>Koolatron 20 Bottle Refrigerator Wine Cooler Black Thermoelectric Wine Fridge Under Counter Wine Cellar for Red White Sparkling Wine Storage in Home Bar Apartment</p><p> -33% 0FF </p><p>$199.99</p><a href="https://www.amazon.com/dp/B00QSJRR4Y?tag=eloabder-20&linkCode=osi&th=1&psc=1">View Product</a></div><div class="product"><a href="https://www.amazon.com/dp/B0CQYFQKFX?tag=eloabder-20&linkCode=osi&th=1&psc=1"><img src="https://m.media-amazon.com/images/I/41ckgpC+TLL._SL500_.jpg" alt="Product Image"></a><p>Kalamera Mini Fridge 24” Beverage and Wine Cooler Built-in or Freestanding - 118 Cans & 16 Bottles Capacity Wine Refrigerator Cooler</p><p> -20% 0FF </p><p>$479.98</p><a href="https://www.amazon.com/dp/B0CQYFQKFX?tag=eloabder-20&linkCode=osi&th=1&psc=1">View Product</a></div>
<div class="product"><a href="https://www.amazon.com/dp/B0CHW317SG?tag=eloabder-20&linkCode=osi&th=1&psc=1"><img src="https://m.media-amazon.com/images/I/41KZKC5wMwL._SL500_.jpg" alt="Product Image"></a><p>EUHOMY 48 Can Beverage Refrigerator cooler-Mini Fridge Glass Door for Beer Drinks Wines, Countertop Beverage Fridge with Adjustable Shelves Blue LED for Home/Office/Dorm/Bar, 1.3 cu.ft</p><p> -20% 0FF </p><p>$116.09</p><a href="https://www.amazon.com/dp/B0CHW317SG?tag=eloabder-20&linkCode=osi&th=1&psc=1">View Product</a></div><div class="product"><a href="https://www.amazon.com/dp/B0DGLF3KJY?tag=eloabder-20&linkCode=osi&th=1&psc=1"><img src="https://m.media-amazon.com/images/I/51GSGBxBzSL._SL500_.jpg" alt="Product Image"></a><p>Zibbizo Upgraded Mini Fridge for Bedroom 3.2 Cu.Ft Small Refrigerator with Freezer for Dorm Office, Compact Single Door Adjustable Thermostat Low Noise, 17.5" D x 17.7" W x 31.5" H, Black</p><p> -10% 0FF </p><p>$134.99</p><a href="https://www.amazon.com/dp/B0DGLF3KJY?tag=eloabder-20&linkCode=osi&th=1&psc=1">View Product</a></div><div class="product"><a href="https://www.amazon.com/dp/B08NQ5CPPG?tag=eloabder-20&linkCode=osi&th=1&psc=1"><img src="https://m.media-amazon.com/images/I/31t78TW8XCL._SL500_.jpg" alt="Product Image"></a><p>Frigidaire EFMIS175 Retro 9-Can Mini Personal Fridge Portable Cooler for Car, Office, Bedroom, Dorm Room, or Cabin, 11.8"D x 7.1"W x 10.1"H, Pink</p><p> -17% 0FF </p><p>$33.13</p><a href="https://www.amazon.com/dp/B08NQ5CPPG?tag=eloabder-20&linkCode=osi&th=1&psc=1">View Product</a></div><div class="product"><a href="https://www.amazon.com/dp/B09DTM1NZW?tag=eloabder-20&linkCode=osi&th=1&psc=1"><img src="https://m.media-amazon.com/images/I/311losY-FFL._SL500_.jpg" alt="Product Image"></a><p>FRIGIDAIRE Black EFR176- AMZ Retro Mini Refrigerator-Energy Saving-Adjustable Thermostat Control-Side Mounted Bottle Opener-Ideal for Dorm, Office, RV, Garage, Apartment 1.6 Cubic Feet</p><p> -12% 0FF </p><p>$123.14</p><a href="https://www.amazon.com/dp/B09DTM1NZW?tag=eloabder-20&linkCode=osi&th=1&psc=1">View Product</a></div>
<div class="product"><a href="https://www.amazon.com/dp/B000EW7LGA?tag=eloabder-20&linkCode=osi&th=1&psc=1"><img src="https://m.media-amazon.com/images/I/31RD0Qf0CyL._SL500_.jpg" alt="Product Image"></a><p>InSinkErator Badger 5XP Garbage Disposal, Standard Series 3/4 HP Continuous Feed Food Waste Disposer, Black / Stainless</p><p> -56% 0FF </p><p>$119.99</p><a href="https://www.amazon.com/dp/B000EW7LGA?tag=eloabder-20&linkCode=osi&th=1&psc=1">View Product</a></div><div class="product"><a href="https://www.amazon.com/dp/B000LNIK6C?tag=eloabder-20&linkCode=osi&th=1&psc=1"><img src="https://m.media-amazon.com/images/I/41r60mVDVjL._SL500_.jpg" alt="Product Image"></a><p>Waste King 1/2 HP Garbage Disposal with Power Cord for Kitchen Sink Food Waste, L-1001</p><p> -11% 0FF </p><p>$78.03</p><a href="https://www.amazon.com/dp/B000LNIK6C?tag=eloabder-20&linkCode=osi&th=1&psc=1">View Product</a></div><div class="product"><a href="https://www.amazon.com/dp/B00004U9JO?tag=eloabder-20&linkCode=osi&th=1&psc=1"><img src="https://m.media-amazon.com/images/I/31rMP7d81sL._SL500_.jpg" alt="Product Image"></a><p>InSinkErator Badger 5 Garbage Disposal, Standard Series 1/2 HP Continuous Feed Food Waste Disposer, Black, Set of 1</p><p> -41% 0FF </p><p>$115.96</p><a href="https://www.amazon.com/dp/B00004U9JO?tag=eloabder-20&linkCode=osi&th=1&psc=1">View Product</a></div><div class="product"><a href="https://www.amazon.com/dp/B0CDMH8PVY?tag=eloabder-20&linkCode=osi&th=1&psc=1"><img src="https://m.media-amazon.com/images/I/31LFQmfgZHL._SL500_.jpg" alt="Product Image"></a><p>InSinkErator EVOLUTION 0.75HP 3/4 HP, Advanced Series EZ Connect Continuous Feed Food Waste Garbage Disposal, Gray</p><p> -41% 0FF </p><p>$235.42</p><a href="https://www.amazon.com/dp/B0CDMH8PVY?tag=eloabder-20&linkCode=osi&th=1&psc=1">View Product</a></div><div class="product"><a href="https://www.amazon.com/dp/B0CDMH72DY?tag=eloabder-20&linkCode=osi&th=1&psc=1"><img src="https://m.media-amazon.com/images/I/311HrVUr9jL._SL500_.jpg" alt="Product Image"></a><p>InSinkErator Power 1HP, 1 HP Garbage Disposal, Power Series EZ Connect Continuous Feed Food Waste Disposer, Black</p><p> -44% 0FF </p><p>$199.36</p><a href="https://www.amazon.com/dp/B0CDMH72DY?tag=eloabder-20&linkCode=osi&th=1&psc=1">View Product</a></div>
<div class="product"><a href="https://www.amazon.com/dp/B07RSZSYNC?tag=eloabder-20&linkCode=osi&th=1&psc=1"><img src="https://m.media-amazon.com/images/I/41R-l5eAIuL._SL500_.jpg" alt="Product Image"></a><p>LEVOIT Core 300-P Air Purifier Replacement Filter, 3-In-1 Filter, Efficiency Activated Carbon, Core 300-RF, 1 Pack, White</p><p> -20% 0FF </p><p>$23.99</p><a href="https://www.amazon.com/dp/B07RSZSYNC?tag=eloabder-20&linkCode=osi&th=1&psc=1">View Product</a></div>
<div class="product"><a href="https://www.amazon.com/dp/B07T2TYPSB?tag=eloabder-20&linkCode=osi&th=1&psc=1"><img src="https://m.media-amazon.com/images/I/41ZBBLMHatL._SL500_.jpg" alt="Product Image"></a><p>Schneider Industries Micro Vacuum Attachment 7 Piece Kit</p><p> -37% 0FF </p><p>$8.87</p><a href="https://www.amazon.com/dp/B07T2TYPSB?tag=eloabder-20&linkCode=osi&th=1&psc=1">View Product</a></div><div class="product"><a href="https://www.amazon.com/dp/B000BSJCLY?tag=eloabder-20&linkCode=osi&th=1&psc=1"><img src="https://m.media-amazon.com/images/I/41AoF04bprL._SL500_.jpg" alt="Product Image"></a><p>Schneider Industries Micro Vacuum Attachment 7 Piece Kit, 0.5 Liters, Black</p><p> -27% 0FF </p><p>$9.95</p><a href="https://www.amazon.com/dp/B000BSJCLY?tag=eloabder-20&linkCode=osi&th=1&psc=1">View Product</a></div><div class="product"><a href="https://www.amazon.com/dp/B0CRN52G7Z?tag=eloabder-20&linkCode=osi&th=1&psc=1"><img src="https://m.media-amazon.com/images/I/41DuITrcwkL._SL500_.jpg" alt="Product Image"></a><p>KUIFORTI Ironing Board Covers Standard Size Cute Sewing Machine Pattern Ironing Board Covers with Padding Novelty Gifts for Tailor Seamstress Iron Board Cover Replacement</p><p> -19% 0FF </p><p>$12.99</p><a href="https://www.amazon.com/dp/B0CRN52G7Z?tag=eloabder-20&linkCode=osi&th=1&psc=1">View Product</a></div><div class="product"><a href="https://www.amazon.com/dp/B09LM5F3TM?tag=eloabder-20&linkCode=osi&th=1&psc=1"><img src="https://m.media-amazon.com/images/I/31V8xl2YzoL._SL500_.jpg" alt="Product Image"></a><p>JUKI A9838-090-0A0 JUKI Professional Sewing Machine Zipper Press</p><p> -5% 0FF </p><p>$9.48</p><a href="https://www.amazon.com/dp/B09LM5F3TM?tag=eloabder-20&linkCode=osi&th=1&psc=1">View Product</a></div>
<div class="product"><a href="https://www.amazon.com/dp/B0932K1LR7?tag=eloabder-20&linkCode=osi&th=1&psc=1"><img src="https://m.media-amazon.com/images/I/21feg31K-AS._SL500_.jpg" alt="Product Image"></a><p>LG Styler Steam Closet | Clothes Steamer for Garments and Household Item Care | Sanitize, Deodorize, Freshen & Dry with Steam Technology & Moving Hangers| Easy Install | Wi-Fi enabled| Mirror (S3MFBN)</p><p> -12% 0FF </p><p>$1,495.00</p><a href="https://www.amazon.com/dp/B0932K1LR7?tag=eloabder-20&linkCode=osi&th=1&psc=1">View Product</a></div><div class="product"><a href="https://www.amazon.com/dp/B0CDN1RB64?tag=eloabder-20&linkCode=osi&th=1&psc=1"><img src="https://m.media-amazon.com/images/I/31piNYNA75L._SL500_.jpg" alt="Product Image"></a><p>LG Styler Steam Closet with TrueSteam Technology and Exclusive Moving Hangers (S5WBC), Cream White</p><p> -32% 0FF </p><p>$1,298.00</p><a href="https://www.amazon.com/dp/B0CDN1RB64?tag=eloabder-20&linkCode=osi&th=1&psc=1">View Product</a></div><div class="product"><a href="https://www.amazon.com/dp/B0C55F8L9V?tag=eloabder-20&linkCode=osi&th=1&psc=1"><img src="https://m.media-amazon.com/images/I/31WVZxkPdLL._SL500_.jpg" alt="Product Image"></a><p>Garment Steamer Ironing Gloves and Garment hanger for steaming clothes,Steam rack for clothes,Handheld garment steamer rack,Clothes hanger for steam ironing</p><p> -10% 0FF </p><p>$26.99</p><a href="https://www.amazon.com/dp/B0C55F8L9V?tag=eloabder-20&linkCode=osi&th=1&psc=1">View Product</a></div>

<div class="product"><a href="https://www.amazon.com/dp/B0C2CJWJKJ?tag=eloabder-20&linkCode=osi&th=1&psc=1"><img src="https://m.media-amazon.com/images/I/51RVoLJhhmL._SL500_.jpg" alt="Product Image"></a><p>Metal Pasta Maker Attachment for KitchenAid Mixers -Kitchen aid Mixer Accessories Pasta Attachment 3-in-1 Includes Pasta Roller, Spaghetti Cutter, and Fettuccine Cutter</p><p> -11% 0FF </p><p>$79.99</p><a href="https://www.amazon.com/dp/B0C2CJWJKJ?tag=eloabder-20&linkCode=osi&th=1&psc=1">View Product</a></div><div class="product"><a href="https://www.amazon.com/dp/B01ENK4UV2?tag=eloabder-20&linkCode=osi&th=1&psc=1"><img src="https://m.media-amazon.com/images/I/314A-DNnPtL._SL500_.jpg" alt="Product Image"></a><p>KitchenAid KSMPEXTA Gourmet Pasta Press Attachment with 6 Interchangeable Pasta Plates, White</p><p> -23% 0FF </p><p>$169.99</p><a href="https://www.amazon.com/dp/B01ENK4UV2?tag=eloabder-20&linkCode=osi&th=1&psc=1">View Product</a></div><div class="product"><a href="https://www.amazon.com/dp/B0D41P1V2X?tag=eloabder-20&linkCode=osi&th=1&psc=1"><img src="https://m.media-amazon.com/images/I/41HVCvDVCtL._SL500_.jpg" alt="Product Image"></a><p>FavorKit Pasta Maker Attachment 3 in 1 Set Compatible for KitchenAid Mixers Plus Hub Knob Screw Accessory Included Pasta Sheet Roller, Spaghetti Cutter, Fettuccine Cutter and Cleaning Brush</p><p> -45% 0FF </p><p>$59.99</p><a href="https://www.amazon.com/dp/B0D41P1V2X?tag=eloabder-20&linkCode=osi&th=1&psc=1">View Product</a></div><div class="product"><a href="https://www.amazon.com/dp/B08LX43YVF?tag=eloabder-20&linkCode=osi&th=1&psc=1"><img src="https://m.media-amazon.com/images/I/311wopN+2tL._SL500_.jpg" alt="Product Image"></a><p>Cuisinart Bread, Pasta & Dough Maker Machine, White, PM-1</p><p> -28% 0FF </p><p>$143.99</p><a href="https://www.amazon.com/dp/B08LX43YVF?tag=eloabder-20&linkCode=osi&th=1&psc=1">View Product</a></div><div class="product"><a href="https://www.amazon.com/dp/B0DJMC1XJ8?tag=eloabder-20&linkCode=osi&th=1&psc=1"><img src="https://m.media-amazon.com/images/I/31xmE4brazL._SL500_.jpg" alt="Product Image"></a><p>Pasta Maker Attachment for KitchenAid Stand Mixers with 6 Different Shapes of Pasta Outlet, Durable Pasta Press Attachments</p><p> -44% 0FF </p><p>$49.99</p><a href="https://www.amazon.com/dp/B0DJMC1XJ8?tag=eloabder-20&linkCode=osi&th=1&psc=1">View Product</a></div>
<div class="product"><a href="https://www.amazon.com/dp/B0BQ9F56WV?tag=eloabder-20&linkCode=osi&th=1&psc=1"><img src="https://m.media-amazon.com/images/I/41B6Pr8rUVL._SL500_.jpg" alt="Product Image"></a><p>Anova Culinary Sous Vide Precision Cooker 3.0 (WiFi), 1100 Watts</p><p> -40% 0FF </p><p>$119.00</p><a href="https://www.amazon.com/dp/B0BQ9F56WV?tag=eloabder-20&linkCode=osi&th=1&psc=1">View Product</a></div><div class="product"><a href="https://www.amazon.com/dp/B09BJ5VGM4?tag=eloabder-20&linkCode=osi&th=1&psc=1"><img src="https://m.media-amazon.com/images/I/31lWAHFnoYL._SL500_.jpg" alt="Product Image"></a><p>Sous Vide Machines, Immersion Circulators, Precision Cooker, with Recipe,Temperature and Time Digital Display Control, 1000W</p><p> -17% 0FF </p><p>$49.77</p><a href="https://www.amazon.com/dp/B09BJ5VGM4?tag=eloabder-20&linkCode=osi&th=1&psc=1">View Product</a></div><div class="product"><a href="https://www.amazon.com/dp/B07RNWJZNR?tag=eloabder-20&linkCode=osi&th=1&psc=1"><img src="https://m.media-amazon.com/images/I/51RpzG8PCdL._SL500_.jpg" alt="Product Image"></a><p>Inkbird WIFI Sous Vide Machine ISV-100W, 1000 Watts Sous-Vide Cooker Immersion Circulator with 14 Preset Recipes on APP & Calibration Function, Thermal Immersion, Fast-Heating with Timer |Best Gift</p><p> -21% 0FF </p><p>$69.49</p><a href="https://www.amazon.com/dp/B07RNWJZNR?tag=eloabder-20&linkCode=osi&th=1&psc=1">View Product</a></div><div class="product"><a href="https://www.amazon.com/dp/B07QFC6LN6?tag=eloabder-20&linkCode=osi&th=1&psc=1"><img src="https://m.media-amazon.com/images/I/41XFRVF7U4L._SL500_.jpg" alt="Product Image"></a><p>Anova Culinary Sous Vide Precision Cooker Pro, 1200 Watts, Black and Silver</p><p> -42% 0FF </p><p>$231.50</p><a href="https://www.amazon.com/dp/B07QFC6LN6?tag=eloabder-20&linkCode=osi&th=1&psc=1">View Product</a></div><div class="product"><a href="https://www.amazon.com/dp/B0C384T4P2?tag=eloabder-20&linkCode=osi&th=1&psc=1"><img src="https://m.media-amazon.com/images/I/217eMQhOaUL._SL500_.jpg" alt="Product Image"></a><p>Breville the Joule Turbo Sous Vide Machine, Sous Vide Cooker, Immersion Circulator, BSV600PSS, Polished Stainless Steel</p><p> -20% 0FF </p><p>$199.99</p><a href="https://www.amazon.com/dp/B0C384T4P2?tag=eloabder-20&linkCode=osi&th=1&psc=1">View Product</a></div><div class="product"><a href="https://www.amazon.com/dp/B08S316BZ8?tag=eloabder-20&linkCode=osi&th=1&psc=1"><img src="https://m.media-amazon.com/images/I/419Nj871gPL._SL500_.jpg" alt="Product Image"></a><p>Greater Goods Kitchen Sous Vide Machine - Precision Cooker, Immersion Circulator, Brushless Motor, 1100 Watts (Onyx Black)</p><p> -23% 0FF </p><p>$99.99</p><a href="https://www.amazon.com/dp/B08S316BZ8?tag=eloabder-20&linkCode=osi&th=1&psc=1">View Product</a></div><div class="product"><a href="https://www.amazon.com/dp/B0BK12LRCM?tag=eloabder-20&linkCode=osi&th=1&psc=1"><img src="https://m.media-amazon.com/images/I/415kAnZQbQL._SL500_.jpg" alt="Product Image"></a><p>KitchenBoss WIFI Sous Vide Cooker: Ultra-Quiet Sous-vide Cooking Machine 1100 Watts Stainless Steel Immersion Circulator for Kitchen with TFT Preset Recipes, Black</p><p> -24% 0FF </p><p>$135.99</p><a href="https://www.amazon.com/dp/B0BK12LRCM?tag=eloabder-20&linkCode=osi&th=1&psc=1">View Product</a></div>
<div class="product"><a href="https://www.amazon.com/dp/B089DCC9JR?tag=eloabder-20&linkCode=osi&th=1&psc=1"><img src="https://m.media-amazon.com/images/I/413t3P7zaRL._SL500_.jpg" alt="Product Image"></a><p>Navaris Electric Plate Warmer - 10 Plate Blanket Heater Pockets for Warming Dinner Plates to 165 Degrees in 10 Minutes - Thin Folding Design - Black</p><p> -8% 0FF </p><p>$33.99</p><a href="https://www.amazon.com/dp/B089DCC9JR?tag=eloabder-20&linkCode=osi&th=1&psc=1">View Product</a></div>
<div class="product"><a href="https://www.amazon.com/dp/B0C1N9PFXT?tag=eloabder-20&linkCode=osi&th=1&psc=1"><img src="https://m.media-amazon.com/images/I/51iiV--e5wL._SL500_.jpg" alt="Product Image"></a><p>Christmas Stove Top Covers, Extra Large Stove Top Cover for Electric, Anti-Slip Waterproof Mat for Glass Stove Top Protector Heat Resistant Square Pad Multipurpose Foldable Cooktop Cover</p><p> -8% 0FF </p><p>$23.99</p><a href="https://www.amazon.com/dp/B0C1N9PFXT?tag=eloabder-20&linkCode=osi&th=1&psc=1">View Product</a></div>

<div class="product"><a href="https://www.amazon.com/dp/B0932ZV12J?tag=eloabder-20&linkCode=osi&th=1&psc=1"><img src="https://m.media-amazon.com/images/I/41qhisDRAIL._SL500_.jpg" alt="Product Image"></a><p>TP01 True HEPA Replacement Filter Compatible with Dyson Tower Purifier Pure Cool Link TP01, TP02, TP03, AM11, BP01 Models, Compare to Part 968126-03, 2 Pack</p><p> -15% 0FF </p><p>$27.95 ($13.98 / Count)</p><a href="https://www.amazon.com/dp/B0932ZV12J?tag=eloabder-20&linkCode=osi&th=1&psc=1">View Product</a></div><div class="product"><a href="https://www.amazon.com/dp/B0D6D5Q5L2?tag=eloabder-20&linkCode=osi&th=1&psc=1"><img src="https://m.media-amazon.com/images/I/21URyRtgElL._SL500_.jpg" alt="Product Image"></a><p>Lasko Filter Replacement 3 Pack for DST100 Pinnacle Tower Fan, Plant-Based Filters, Remove Hair, Dust, VOCs and Odors from Home, Black, 21”, CXF42</p><p> -9% 0FF </p><p>$13.57 ($4.52 / Count)</p><a href="https://www.amazon.com/dp/B0D6D5Q5L2?tag=eloabder-20&linkCode=osi&th=1&psc=1">View Product</a></div><div class="product"><a href="https://www.amazon.com/dp/B0C16KXRNH?tag=eloabder-20&linkCode=osi&th=1&psc=1"><img src="https://m.media-amazon.com/images/I/41WJFefZ4ZL._SL500_.jpg" alt="Product Image"></a><p>Amalfy 2 Pack of 360° Glass HEPA Filter Replacement Compatible with Dyson Pure Cool Link TP01/TP02 Purifying Tower Fan, Dyson Pure Cool Me BP01 Personal Purifying Fan</p><p> -7% 0FF </p><p>$26.88 ($13.44 / Count)</p><a href="https://www.amazon.com/dp/B0C16KXRNH?tag=eloabder-20&linkCode=osi&th=1&psc=1">View Product</a></div><div class="product"><a href="https://www.amazon.com/dp/B0BR59XXWM?tag=eloabder-20&linkCode=osi&th=1&psc=1"><img src="https://m.media-amazon.com/images/I/41tUzZA5emL._SL500_.jpg" alt="Product Image"></a><p>Netezza TP01 HEPA Filter for Dyson,Replacement Filter for Dyson Tower Purifier Pure Cool Link TP01, TP02, TP03, AM11, BP01 Tower Air Purifier, Compare to Part 968126-03,2 Pack</p><p> -20% 0FF </p><p>$21.99 ($11.00 / Count)</p><a href="https://www.amazon.com/dp/B0BR59XXWM?tag=eloabder-20&linkCode=osi&th=1&psc=1">View Product</a></div>
<div class="product"><a href="https://www.amazon.com/dp/B07NQ7SX96?tag=eloabder-20&linkCode=osi&th=1&psc=1"><img src="https://m.media-amazon.com/images/I/31Mp+dZaF4L._SL500_.jpg" alt="Product Image"></a><p>Lutron Pico Smart Remote for Caseta Smart Fan Speed Control, PJ2-3BRL-GIV-F01, Ivory</p><p> -25% 0FF </p><p>$25.45</p><a href="https://www.amazon.com/dp/B07NQ7SX96?tag=eloabder-20&linkCode=osi&th=1&psc=1">View Product</a></div>
<div class="product"><a href="https://www.amazon.com/dp/B08G1MTK16?tag=eloabder-20&linkCode=osi&th=1&psc=1"><img src="https://m.media-amazon.com/images/I/41SAcC6OyGL._SL500_.jpg" alt="Product Image"></a><p>Dotlite Bronze Ceiling Fan Pull Chain Set, Decorative Fan Pull Chain Pendant Extension, 12 Inches Lighting & Fan Beaded Ball Chain Extender with Connector (2 Pack)</p><p> -30% 0FF </p><p>$6.99 ($3.50 / Count)</p><a href="https://www.amazon.com/dp/B08G1MTK16?tag=eloabder-20&linkCode=osi&th=1&psc=1">View Product</a></div>
<div class="product"><a href="https://www.amazon.com/dp/B0924J3XJ5?tag=eloabder-20&linkCode=osi&th=1&psc=1"><img src="https://m.media-amazon.com/images/I/21TiicLaafL._SL500_.jpg" alt="Product Image"></a><p>Comfee' CVU30W2AST 30 Inch Ducted Ductless Vent Durable Stainless Steel Kitchen Reusable Filter, 200 CFM, 2 Speed Exhaust Fan Under Cabinet Range Hood</p><p> -22% 0FF </p><p>$69.99</p><a href="https://www.amazon.com/dp/B0924J3XJ5?tag=eloabder-20&linkCode=osi&th=1&psc=1">View Product</a></div><div class="product"><a href="https://www.amazon.com/dp/B00QW2CUGC?tag=eloabder-20&linkCode=osi&th=1&psc=1"><img src="https://m.media-amazon.com/images/I/51evCHlA3yL._SL500_.jpg" alt="Product Image"></a><p>Broan-NuTone S97012026 Fan</p><p> -32% 0FF </p><p>$33.99</p><a href="https://www.amazon.com/dp/B00QW2CUGC?tag=eloabder-20&linkCode=osi&th=1&psc=1">View Product</a></div><div class="product"><a href="https://www.amazon.com/dp/B09JZZJ2Y1?tag=eloabder-20&linkCode=osi&th=1&psc=1"><img src="https://m.media-amazon.com/images/I/41fdKM9nvxL._SL500_.jpg" alt="Product Image"></a><p>Broan-NuTone PM300SS Custom Power Pack Range Hood Insert with 2-Speed Exhaust Fan and Light, 300 Max Blower CFM, Stainless Steel, 21-Inch Built</p><p> -7% 0FF </p><p>$203.10</p><a href="https://www.amazon.com/dp/B09JZZJ2Y1?tag=eloabder-20&linkCode=osi&th=1&psc=1">View Product</a></div><div class="product"><a href="https://www.amazon.com/dp/B000KKO6E6?tag=eloabder-20&linkCode=osi&th=1&psc=1"><img src="https://m.media-amazon.com/images/I/31t4veALoUL._SL500_.jpg" alt="Product Image"></a><p>Broan-NuTone F403623 Exhaust Fan for Under Cabinet Two-Speed Four-Way Range Hood, 36-Inch, Black</p><p> -15% 0FF </p><p>$79.54</p><a href="https://www.amazon.com/dp/B000KKO6E6?tag=eloabder-20&linkCode=osi&th=1&psc=1">View Product</a></div>
<div class="product"><a href="https://www.amazon.com/dp/B07FDJMC9Q?tag=eloabder-20&linkCode=osi&th=1&psc=1"><img src="https://m.media-amazon.com/images/I/31MBSKiZOPL._SL500_.jpg" alt="Product Image"></a><p>Ninja Air Fryer, Roast, Bake, Air Fry, Roast, Broil, Reheats, & Dehydrates, 4-in-1, Fries, Frozen Food, Veggies, and Juicy Meat, Less Oil, Easy Meals, Healthy Meals, Compact, 4 QT, Grey, AF101</p><p> -11% 0FF </p><p>$79.99</p><a href="https://www.amazon.com/dp/B07FDJMC9Q?tag=eloabder-20&linkCode=osi&th=1&psc=1">View Product</a></div><div class="product"><a href="https://www.amazon.com/dp/B0B15Q3HCQ?tag=eloabder-20&linkCode=osi&th=1&psc=1"><img src="https://m.media-amazon.com/images/I/41iJ87aPT8L._SL500_.jpg" alt="Product Image"></a><p>Ninja Air Fryer, Thermometer, Roast, Bake, Air Fry, Crisps, Broil, Reheats, Keep Warm, 10-in-1, Fries, Frozen Food, Veggies, and Meat, Quick Meals, Healthy Meals, Less Oil, 10 QT, Grey, DZ550​</p><p> -18% 0FF </p><p>$204.78</p><a href="https://www.amazon.com/dp/B0B15Q3HCQ?tag=eloabder-20&linkCode=osi&th=1&psc=1">View Product</a></div><div class="product"><a href="https://www.amazon.com/dp/B0BDFRZX3F?tag=eloabder-20&linkCode=osi&th=1&psc=1"><img src="https://m.media-amazon.com/images/I/41pyLTPPKOL._SL500_.jpg" alt="Product Image"></a><p>COSORI 2.1Qt Air Fryer, Small 4-in-1 Air Fryer Perfect for Simple Meals and Snack, Easy to Leftover Food to Crispy, 97% Less Oil, 30 In-App Recipes, Nonstick & Dishwasher Safe Basket</p><p> -17% 0FF </p><p>$49.99</p><a href="https://www.amazon.com/dp/B0BDFRZX3F?tag=eloabder-20&linkCode=osi&th=1&psc=1">View Product</a></div><div class="product"><a href="https://www.amazon.com/dp/B0936FGLQS?tag=eloabder-20&linkCode=osi&th=1&psc=1"><img src="https://m.media-amazon.com/images/I/41TKOcGeZzL._SL500_.jpg" alt="Product Image"></a><p>COSORI Air Fryer 9-in-1, Compact 5-Qt, Perect for Meat Enthusiasts with 450°F Max Heat Function , 130+ In-App Recipes, Little to No Oil, Easy Clean Glass Touch Panel & Nonstick Basket, Gray</p><p> -20% 0FF </p><p>$79.94</p><a href="https://www.amazon.com/dp/B0936FGLQS?tag=eloabder-20&linkCode=osi&th=1&psc=1">View Product</a></div><div class="product"><a href="https://www.amazon.com/dp/B0CGRYRBL7?tag=eloabder-20&linkCode=osi&th=1&psc=1"><img src="https://m.media-amazon.com/images/I/41jspc2TDCL._SL500_.jpg" alt="Product Image"></a><p>West Bend Compact Air Fryer 5-Quart Capacity with Digital Controls and 10 Cooking Presets, Nonstick Frying Basket, 1500-Watts, Black</p><p> -21% 0FF </p><p>$47.29</p><a href="https://www.amazon.com/dp/B0CGRYRBL7?tag=eloabder-20&linkCode=osi&th=1&psc=1">View Product</a></div><div class="product"><a href="https://www.amazon.com/dp/B08DKYBTPH?tag=eloabder-20&linkCode=osi&th=1&psc=1"><img src="https://m.media-amazon.com/images/I/51PO1kLlN6L._SL500_.jpg" alt="Product Image"></a><p>Chefman TurboFry® Touch Air Fryer, XL 8-Qt Family Size, One-Touch Digital Control Presets, French Fries, Chicken, Meat, Fish, Nonstick Dishwasher-Safe Parts, Automatic Shutoff, Stainless Steel</p><p> -29% 0FF </p><p>$84.98</p><a href="https://www.amazon.com/dp/B08DKYBTPH?tag=eloabder-20&linkCode=osi&th=1&psc=1">View Product</a></div>
<div class="product"><a href="https://www.amazon.com/dp/B000EX16RY?tag=eloabder-20&linkCode=osi&th=1&psc=1"><img src="https://m.media-amazon.com/images/I/41LqsX6dEML._SL500_.jpg" alt="Product Image"></a><p>Euro Cuisine YM80 Electric Yogurt Maker Machine- Promote Gut Health with Probiotic Rich Homemade Yogurt -Home Yogurt Incubator with Glass Jars, White</p><p> -40% 0FF </p><p>$29.99</p><a href="https://www.amazon.com/dp/B000EX16RY?tag=eloabder-20&linkCode=osi&th=1&psc=1">View Product</a></div><div class="product"><a href="https://www.amazon.com/dp/B085XS69L5?tag=eloabder-20&linkCode=osi&th=1&psc=1"><img src="https://m.media-amazon.com/images/I/41JEca97hnL._SL500_.jpg" alt="Product Image"></a><p>Bear Yogurt Maker, Greek Yogurt Maker Machine with Strainer and Timer Control, Stainless Steel Inner Pot, Automatic Digital with 2 Glass Jars 1 Quart for Home Organic Yogurt, Cheese, Fruit Wine</p><p> -19% 0FF </p><p>$64.99</p><a href="https://www.amazon.com/dp/B085XS69L5?tag=eloabder-20&linkCode=osi&th=1&psc=1">View Product</a></div><div class="product"><a href="https://www.amazon.com/dp/B09MP8BK8P?tag=eloabder-20&linkCode=osi&th=1&psc=1"><img src="https://m.media-amazon.com/images/I/41ORh3ZvMrL._SL500_.jpg" alt="Product Image"></a><p>JoyMech Yogurt Maker, Compact Greek Yogurt Maker Machine with Constant Temperature Control, Stainless Steel Container, 1 Quart for Home Organic Yogurt</p><p> -25% 0FF </p><p>$29.99</p><a href="https://www.amazon.com/dp/B09MP8BK8P?tag=eloabder-20&linkCode=osi&th=1&psc=1">View Product</a></div>
<div class="product"><a href="https://www.amazon.com/dp/B0BXSKHL8D?tag=eloabder-20&linkCode=osi&th=1&psc=1"><img src="https://m.media-amazon.com/images/I/419rzQjVpiL._SL500_.jpg" alt="Product Image"></a><p>Mesliese Vacuum Sealer Machine Powerful 90Kpa Precision 6-in-1 Compact Food Preservation System with Cutter, 2 Bag Rolls & 5 Pre-cut Bags, Widened 12mm Sealing Strip, Dry&Moist Modes (Silver)</p><p> -42% 0FF </p><p>$69.99</p><a href="https://www.amazon.com/dp/B0BXSKHL8D?tag=eloabder-20&linkCode=osi&th=1&psc=1">View Product</a></div><div class="product"><a href="https://www.amazon.com/dp/B08BRN1B7Q?tag=eloabder-20&linkCode=osi&th=1&psc=1"><img src="https://m.media-amazon.com/images/I/41B5yUrv3IL._SL500_.jpg" alt="Product Image"></a><p>POTANE Precision Vacuum Sealer Machine, Powerful Pro Vacuum Food Sealer, 8-in-1 Easy Presets, 4 Food Modes, Dry&Moist&Soft&Delicate with Starter Kit, Compact Design(Silver)</p><p> -29% 0FF </p><p>$84.98</p><a href="https://www.amazon.com/dp/B08BRN1B7Q?tag=eloabder-20&linkCode=osi&th=1&psc=1">View Product</a></div><div class="product"><a href="https://www.amazon.com/dp/B0CW2G9W1T?tag=eloabder-20&linkCode=osi&th=1&psc=1"><img src="https://m.media-amazon.com/images/I/51IAX5BLMkL._SL500_.jpg" alt="Product Image"></a><p>Bonsenkitchen Vacuum Sealer Machine, Fast-Compact Food Sealer, Multi-Functional Food Vacuum Sealer with 5 Vacuum Bags & Accessory Hose, Globefish Technology for High-Speed Continuous Working, Silver</p><p> -40% 0FF </p><p>$29.99</p><a href="https://www.amazon.com/dp/B0CW2G9W1T?tag=eloabder-20&linkCode=osi&th=1&psc=1">View Product</a></div><div class="product"><a href="https://www.amazon.com/dp/B0D8BB83Y1?tag=eloabder-20&linkCode=osi&th=1&psc=1"><img src="https://m.media-amazon.com/images/I/41pEdOT1LVL._SL500_.jpg" alt="Product Image"></a><p>Mesliese Vacuum Sealer Machine, 85kPa 120W Automatic Food Sealer, Powerful Sealing System, Build-in Cutter | Bags Storage | Moist Mode and Air Suction Hose | 2 Bag Rolls and 5pcs Pre-cut Bags</p><p> -23% 0FF </p><p>$99.99</p><a href="https://www.amazon.com/dp/B0D8BB83Y1?tag=eloabder-20&linkCode=osi&th=1&psc=1">View Product</a></div><div class="product"><a href="https://www.amazon.com/dp/B07B4W5PMB?tag=eloabder-20&linkCode=osi&th=1&psc=1"><img src="https://m.media-amazon.com/images/I/41c7aLA6wtL._SL500_.jpg" alt="Product Image"></a><p>GERYON Vacuum Sealer, Vacuum Sealer Machine for Food Storage with Sealer Bags & Roll, Automatic Food Sealer for Sous Vide, Compact Design, LED Lights, Easy to Clean, Dry & Moist Modes (Silver)</p><p> -15% 0FF </p><p>$35.70</p><a href="https://www.amazon.com/dp/B07B4W5PMB?tag=eloabder-20&linkCode=osi&th=1&psc=1">View Product</a></div><div class="product"><a href="https://www.amazon.com/dp/B01KCK9W1K?tag=eloabder-20&linkCode=osi&th=1&psc=1"><img src="https://m.media-amazon.com/images/I/41imUh6Fx+L._SL500_.jpg" alt="Product Image"></a><p>Nesco Deluxe Food VS-12 Vacuum Sealer, 130 Watts, Kit Bags & Viewing Lid, Compact, Silver</p><p> -18% 0FF </p><p>$114.69 ($114.69 / count)</p><a href="https://www.amazon.com/dp/B01KCK9W1K?tag=eloabder-20&linkCode=osi&th=1&psc=1">View Product</a></div><div class="product"><a href="https://www.amazon.com/dp/B08XJW5LHG?tag=eloabder-20&linkCode=osi&th=1&psc=1"><img src="https://m.media-amazon.com/images/I/51XpZ5cHWqL._SL500_.jpg" alt="Product Image"></a><p>2023 Updated Vacuum Sealer Machine, MEGAWISE Food Sealer w/Starter Kit, Dry & Moist Food Modes, Compact Design with 10 Vacuum Bags & Bulit-in Cutter(Grey)</p><p> -24% 0FF </p><p>$25.10</p><a href="https://www.amazon.com/dp/B08XJW5LHG?tag=eloabder-20&linkCode=osi&th=1&psc=1">View Product</a></div><div class="product"><a href="https://www.amazon.com/dp/B0DF7F9QNG?tag=eloabder-20&linkCode=osi&th=1&psc=1"><img src="https://m.media-amazon.com/images/I/51W8Bchue6L._SL500_.jpg" alt="Product Image"></a><p>BEYUAM Vacuum Sealer Machine: Upgraded 5 in1 Food Vacuum Sealer with Dry&Moist Modes, LED Indicator Lights, Compact Design, Includes 15PCS Vacuum Seal Bags,1 Air Suction Hose, 1Cutter</p><p> -30% 0FF </p><p>$20.99</p><a href="https://www.amazon.com/dp/B0DF7F9QNG?tag=eloabder-20&linkCode=osi&th=1&psc=1">View Product</a></div>
<div class="product"><a href="https://www.amazon.com/dp/B01AKTFK6Y?tag=eloabder-20&linkCode=osi&th=1&psc=1"><img src="https://m.media-amazon.com/images/I/31ayy5SDEeL._SL500_.jpg" alt="Product Image"></a><p>Avalon Bottom Loading Water Cooler Water Dispenser with BioGuard- 3 Temperature Settings - Hot, Cold & Room Water, Durable Stainless Steel Construction, Anti-Microbial Coating- UL Listed</p><p> -11% 0FF </p><p>$177.05</p><a href="https://www.amazon.com/dp/B01AKTFK6Y?tag=eloabder-20&linkCode=osi&th=1&psc=1">View Product</a></div><div class="product"><a href="https://www.amazon.com/dp/B06XJ86F7L?tag=eloabder-20&linkCode=osi&th=1&psc=1"><img src="https://m.media-amazon.com/images/I/41ZROGKK8KL._SL500_.jpg" alt="Product Image"></a><p>Avalon Self Cleaning Bottleless Water Cooler Water Dispenser - 3 Temperature Settings - Hot, Cold & Room Water, Durable Stainless Steel Cabinet, NSF Certified Filter- UL Listed</p><p> -33% 0FF </p><p>$199.99</p><a href="https://www.amazon.com/dp/B06XJ86F7L?tag=eloabder-20&linkCode=osi&th=1&psc=1">View Product</a></div><div class="product"><a href="https://www.amazon.com/dp/B01J1W7S34?tag=eloabder-20&linkCode=osi&th=1&psc=1"><img src="https://m.media-amazon.com/images/I/31-F2Hf3T3L._SL500_.jpg" alt="Product Image"></a><p>Avalon Limited Edition Self Cleaning Water Cooler Water Dispenser - 3 Temperature Settings - Hot, Cold & Room Water, Durable Stainless Steel Construction, Bottom Loading - UL Listed</p><p> -50% 0FF </p><p>$150.00</p><a href="https://www.amazon.com/dp/B01J1W7S34?tag=eloabder-20&linkCode=osi&th=1&psc=1">View Product</a></div><div class="product"><a href="https://www.amazon.com/dp/B0DK1BRVFH?tag=eloabder-20&linkCode=osi&th=1&psc=1"><img src="https://m.media-amazon.com/images/I/213Scb+FXHL._SL500_.jpg" alt="Product Image"></a><p>Tehanld Top Loading Water Cooler Dispenser Hot Cold & Cool Water Dispenser for 3 or 5 Gallon Bottles, Child Safety Lock, Simple Quite Design, Ideal for Home, Office, Living Room</p><p> -6% 0FF </p><p>$119.99</p><a href="https://www.amazon.com/dp/B0DK1BRVFH?tag=eloabder-20&linkCode=osi&th=1&psc=1">View Product</a></div>
<div class="product"><a href="https://www.amazon.com/dp/B0786TJC33?tag=eloabder-20&linkCode=osi&th=1&psc=1"><img src="https://m.media-amazon.com/images/I/41frLdkbpPL._SL500_.jpg" alt="Product Image"></a><p>hOmeLabs Beverage Refrigerator and Cooler - 120 Can Mini Fridge with Glass Door for Soda Beer or Wine - Small Drink Dispenser Machine for Office or Bar with Adjustable Removable Shelves</p><p> -14% 0FF </p><p>$299.99</p><a href="https://www.amazon.com/dp/B0786TJC33?tag=eloabder-20&linkCode=osi&th=1&psc=1">View Product</a></div><div class="product"><a href="https://www.amazon.com/dp/B07F9PH82Z?tag=eloabder-20&linkCode=osi&th=1&psc=1"><img src="https://m.media-amazon.com/images/I/41DBsObCijL._SL500_.jpg" alt="Product Image"></a><p>Antarctic Star 26 Bottle 130 Can Wine Cooler/Cabinet Beverage Refrigerator Mini Wine Cellar Beer Soda Clear Glass Door Bar Fridge Quiet Compressor Adjust Temp Freestanding Indoor Use 3.2cu.ft Black</p><p> -7% 0FF </p><p>$249.98</p><a href="https://www.amazon.com/dp/B07F9PH82Z?tag=eloabder-20&linkCode=osi&th=1&psc=1">View Product</a></div><div class="product"><a href="https://www.amazon.com/dp/B0C1S3RB9Q?tag=eloabder-20&linkCode=osi&th=1&psc=1"><img src="https://m.media-amazon.com/images/I/519o+StfLML._SL500_.jpg" alt="Product Image"></a><p>Antarctic Star Beverage Refrigerator Cooler 68 Can, Mini Fridge with Glass Door for Beer Drinks Wine,Freestanding Small Fridge with Electronic Temperature Control for Home and Bar,1.7 cu.ft</p><p> -10% 0FF </p><p>$152.99</p><a href="https://www.amazon.com/dp/B0C1S3RB9Q?tag=eloabder-20&linkCode=osi&th=1&psc=1">View Product</a></div>
<div class="product"><a href="https://www.amazon.com/dp/B0864P1L3Y?tag=eloabder-20&linkCode=osi&th=1&psc=1"><img src="https://m.media-amazon.com/images/I/41YjtUvRvIL._SL500_.jpg" alt="Product Image"></a><p>Ivation 18 Bottle Compressor Wine Cooler Refrigerator w/Lock, Large Freestanding Wine Cellar For Red, White, Champagne or Sparkling Wine, 41f-64f Digital Temperature Control Fridge Glass Door Black</p><p> -32% 0FF </p><p>$224.99</p><a href="https://www.amazon.com/dp/B0864P1L3Y?tag=eloabder-20&linkCode=osi&th=1&psc=1">View Product</a></div><div class="product"><a href="https://www.amazon.com/dp/B0C2F2JY88?tag=eloabder-20&linkCode=osi&th=1&psc=1"><img src="https://m.media-amazon.com/images/I/41CVJtUWA9L._SL500_.jpg" alt="Product Image"></a><p>DUURA Elite DE430WCDZSS Wine Cooler Designer Series Dual-Zone, 46-Bottle, Metallic</p><p> -10% 0FF </p><p>$262.81</p><a href="https://www.amazon.com/dp/B0C2F2JY88?tag=eloabder-20&linkCode=osi&th=1&psc=1">View Product</a></div>
<div class="product"><a href="https://www.amazon.com/dp/B0C4NH7Q1Z?tag=eloabder-20&linkCode=osi&th=1&psc=1"><img src="https://m.media-amazon.com/images/I/41huzzh73qL._SL500_.jpg" alt="Product Image"></a><p>VEVOR Beer Kegerator, Single Tap Draft Beer Dispenser, Full Size Keg Refrigerator With Shelves, CO2 Cylinder, Drip Tray & Rail, 32°F- 50°F Temperature Control, Holds 1/6, 1/4, 1/2 Barrels, Black</p><p> -14% 0FF </p><p>$528.27</p><a href="https://www.amazon.com/dp/B0C4NH7Q1Z?tag=eloabder-20&linkCode=osi&th=1&psc=1">View Product</a></div><div class="product"><a href="https://www.amazon.com/dp/B0170O0D82?tag=eloabder-20&linkCode=osi&th=1&psc=1"><img src="https://m.media-amazon.com/images/I/31niLclMC1L._SL500_.jpg" alt="Product Image"></a><p>EdgeStar KC2000TWIN Full Size Dual Tap Kegerator & Draft Beer Dispenser - Black</p><p> -7% 0FF </p><p>$719.00</p><a href="https://www.amazon.com/dp/B0170O0D82?tag=eloabder-20&linkCode=osi&th=1&psc=1">View Product</a></div><div class="product"><a href="https://www.amazon.com/dp/B00E7N4CXM?tag=eloabder-20&linkCode=osi&th=1&psc=1"><img src="https://m.media-amazon.com/images/I/31tI6VySYqL._SL500_.jpg" alt="Product Image"></a><p>Kegco K309B-1 Kegerator Black, 2 Faucet</p><p> -9% 0FF </p><p>$828.14</p><a href="https://www.amazon.com/dp/B00E7N4CXM?tag=eloabder-20&linkCode=osi&th=1&psc=1">View Product</a></div><div class="product"><a href="https://www.amazon.com/dp/B00E93XXZ8?tag=eloabder-20&linkCode=osi&th=1&psc=1"><img src="https://m.media-amazon.com/images/I/31K6I3DKW6L._SL500_.jpg" alt="Product Image"></a><p>Kegco K309SS-1 Keg Dispenser, Stainless Steel</p><p> -5% 0FF </p><p>$845.33</p><a href="https://www.amazon.com/dp/B00E93XXZ8?tag=eloabder-20&linkCode=osi&th=1&psc=1">View Product</a></div>
<div class="product"><a href="https://www.amazon.com/dp/B0D78LGPXY?tag=eloabder-20&linkCode=osi&th=1&psc=1"><img src="https://m.media-amazon.com/images/I/41bekd23sDL._SL500_.jpg" alt="Product Image"></a><p>ikare Manual Trash Compactor for 60-100L Bins, Trash Compactor for Kitchen, Portable Small Trash Compactor, Waste Bin Compactor for Fast Food Restaurant</p><p> -34% 0FF </p><p>$38.99</p><a href="https://www.amazon.com/dp/B0D78LGPXY?tag=eloabder-20&linkCode=osi&th=1&psc=1">View Product</a></div><div class="product"><a href="https://www.amazon.com/dp/B075DJ4ZVQ?tag=eloabder-20&linkCode=osi&th=1&psc=1"><img src="https://m.media-amazon.com/images/I/51Vaek4I89L._SL500_.jpg" alt="Product Image"></a><p>Dano Pre-Cuffed Compactor Bags</p><p> -18% 0FF </p><p>$32.95 ($2.75 / Count)</p><a href="https://www.amazon.com/dp/B075DJ4ZVQ?tag=eloabder-20&linkCode=osi&th=1&psc=1">View Product</a></div>
<div class="product"><a href="https://www.amazon.com/dp/B07HJS45XQ?tag=eloabder-20&linkCode=osi&th=1&psc=1"><img src="https://m.media-amazon.com/images/I/31NTMREf9kL._SL500_.jpg" alt="Product Image"></a><p>iRobot Authentic Replacement Parts - 3 Count (Pack of 1) Dirt Disposal Bags Compatible with Roomba Clean Base Models i1+, i3+, i4+, i5+, i7+, i8+, Combo j8+, j9+</p><p> -15% 0FF </p><p>$14.43 ($4.81 / Count)</p><a href="https://www.amazon.com/dp/B07HJS45XQ?tag=eloabder-20&linkCode=osi&th=1&psc=1">View Product</a></div><div class="product"><a href="https://www.amazon.com/dp/B09CV3QGF2?tag=eloabder-20&linkCode=osi&th=1&psc=1"><img src="https://m.media-amazon.com/images/I/31VQqEzbeJL._SL500_.jpg" alt="Product Image"></a><p>iRobot Authentic Replacement Parts - Replenishment Kit for Roomba e, i, and j Series and Roomba Combo i5 and j5 Series, Not Compatible with Roomba Combo j7+ or Roomba Combo j9+</p><p> -51% 0FF </p><p>$31.57</p><a href="https://www.amazon.com/dp/B09CV3QGF2?tag=eloabder-20&linkCode=osi&th=1&psc=1">View Product</a></div><div class="product"><a href="https://www.amazon.com/dp/B07C4SGM54?tag=eloabder-20&linkCode=osi&th=1&psc=1"><img src="https://m.media-amazon.com/images/I/41ZWLocYKkL._SL500_.jpg" alt="Product Image"></a><p>iRobot 4502233 Robot Vacuum, Black</p><p> -6% 0FF </p><p>$84.50</p><a href="https://www.amazon.com/dp/B07C4SGM54?tag=eloabder-20&linkCode=osi&th=1&psc=1">View Product</a></div>
<div class="product"><a href="https://www.amazon.com/dp/B01NHEU1DJ?tag=eloabder-20&linkCode=osi&th=1&psc=1"><img src="https://m.media-amazon.com/images/I/21CK7T8v9HS._SL500_.jpg" alt="Product Image"></a><p>BLACK+DECKER HFS115J10 Lithium Floor Sweeper 50 Min Lithium Floor Sweeper, Powder White</p><p> -30% 0FF </p><p>$34.81</p><a href="https://www.amazon.com/dp/B01NHEU1DJ?tag=eloabder-20&linkCode=osi&th=1&psc=1">View Product</a></div>
<div class="product"><a href="https://www.amazon.com/dp/B088M3G7QH?tag=eloabder-20&linkCode=osi&th=1&psc=1"><img src="https://m.media-amazon.com/images/I/41qSwWLksEL._SL500_.jpg" alt="Product Image"></a><p>Yocada Carpet Sweeper Cleaner for Home Office Low Carpets Rugs Undercoat Carpets Pet Hair Dust Scraps Paper Small Rubbish Cleaning with a Brush Green</p><p> -13% 0FF </p><p>$25.99</p><a href="https://www.amazon.com/dp/B088M3G7QH?tag=eloabder-20&linkCode=osi&th=1&psc=1">View Product</a></div><div class="product"><a href="https://www.amazon.com/dp/B087M125SV?tag=eloabder-20&linkCode=osi&th=1&psc=1"><img src="https://m.media-amazon.com/images/I/31FnLu2oAAL._SL500_.jpg" alt="Product Image"></a><p>JEHONN Carpet Floor Sweeper with Horsehair, Non Electric Manual Sweeping, Rotor Brush Heavy Duty for Pet Hair Clean</p><p> -22% 0FF </p><p>$24.99</p><a href="https://www.amazon.com/dp/B087M125SV?tag=eloabder-20&linkCode=osi&th=1&psc=1">View Product</a></div><div class="product"><a href="https://www.amazon.com/dp/B07HGWZ7LG?tag=eloabder-20&linkCode=osi&th=1&psc=1"><img src="https://m.media-amazon.com/images/I/31-FhS9ID4L._SL500_.jpg" alt="Product Image"></a><p>Dttery 3 Post + 3 Foam & Felt Filters Kit Replacement for Shark Rocket Ultra-Light Vacuum HV292, HV300, HV300W, HV301, HV302, HV303, HV305, HV308, HV310, UV450 Part XFFV300</p><p> -25% 0FF </p><p>$11.97 ($3.99 / Count)</p><a href="https://www.amazon.com/dp/B07HGWZ7LG?tag=eloabder-20&linkCode=osi&th=1&psc=1">View Product</a></div>
<div class="product"><a href="https://www.amazon.com/dp/B004FJTMO2?tag=eloabder-20&linkCode=osi&th=1&psc=1"><img src="https://m.media-amazon.com/images/I/41Y9YbOYswL._SL500_.jpg" alt="Product Image"></a><p>Collections Etc Grandma Upright Vacuum Cleaner Cover</p><p> -9% 0FF </p><p>$29.98</p><a href="https://www.amazon.com/dp/B004FJTMO2?tag=eloabder-20&linkCode=osi&th=1&psc=1">View Product</a></div><div class="product"><a href="https://www.amazon.com/dp/B00Q40F0S2?tag=eloabder-20&linkCode=osi&th=1&psc=1"><img src="https://m.media-amazon.com/images/I/41T1H0EditL._SL500_.jpg" alt="Product Image"></a><p>Kenmore 53294 6 Pack Type O HEPA Vacuum Bags for Upright Vacuums</p><p> -7% 0FF </p><p>$16.70 ($2.78 / Count)</p><a href="https://www.amazon.com/dp/B00Q40F0S2?tag=eloabder-20&linkCode=osi&th=1&psc=1">View Product</a></div><div class="product"><a href="https://www.amazon.com/dp/B00002N8DH?tag=eloabder-20&linkCode=osi&th=1&psc=1"><img src="https://m.media-amazon.com/images/I/31z6U7Xz5OL._SL500_.jpg" alt="Product Image"></a><p>Hoover Type Y Allergen Bags, for WindTunnel Vacuum Cleaners, 3-Pack, 4010100Y, White</p><p> -20% 0FF </p><p>$7.98 ($2.66 / Count)</p><a href="https://www.amazon.com/dp/B00002N8DH?tag=eloabder-20&linkCode=osi&th=1&psc=1">View Product</a></div>
<div class="product"><a href="https://www.amazon.com/dp/B0CXJ2LJP6?tag=eloabder-20&linkCode=osi&th=1&psc=1"><img src="https://m.media-amazon.com/images/I/41zVdymV5NL._SL500_.jpg" alt="Product Image"></a><p>5055 Vacuum Bags Replacement Fit for Kenmore Canister Type C/Q 50555 50558 50557 and Type C-5 C-18,16 Pack</p><p> -11% 0FF </p><p>$13.29</p><a href="https://www.amazon.com/dp/B0CXJ2LJP6?tag=eloabder-20&linkCode=osi&th=1&psc=1">View Product</a></div><div class="product"><a href="https://www.amazon.com/dp/B002BFSK6I?tag=eloabder-20&linkCode=osi&th=1&psc=1"><img src="https://m.media-amazon.com/images/I/41Z3T53G+sL._SL500_.jpg" alt="Product Image"></a><p>Vacuum Bare Surface Canister Floor Brush, Compatible with Kenmore</p><p> -55% 0FF </p><p>$8.99</p><a href="https://www.amazon.com/dp/B002BFSK6I?tag=eloabder-20&linkCode=osi&th=1&psc=1">View Product</a></div><div class="product"><a href="https://www.amazon.com/dp/B00TNDC09E?tag=eloabder-20&linkCode=osi&th=1&psc=1"><img src="https://m.media-amazon.com/images/I/41lChTXA+XL._SL500_.jpg" alt="Product Image"></a><p>Other 50104 Kenmore Vacuum Bag, Type C and Q, 8-Pack Genuine Original Equipment Manufacturer (OEM) Part</p><p> -14% 0FF </p><p>$12.67 ($1.58 / Count)</p><a href="https://www.amazon.com/dp/B00TNDC09E?tag=eloabder-20&linkCode=osi&th=1&psc=1">View Product</a></div><div class="product"><a href="https://www.amazon.com/dp/B00QGD3SBI?tag=eloabder-20&linkCode=osi&th=1&psc=1"><img src="https://m.media-amazon.com/images/I/51xw0asyqTL._SL500_.jpg" alt="Product Image"></a><p>EnviroCare Replacement Vacuum Bags made to fit Kenmore Canister Type C or Q 50555, 50558, 50557 and Panasonic Type C-5 Vacuums, 9 pack</p><p> -11% 0FF </p><p>$9.79</p><a href="https://www.amazon.com/dp/B00QGD3SBI?tag=eloabder-20&linkCode=osi&th=1&psc=1">View Product</a></div><div class="product"><a href="https://www.amazon.com/dp/B09PC16J91?tag=eloabder-20&linkCode=osi&th=1&psc=1"><img src="https://m.media-amazon.com/images/I/41rz-xT6tIL._SL500_.jpg" alt="Product Image"></a><p>Compatible with Kenmore 53292 Type Q - C HEPA Canister Vacuum Bags,6-Pack (white)</p><p> -24% 0FF </p><p>$22.89 ($3.82 / Count)</p><a href="https://www.amazon.com/dp/B09PC16J91?tag=eloabder-20&linkCode=osi&th=1&psc=1">View Product</a></div><div class="product"><a href="https://www.amazon.com/dp/B0CWTR85TZ?tag=eloabder-20&linkCode=osi&th=1&psc=1"><img src="https://m.media-amazon.com/images/I/41lmqedxXSL._SL500_.jpg" alt="Product Image"></a><p>20 Pack Style MM Vacuum Bags Compatible with Eureka Style MM Eureka Mighty Mite 3670 and 3680 Series Canister Vacuums, Replaces Part # 60295, 60295A, 60295B 60295C, 60296 & 60297A</p><p> -5% 0FF </p><p>$18.98</p><a href="https://www.amazon.com/dp/B0CWTR85TZ?tag=eloabder-20&linkCode=osi&th=1&psc=1">View Product</a></div>

<div class="product"><a href="https://www.amazon.com/dp/B07H3MYZLD?tag=eloabder-20&linkCode=osi&th=1&psc=1"><img src="https://m.media-amazon.com/images/I/511p6MPxQ0L._SL500_.jpg" alt="Product Image"></a><p>Flammi Steam Pocket Mop Replacement Pads for Shark S3500 Series S3501 S3601 S3550 S3901 SE450 S3801CO S3601D S2901 S2902 Steam Pocket Mop, 4 Pack</p><p> -23% 0FF </p><p>$16.97 ($4.24 / Count)</p><a href="https://www.amazon.com/dp/B07H3MYZLD?tag=eloabder-20&linkCode=osi&th=1&psc=1">View Product</a></div><div class="product"><a href="https://www.amazon.com/dp/B08S7283SJ?tag=eloabder-20&linkCode=osi&th=1&psc=1"><img src="https://m.media-amazon.com/images/I/41TAxpXWPLL._SL500_.jpg" alt="Product Image"></a><p>Steam & Go - Demineralized Water for Steam Cleaner, PVC-Free Floor Cleaner Liquid Compatible With Any Steam Mop, Ready-to-Use Multisurface Cleaner, Scented Mop Solution, Eucalyptus Mint, 32 oz</p><p> -35% 0FF </p><p>$12.99</p><a href="https://www.amazon.com/dp/B08S7283SJ?tag=eloabder-20&linkCode=osi&th=1&psc=1">View Product</a></div><div class="product"><a href="https://www.amazon.com/dp/B07GT9VB9X?tag=eloabder-20&linkCode=osi&th=1&psc=1"><img src="https://m.media-amazon.com/images/I/41IokheYtNL._SL500_.jpg" alt="Product Image"></a><p>6 Pack 1940 Bissell Steam Mop Pads for Bissell PowerFresh Steam Mop 1806 1544 1440 2075A 2685A 1940W 19404 Series, Model 19402 19408 1940a 1940f 1940q 1940t B0006 B0017, Part #5938#203-2633</p><p> -14% 0FF </p><p>$17.99 ($3.00 / Count)</p><a href="https://www.amazon.com/dp/B07GT9VB9X?tag=eloabder-20&linkCode=osi&th=1&psc=1">View Product</a></div><div class="product"><a href="https://www.amazon.com/dp/B09NM5T11N?tag=eloabder-20&linkCode=osi&th=1&psc=1"><img src="https://m.media-amazon.com/images/I/51p54JxUpYL._SL500_.jpg" alt="Product Image"></a><p>AIR U+ 8 Pack Replacement Steam Mop Pads for Shark S7001 S8001 S8201 S7201 S7000AMZ S7000 S7005 S7020 S7001C Steam Mop, Steam & Scrub All-in-One Scrubbing and Sanitizing, Dirt Grip Scrub Washable Pad</p><p> -20% 0FF </p><p>$17.99</p><a href="https://www.amazon.com/dp/B09NM5T11N?tag=eloabder-20&linkCode=osi&th=1&psc=1">View Product</a></div><div class="product"><a href="https://www.amazon.com/dp/B0CBC1HQQN?tag=eloabder-20&linkCode=osi&th=1&psc=1"><img src="https://m.media-amazon.com/images/I/51eAx7S-+2L._SL500_.jpg" alt="Product Image"></a><p>Upgraded Scrub Steam Mop Pad for Shark Steam Pocket Mop S3501 S3601 S2901 S2902 S3550 S3801 S3901 SE450 S3601D S3901D, Steam Mop Replacement Pads for All Hard Floors, 3 Pack</p><p> -5% 0FF </p><p>$18.99</p><a href="https://www.amazon.com/dp/B0CBC1HQQN?tag=eloabder-20&linkCode=osi&th=1&psc=1">View Product</a></div>
<div class="product"><a href="https://www.amazon.com/dp/B0D2QFVY7H?tag=eloabder-20&linkCode=osi&th=1&psc=1"><img src="https://m.media-amazon.com/images/I/417B7H+vvML._SL500_.jpg" alt="Product Image"></a><p>Kenmore KS1010 Deep Clean & Revitalize Pet Carpet Cleaner Formula, 64 oz, White, 64 Fl Oz</p><p> -13% 0FF </p><p>$19.99 ($0.31 / Fl Oz)</p><a href="https://www.amazon.com/dp/B0D2QFVY7H?tag=eloabder-20&linkCode=osi&th=1&psc=1">View Product</a></div><div class="product"><a href="https://www.amazon.com/dp/B07TN5DGP9?tag=eloabder-20&linkCode=osi&th=1&psc=1"><img src="https://m.media-amazon.com/images/I/41ObG6UBMvL._SL500_.jpg" alt="Product Image"></a><p>Eyliden Carpet Sweeper, Mini Size Lightweight Hand Push Carpet Sweepers - No Noise, Non-Electric - Easy Manual Sweeping, Automatic Compact Broom Only for Carpet Cleaning</p><p> -21% 0FF </p><p>$25.99</p><a href="https://www.amazon.com/dp/B07TN5DGP9?tag=eloabder-20&linkCode=osi&th=1&psc=1">View Product</a></div><div class="product"><a href="https://www.amazon.com/dp/B07R27JLKQ?tag=eloabder-20&linkCode=osi&th=1&psc=1"><img src="https://m.media-amazon.com/images/I/41Puyen2y4L._SL500_.jpg" alt="Product Image"></a><p>Bissell Pet Multi-Surface Febreze Freshness for Crosswave and Spinwave (64 oz), 22951, 64 Ounce, 64 Fl Oz</p><p> -5% 0FF </p><p>$17.99 ($0.28 / Fl Oz)</p><a href="https://www.amazon.com/dp/B07R27JLKQ?tag=eloabder-20&linkCode=osi&th=1&psc=1">View Product</a></div><div class="product"><a href="https://www.amazon.com/dp/B0D2RGW219?tag=eloabder-20&linkCode=osi&th=1&psc=1"><img src="https://m.media-amazon.com/images/I/41gD+82tnAL._SL500_.jpg" alt="Product Image"></a><p>Vacmaster Clean & Restore Carpet Cleaner Formula – CCS03</p><p> -25% 0FF </p><p>$14.99 ($0.23 / Fl Oz)</p><a href="https://www.amazon.com/dp/B0D2RGW219?tag=eloabder-20&linkCode=osi&th=1&psc=1">View Product</a></div>



<div class="product"><a href="https://www.amazon.com/dp/B00162723O?tag=eloabder-20&linkCode=osi&th=1&psc=1"><img src="https://m.media-amazon.com/images/I/31K5PNJ3AbL._SL500_.jpg" alt="Product Image"></a><p>A/C Safe AC-160 Universal Heavy Duty Window Air Conditioner Support</p><p> -47% 0FF </p><p>$24.99</p><a href="https://www.amazon.com/dp/B00162723O?tag=eloabder-20&linkCode=osi&th=1&psc=1">View Product</a></div>
<div class="product"><a href="https://www.amazon.com/dp/B0D3TMW987?tag=eloabder-20&linkCode=osi&th=1&psc=1"><img src="https://m.media-amazon.com/images/I/417Mm6n1nqL._SL500_.jpg" alt="Product Image"></a><p>HOXHA Portable Air Conditioner Hose with Insulated Hose Cover Warp 5.9 Inch AC Exhaust Vent Duct Hose with Sleeve Fit 5 Inch to 5.9 Inch Universal AC Tube Hose Kit Parts Accessories</p><p> -29% 0FF </p><p>$16.99</p><a href="https://www.amazon.com/dp/B0D3TMW987?tag=eloabder-20&linkCode=osi&th=1&psc=1">View Product</a></div><div class="product"><a href="https://www.amazon.com/dp/B093WC1936?tag=eloabder-20&linkCode=osi&th=1&psc=1"><img src="https://m.media-amazon.com/images/I/41+7dH1N4oS._SL500_.jpg" alt="Product Image"></a><p>Portable Air conditioner Window Kit, Adjustable Vertical/Horizontal Sliding Window Kit Plate for AC Unit, AC Window Vent Kit, AC Window Seal Suitable for 5.9” AC Exhaust Hose</p><p> -22% 0FF </p><p>$24.99</p><a href="https://www.amazon.com/dp/B093WC1936?tag=eloabder-20&linkCode=osi&th=1&psc=1">View Product</a></div><div class="product"><a href="https://www.amazon.com/dp/B08B5Y83XZ?tag=eloabder-20&linkCode=osi&th=1&psc=1"><img src="https://m.media-amazon.com/images/I/4162pkNHTYL._SL500_.jpg" alt="Product Image"></a><p>TURBRO Portable Air Conditioner Universal Exhaust Hose - 5.9 Inch Diameter, 78 Inch Length, Clockwise Thread</p><p> -17% 0FF </p><p>$19.99</p><a href="https://www.amazon.com/dp/B08B5Y83XZ?tag=eloabder-20&linkCode=osi&th=1&psc=1">View Product</a></div>
<div class="product"><a href="https://www.amazon.com/dp/B0CS3HRFLB?tag=eloabder-20&linkCode=osi&th=1&psc=1"><img src="https://m.media-amazon.com/images/I/31-rGPG7x2L._SL500_.jpg" alt="Product Image"></a><p>Eastrexon Mini Split Ground Stand, Adjustable Anti-Vibration Mini Split Stand w/ 400LBS Load Capacity, Heavy Duty AC Stand for 9,000-18,000 BTU Ductless Mini Split Air Conditioner Heat Pump</p><p> -11% 0FF </p><p>$79.99</p><a href="https://www.amazon.com/dp/B0CS3HRFLB?tag=eloabder-20&linkCode=osi&th=1&psc=1">View Product</a></div>
<div class="product"><a href="https://www.amazon.com/dp/B0D3DRYGSY?tag=eloabder-20&linkCode=osi&th=1&psc=1"><img src="https://m.media-amazon.com/images/I/41X8-PVRBjL._SL500_.jpg" alt="Product Image"></a><p>Air Conditioning Motor WZDK20-38G (ZKFP-20-8-6) OEM DC Brushless Fan Motor, 20W Inverter Air Conditioner Brushless DC Motor for Central air Conditioner, CCW 1300rpm DC280V 0.10A</p><p> -11% 0FF </p><p>$40.99</p><a href="https://www.amazon.com/dp/B0D3DRYGSY?tag=eloabder-20&linkCode=osi&th=1&psc=1">View Product</a></div><div class="product"><a href="https://www.amazon.com/dp/B0BQQZC7J8?tag=eloabder-20&linkCode=osi&th=1&psc=1"><img src="https://m.media-amazon.com/images/I/31BhDXXE59L._SL500_.jpg" alt="Product Image"></a><p>AKB73598009 Replace AC Remote Control Compatible with LG Dual Inverter Smart Window Air Conditioner LW1222IVSM LW1817IVSM LW2217IVSM LW1822IVSM LW2422IVSM LW1517IVSM LW1019IVSM</p><p> -8% 0FF </p><p>$11.94</p><a href="https://www.amazon.com/dp/B0BQQZC7J8?tag=eloabder-20&linkCode=osi&th=1&psc=1">View Product</a></div><div class="product"><a href="https://www.amazon.com/dp/B0D3DTXSVY?tag=eloabder-20&linkCode=osi&th=1&psc=1"><img src="https://m.media-amazon.com/images/I/41WKhBV4qfL._SL500_.jpg" alt="Product Image"></a><p>New Air Conditioning Motor (OEM) WZDK30-38G (RD-310-30-8T) DC Brushless Fan Motor, 30W Inverter air Conditioner Motor DC Motor for Conditioner,DC310V 0.14A 1300RPM CCW</p><p> -12% 0FF </p><p>$52.95</p><a href="https://www.amazon.com/dp/B0D3DTXSVY?tag=eloabder-20&linkCode=osi&th=1&psc=1">View Product</a></div>
<div class="product"><a href="https://www.amazon.com/dp/B0CNK7MSLC?tag=eloabder-20&linkCode=osi&th=1&psc=1"><img src="https://m.media-amazon.com/images/I/41R2RQNaV2L._SL500_.jpg" alt="Product Image"></a><p>Travel Electric Kettle Portable Small Kettle,Mini Hotel Camping Hot Water Boiler for Tea Coffee,4 Warmable Temperature Control,304 Stainless Steel& Auto Shut-Off& Boil Dry Protection(White,380ml)</p><p> -17% 0FF </p><p>$24.99</p><a href="https://www.amazon.com/dp/B0CNK7MSLC?tag=eloabder-20&linkCode=osi&th=1&psc=1">View Product</a></div>
<div class="product"><a href="https://www.amazon.com/dp/B08LZWP29P?tag=eloabder-20&linkCode=osi&th=1&psc=1"><img src="https://m.media-amazon.com/images/I/41NLuzzFW9L._SL500_.jpg" alt="Product Image"></a><p>Chromex Tankless Water Heater Descaling Solution | Highly Effective Descaler Restores Heating Efficiency, Quart, 32 fl oz (1)</p><p> -7% 0FF </p><p>$24.99</p><a href="https://www.amazon.com/dp/B08LZWP29P?tag=eloabder-20&linkCode=osi&th=1&psc=1">View Product</a></div><div class="product"><a href="https://www.amazon.com/dp/B0CQDCW3PT?tag=eloabder-20&linkCode=osi&th=1&psc=1"><img src="https://m.media-amazon.com/images/I/51UjKRV2nXL._SL500_.jpg" alt="Product Image"></a><p>CMI Inc - 3/4 Inch Tankless Water Heater Installation Kit – With Isolation Valves, Pressure Relief Valves, Ball Valves, and Inline Flush Parts – Cold & Hot Water Plumbing Repair Kit – FNPT X FNPT</p><p> -11% 0FF </p><p>$80.80</p><a href="https://www.amazon.com/dp/B0CQDCW3PT?tag=eloabder-20&linkCode=osi&th=1&psc=1">View Product</a></div>

<div class="product"><a href="https://www.amazon.com/dp/B0BPN7G43T?tag=eloabder-20&linkCode=osi&th=1&psc=1"><img src="https://m.media-amazon.com/images/I/413kXvvbUhL._SL500_.jpg" alt="Product Image"></a><p>Elite Gourmet EC008 Classic Stovetop Coffee Percolator, Glass Clear Brew Progress Knob, Cool-Touch Handle, Cordless Serve, 8-Cup, Stainless Steel</p><p> -8% 0FF </p><p>$23.07</p><a href="https://www.amazon.com/dp/B0BPN7G43T?tag=eloabder-20&linkCode=osi&th=1&psc=1">View Product</a></div><div class="product"><a href="https://www.amazon.com/dp/B09MMN1CCP?tag=eloabder-20&linkCode=osi&th=1&psc=1"><img src="https://m.media-amazon.com/images/I/31UyuaVNkbL._SL500_.jpg" alt="Product Image"></a><p>Elite Gourmet EC812 Electric 12-Cup Coffee Percolator with Keep Warm, Clear Brew Progress Knob Cool-Touch Handle Cord-less Serve, Stainless Steel</p><p> -23% 0FF </p><p>$36.99</p><a href="https://www.amazon.com/dp/B09MMN1CCP?tag=eloabder-20&linkCode=osi&th=1&psc=1">View Product</a></div><div class="product"><a href="https://www.amazon.com/dp/B0009PUQSM?tag=eloabder-20&linkCode=osi&th=1&psc=1"><img src="https://m.media-amazon.com/images/I/41maPldn1NL._SL500_.jpg" alt="Product Image"></a><p>Coleman Stainless Steel Coffee Percolator 12 Cup</p><p> -38% 0FF </p><p>$33.87</p><a href="https://www.amazon.com/dp/B0009PUQSM?tag=eloabder-20&linkCode=osi&th=1&psc=1">View Product</a></div>
<div class="product"><a href="https://www.amazon.com/dp/B0BTN3VYW9?tag=eloabder-20&linkCode=osi&th=1&psc=1"><img src="https://m.media-amazon.com/images/I/41Li6k0UIrL._SL500_.jpg" alt="Product Image"></a><p>De'Longhi TrueBrew Drip Coffee Maker, Built in Grinder, Single Serve, 8 oz to 24 oz, Hot or Iced Coffee, Stainless, CAM51025MB</p><p> -29% 0FF </p><p>$355.00</p><a href="https://www.amazon.com/dp/B0BTN3VYW9?tag=eloabder-20&linkCode=osi&th=1&psc=1">View Product</a></div><div class="product"><a href="https://www.amazon.com/dp/B09HDFLF2X?tag=eloabder-20&linkCode=osi&th=1&psc=1"><img src="https://m.media-amazon.com/images/I/41ttEVV0DhL._SL500_.jpg" alt="Product Image"></a><p>Cuisinart Single Serve Coffee Maker + Coffee Grinder, 48-Ounce Removable Reservoir, Black, DGB-2</p><p> -9% 0FF </p><p>$136.95</p><a href="https://www.amazon.com/dp/B09HDFLF2X?tag=eloabder-20&linkCode=osi&th=1&psc=1">View Product</a></div><div class="product"><a href="https://www.amazon.com/dp/B0D2MMGHM8?tag=eloabder-20&linkCode=osi&th=1&psc=1"><img src="https://m.media-amazon.com/images/I/41z2U4+t1fL._SL500_.jpg" alt="Product Image"></a><p>Gevi 10-Cup Drip Coffee Maker with Built-in Grinder, Programmable Brew Coffee Machine with Timer, Reusable Filter, 1.5L Water Tank, Coffee Pot, Warming Plate Burr Grinder Combo</p><p> -6% 0FF </p><p>$169.99</p><a href="https://www.amazon.com/dp/B0D2MMGHM8?tag=eloabder-20&linkCode=osi&th=1&psc=1">View Product</a></div><div class="product"><a href="https://www.amazon.com/dp/B000T9SCZ2?tag=eloabder-20&linkCode=osi&th=1&psc=1"><img src="https://m.media-amazon.com/images/I/51E3eEOPg7L._SL500_.jpg" alt="Product Image"></a><p>Cuisinart Grind & Brew 12 Cup Coffeemaker, Chrome</p><p> -11% 0FF </p><p>$189.81 ($15.82 / Count)</p><a href="https://www.amazon.com/dp/B000T9SCZ2?tag=eloabder-20&linkCode=osi&th=1&psc=1">View Product</a></div><div class="product"><a href="https://www.amazon.com/dp/B0CG2NLVPK?tag=eloabder-20&linkCode=osi&th=1&psc=1"><img src="https://m.media-amazon.com/images/I/41PlW5iZ9cL._SL500_.jpg" alt="Product Image"></a><p>Café Specialty Grind and Brew Coffee Maker, Single-Serve to 10-Cup Thermal Carafe, with Built-In Bean Grinder & Removable 75oz Water Reservoir, WiFi & Smart Connected, SCA Certified, Matte White</p><p> -19% 0FF </p><p>$267.99</p><a href="https://www.amazon.com/dp/B0CG2NLVPK?tag=eloabder-20&linkCode=osi&th=1&psc=1">View Product</a></div>
<div class="product"><a href="https://www.amazon.com/dp/B078NN17K3?tag=eloabder-20&linkCode=osi&th=1&psc=1"><img src="https://m.media-amazon.com/images/I/41MI7T21FgL._SL500_.jpg" alt="Product Image"></a><p>Keurig K-Elite Single Serve K-Cup Pod Coffee Maker, with Strength and Temperature Control, Iced Coffee Capability, 8 to 12oz Brew Size, Programmable, Brushed Slate</p><p> -37% 0FF </p><p>$119.00</p><a href="https://www.amazon.com/dp/B078NN17K3?tag=eloabder-20&linkCode=osi&th=1&psc=1">View Product</a></div><div class="product"><a href="https://www.amazon.com/dp/B0C25Y15TL?tag=eloabder-20&linkCode=osi&th=1&psc=1"><img src="https://m.media-amazon.com/images/I/41cX7EQf+HL._SL500_.jpg" alt="Product Image"></a><p>Ninja Pod & Grounds Specialty Single-Serve Coffee Maker, K-Cup Pod Compatible, Brews Grounds, Compact Design, Built-In Milk Frother, 56-oz. Reservoir, 6-oz. Cup to 24-oz. Mug Sizes, Black, PB051</p><p> -30% 0FF </p><p>$69.99</p><a href="https://www.amazon.com/dp/B0C25Y15TL?tag=eloabder-20&linkCode=osi&th=1&psc=1">View Product</a></div><div class="product"><a href="https://www.amazon.com/dp/B0892TW82K?tag=eloabder-20&linkCode=osi&th=1&psc=1"><img src="https://m.media-amazon.com/images/I/31vXpkWlRZL._SL500_.jpg" alt="Product Image"></a><p>Keurig K-Supreme Single Serve K-Cup Pod Coffee Maker, MultiStream Technology, 4 Brew Sizes, 66oz Dual-Position Removable Reservoir, Black</p><p> -41% 0FF </p><p>$99.99</p><a href="https://www.amazon.com/dp/B0892TW82K?tag=eloabder-20&linkCode=osi&th=1&psc=1">View Product</a></div><div class="product"><a href="https://www.amazon.com/dp/B014W1C2VM?tag=eloabder-20&linkCode=osi&th=1&psc=1"><img src="https://m.media-amazon.com/images/I/41lgFMhEj5L._SL500_.jpg" alt="Product Image"></a><p>Cuisinart Coffee Maker, Single Serve 72-Ounce Reservoir Coffee Machine, Programmable Brewing & Hot Water Dispenser, Stainless Steel, SS-10P1,Silver</p><p> -5% 0FF </p><p>$142.74</p><a href="https://www.amazon.com/dp/B014W1C2VM?tag=eloabder-20&linkCode=osi&th=1&psc=1">View Product</a></div><div class="product"><a href="https://www.amazon.com/dp/B083248S3B?tag=eloabder-20&linkCode=osi&th=1&psc=1"><img src="https://m.media-amazon.com/images/I/31AI86Z78OL._SL500_.jpg" alt="Product Image"></a><p>Keurig K-Slim Single Serve K-Cup Pod Coffee Maker, Multistream Technology, 3 Brew Sizes, Slim and Sleek Design, 46oz Removable Reservoir, Black</p><p> -38% 0FF </p><p>$79.99</p><a href="https://www.amazon.com/dp/B083248S3B?tag=eloabder-20&linkCode=osi&th=1&psc=1">View Product</a></div><div class="product"><a href="https://www.amazon.com/dp/B0BV9HKMNT?tag=eloabder-20&linkCode=osi&th=1&psc=1"><img src="https://m.media-amazon.com/images/I/41Nsl9jGGaL._SL500_.jpg" alt="Product Image"></a><p>Keurig K-Compact Single-Serve K-Cup Pod Coffee Maker, with 3 Brew Sizes, Smart Start Feature, 36oz Removable Reservoir, Black</p><p> -30% 0FF </p><p>$69.99</p><a href="https://www.amazon.com/dp/B0BV9HKMNT?tag=eloabder-20&linkCode=osi&th=1&psc=1">View Product</a></div>
<div class="product"><a href="https://www.amazon.com/dp/B085NLFY9F?tag=eloabder-20&linkCode=osi&th=1&psc=1"><img src="https://m.media-amazon.com/images/I/41shkY558zL._SL500_.jpg" alt="Product Image"></a><p>Taylor Swoden 12-Cup Programmable Coffee Maker, Regular & Strong Brew Drip Coffee Machine for Home and Office, Glass Carafe, Pause & Serve, Auto Shut Off, Black & Stainless Steel</p><p> -18% 0FF </p><p>$39.99</p><a href="https://www.amazon.com/dp/B085NLFY9F?tag=eloabder-20&linkCode=osi&th=1&psc=1">View Product</a></div><div class="product"><a href="https://www.amazon.com/dp/B07X43VXZV?tag=eloabder-20&linkCode=osi&th=1&psc=1"><img src="https://m.media-amazon.com/images/I/41H6O9zkknL._SL500_.jpg" alt="Product Image"></a><p>KRUPS Simply Brew 5 Cup Coffee Maker, Cold Brew, Drip Free & Keep Warm Functions, Stainless Steel Coffee Maker Silver and Black</p><p> -18% 0FF </p><p>$32.85</p><a href="https://www.amazon.com/dp/B07X43VXZV?tag=eloabder-20&linkCode=osi&th=1&psc=1">View Product</a></div>

<div class="product"><a href="https://www.amazon.com/dp/B0C7WTKWZN?tag=eloabder-20&linkCode=osi&th=1&psc=1"><img src="https://m.media-amazon.com/images/I/417z+KFuxAL._SL500_.jpg" alt="Product Image"></a><p>Ninja Programmable XL 14-Cup Coffee Maker PRO, 14-Cup Glass Carafe, Freshness Timer, with Permanent Filter, Black Stainless Steel, DCM201BK</p><p> -20% 0FF </p><p>$79.99</p><a href="https://www.amazon.com/dp/B0C7WTKWZN?tag=eloabder-20&linkCode=osi&th=1&psc=1">View Product</a></div><div class="product"><a href="https://www.amazon.com/dp/B0C2JK9Y8V?tag=eloabder-20&linkCode=osi&th=1&psc=1"><img src="https://m.media-amazon.com/images/I/4177Pg-DiWS._SL500_.jpg" alt="Product Image"></a><p>BLACK+DECKER 12 Cup Thermal Programmable Coffee Maker with Brew Strength and VORTEX Technology, Black/Steel</p><p> -14% 0FF </p><p>$60.00 ($5.00 / Count)</p><a href="https://www.amazon.com/dp/B0C2JK9Y8V?tag=eloabder-20&linkCode=osi&th=1&psc=1">View Product</a></div>
<div class="product"><a href="https://www.amazon.com/dp/B0CJ7DMVW6?tag=eloabder-20&linkCode=osi&th=1&psc=1"><img src="https://m.media-amazon.com/images/I/41Et+b9QSzL._SL500_.jpg" alt="Product Image"></a><p>Xylanor Cold Brew Coffee Maker Pitcher, 64 OZ Heavy Duty Glass Wide Mouth Mason Jar Pour Spout Airtight Lid with Stainless Steel Infuser Filter for Iced Coffee, Ice Tea, Brewed Making</p><p> -50% 0FF </p><p>$12.49</p><a href="https://www.amazon.com/dp/B0CJ7DMVW6?tag=eloabder-20&linkCode=osi&th=1&psc=1">View Product</a></div><div class="product"><a href="https://www.amazon.com/dp/B07C36HVWK?tag=eloabder-20&linkCode=osi&th=1&psc=1"><img src="https://m.media-amazon.com/images/I/31dPKeu1VqL._SL500_.jpg" alt="Product Image"></a><p>Takeya Patented Deluxe Cold Brew Coffee Maker with Black Lid Airtight Pitcher, 2 Quart, Black</p><p> -26% 0FF </p><p>$27.99</p><a href="https://www.amazon.com/dp/B07C36HVWK?tag=eloabder-20&linkCode=osi&th=1&psc=1">View Product</a></div><div class="product"><a href="https://www.amazon.com/dp/B086V1QXNM?tag=eloabder-20&linkCode=osi&th=1&psc=1"><img src="https://m.media-amazon.com/images/I/31BHMrB0QSL._SL500_.jpg" alt="Product Image"></a><p>Primula Burke Deluxe Cold Brew Iced Coffee Maker, Comfort Grip Handle, Durable Glass Carafe, Removable Mesh Filter, Perfect 6 Cup Size, Dishwasher Safe, 1.6 qt, Blue</p><p> -35% 0FF </p><p>$11.74</p><a href="https://www.amazon.com/dp/B086V1QXNM?tag=eloabder-20&linkCode=osi&th=1&psc=1">View Product</a></div><div class="product"><a href="https://www.amazon.com/dp/B0BNN7GGKR?tag=eloabder-20&linkCode=osi&th=1&psc=1"><img src="https://m.media-amazon.com/images/I/51p17-SYzvL._SL500_.jpg" alt="Product Image"></a><p>JunVpic Cold Brew Coffee Maker Jar - 64oz Thick Glass Multipurpose Mason Pitcher Spout Lid with Handle & Stainless Steel Filter for Iced Coffee, Lemonade, Ice Tea, Homemade Fruit Drinks Container</p><p> -5% 0FF </p><p>$18.98 ($18.98 / Count)</p><a href="https://www.amazon.com/dp/B0BNN7GGKR?tag=eloabder-20&linkCode=osi&th=1&psc=1">View Product</a></div><div class="product"><a href="https://www.amazon.com/dp/B0CGWS1M51?tag=eloabder-20&linkCode=osi&th=1&psc=1"><img src="https://m.media-amazon.com/images/I/410ZIkV0HFL._SL500_.jpg" alt="Product Image"></a><p>QHH Cold Brew Coffee Maker, 64 oz Wide Mouth Mason Jar Pitcher with Stainless Steel Filter, Pour Spout Handle Lid, Heavy Duty Glass Airtight & Leak-Proof Pitcher for iced coffee & Tea Lemonade</p><p> -20% 0FF </p><p>$18.49</p><a href="https://www.amazon.com/dp/B0CGWS1M51?tag=eloabder-20&linkCode=osi&th=1&psc=1">View Product</a></div><div class="product"><a href="https://www.amazon.com/dp/B0CVLJ2NQK?tag=eloabder-20&linkCode=osi&th=1&psc=1"><img src="https://m.media-amazon.com/images/I/51lQGHFBfPL._SL500_.jpg" alt="Product Image"></a><p>Zulay Kitchen 1 Gallon Cold Brew Coffee Maker - Large Iced Tea & Cold Brew Pitcher with Extra-Thick Glass & Stainless Steel Infuser - Cold Brew Coffee Maker with Airtight Lid & Spout (Silver)</p><p> -20% 0FF </p><p>$39.99</p><a href="https://www.amazon.com/dp/B0CVLJ2NQK?tag=eloabder-20&linkCode=osi&th=1&psc=1">View Product</a></div><div class="product"><a href="https://www.amazon.com/dp/B0D929JTC9?tag=eloabder-20&linkCode=osi&th=1&psc=1"><img src="https://m.media-amazon.com/images/I/41WA4B3VkCL._SL500_.jpg" alt="Product Image"></a><p>Cold Brew Coffee Maker,64oz Food Grade Glass Cold Brew Pitcher,Strong Sealing Cold Brew Maker With Fine Filter,Cold Brew Coffee Pitcher For Ice Tea&Fruit Drinks,Easy To Wash Iced Coffee Pitcher Grey</p><p> -27% 0FF </p><p>$15.99</p><a href="https://www.amazon.com/dp/B0D929JTC9?tag=eloabder-20&linkCode=osi&th=1&psc=1">View Product</a></div><div class="product"><a href="https://www.amazon.com/dp/B07VJJJ764?tag=eloabder-20&linkCode=osi&th=1&psc=1"><img src="https://m.media-amazon.com/images/I/41xKFEtM8EL._SL500_.jpg" alt="Product Image"></a><p>County Line Kitchen Glass Cold Brew Coffee Maker with Lid - Wide Mouth, 2 Quart (64 oz) - Heavy Duty, Leak Proof - Sun & Iced Tea Pitcher, Cold Brew Coffee, Breast Milk Storage, Water - Gray</p><p> -25% 0FF </p><p>$29.99</p><a href="https://www.amazon.com/dp/B07VJJJ764?tag=eloabder-20&linkCode=osi&th=1&psc=1">View Product</a></div><div class="product"><a href="https://www.amazon.com/dp/B0CKN6MCLD?tag=eloabder-20&linkCode=osi&th=1&psc=1"><img src="https://m.media-amazon.com/images/I/510bfugc5jL._SL500_.jpg" alt="Product Image"></a><p>DWTS DANWEITESI Cold Brew Coffee Maker 64 oz,2-Quart Wide Mouth Cold Brew Maker with Stainless Steel Cold Brew Filter-Mason Jar Pitcher with Lid and Spout for Coffee,Iced Coffee Accessories(Black)</p><p> -24% 0FF </p><p>$12.99</p><a href="https://www.amazon.com/dp/B0CKN6MCLD?tag=eloabder-20&linkCode=osi&th=1&psc=1">View Product</a></div>

<div class="product"><a href="https://www.amazon.com/dp/B099J3J6VJ?tag=eloabder-20&linkCode=osi&th=1&psc=1"><img src="https://m.media-amazon.com/images/I/41ecdckFeFL._SL500_.jpg" alt="Product Image"></a><p>Eurolux Percolator Coffee Maker Pot - 9 Cups | Durable Stainless Steel Material | Brew Coffee On Fire, Grill or Stovetop | No Electricity, No Bad Plastic Taste | Ideal for Home, Camping & Travel</p><p> -13% 0FF </p><p>$34.99 ($3.89 / Count)</p><a href="https://www.amazon.com/dp/B099J3J6VJ?tag=eloabder-20&linkCode=osi&th=1&psc=1">View Product</a></div><div class="product"><a href="https://www.amazon.com/dp/B0C9VW3N1X?tag=eloabder-20&linkCode=osi&th=1&psc=1"><img src="https://m.media-amazon.com/images/I/31YYKk0EaiL._SL500_.jpg" alt="Product Image"></a><p>Primula Stovetop Coffee Percolator, Premium Stainless Steel Coffee Maker with Reusable Filter Basket, Non-Drip Spout, Glass Knob Brew Indicator and Heat Resistant Handle, Dishwasher Safe, 8 Cup</p><p> -6% 0FF </p><p>$28.17</p><a href="https://www.amazon.com/dp/B0C9VW3N1X?tag=eloabder-20&linkCode=osi&th=1&psc=1">View Product</a></div><div class="product"><a href="https://www.amazon.com/dp/B0DFXBGKQW?tag=eloabder-20&linkCode=osi&th=1&psc=1"><img src="https://m.media-amazon.com/images/I/41HwFOR87NL._SL500_.jpg" alt="Product Image"></a><p>VERDETECH Glass Coffee Percolator - The Nonna | Non-Electric Borosilicate Glass & Stainless Steel | Eco-Friendly Coffee Gift | BPA Free | Stovetop Glass Percolator (1 Unit)</p><p> -14% 0FF </p><p>$59.99</p><a href="https://www.amazon.com/dp/B0DFXBGKQW?tag=eloabder-20&linkCode=osi&th=1&psc=1">View Product</a></div>

<div class="product"><a href="https://www.amazon.com/dp/B009PCI2JU?tag=eloabder-20&linkCode=osi&th=1&psc=1"><img src="https://m.media-amazon.com/images/I/319P4iuozKL._SL500_.jpg" alt="Product Image"></a><p>GE RPWFE Refrigerator Water Filter, Genuine Replacement Filter, Certified to Reduce Lead, Sulfur, and 50+ Other Impurities, Replace Every 6 Months for Best Results, Pack of 1</p><p> -11% 0FF </p><p>$49.00</p><a href="https://www.amazon.com/dp/B009PCI2JU?tag=eloabder-20&linkCode=osi&th=1&psc=1">View Product</a></div><div class="product"><a href="https://www.amazon.com/dp/B00UXG4WR8?tag=eloabder-20&linkCode=osi&th=1&psc=1"><img src="https://m.media-amazon.com/images/I/317c+XdM3jL._SL500_.jpg" alt="Product Image"></a><p>everydrop by Whirlpool Ice and Water Refrigerator Filter 1, EDR1RXD1, Single-Pack , Purple</p><p> -30% 0FF </p><p>$41.99</p><a href="https://www.amazon.com/dp/B00UXG4WR8?tag=eloabder-20&linkCode=osi&th=1&psc=1">View Product</a></div><div class="product"><a href="https://www.amazon.com/dp/B0882ZJ48W?tag=eloabder-20&linkCode=osi&th=1&psc=1"><img src="https://m.media-amazon.com/images/I/31sBIpG9D+L._SL500_.jpg" alt="Product Image"></a><p>GE XWFE Refrigerator Water Filter, Genuine Replacement Filter, Certified to Reduce Lead, Sulfur, and 50+ Other Impurities, Replace Every 6 Months for Best Results, Pack of 1</p><p> -9% 0FF </p><p>$49.95</p><a href="https://www.amazon.com/dp/B0882ZJ48W?tag=eloabder-20&linkCode=osi&th=1&psc=1">View Product</a></div><div class="product"><a href="https://www.amazon.com/dp/B08V6JB9R7?tag=eloabder-20&linkCode=osi&th=1&psc=1"><img src="https://m.media-amazon.com/images/I/31f6HhVENHL._SL500_.jpg" alt="Product Image"></a><p>Frigidaire FPPWFU01 PurePour PWF-1 Water Filter 1 Count (Pack of 1)</p><p> -28% 0FF </p><p>$38.99</p><a href="https://www.amazon.com/dp/B08V6JB9R7?tag=eloabder-20&linkCode=osi&th=1&psc=1">View Product</a></div><div class="product"><a href="https://www.amazon.com/dp/B074HLRXMP?tag=eloabder-20&linkCode=osi&th=1&psc=1"><img src="https://m.media-amazon.com/images/I/21pHfBmff3L._SL500_.jpg" alt="Product Image"></a><p>LG LT1000P - 6 Month / 200 Gallon Capacity Replacement Refrigerator Water Filter (NSF42, NSF53, and NSF401) ADQ74793501, ADQ75795105, AGF80300704, or AGF80300705 White</p><p> -19% 0FF </p><p>$44.59</p><a href="https://www.amazon.com/dp/B074HLRXMP?tag=eloabder-20&linkCode=osi&th=1&psc=1">View Product</a></div><div class="product"><a href="https://www.amazon.com/dp/B01BKWSHHE?tag=eloabder-20&linkCode=osi&th=1&psc=1"><img src="https://m.media-amazon.com/images/I/31le9xXAImL._SL500_.jpg" alt="Product Image"></a><p>Frigidaire EPTWFU01 Water Filtration Filter, 1 Count, White</p><p> -8% 0FF </p><p>$49.00</p><a href="https://www.amazon.com/dp/B01BKWSHHE?tag=eloabder-20&linkCode=osi&th=1&psc=1">View Product</a></div><div class="product"><a href="https://www.amazon.com/dp/B00VBP8QPO?tag=eloabder-20&linkCode=osi&th=1&psc=1"><img src="https://m.media-amazon.com/images/I/31NokdYCZOL._SL500_.jpg" alt="Product Image"></a><p>Everydrop by Whirlpool Ice and Water Refrigerator Filter 2, EDR2RXD1, Single-Pack</p><p> -20% 0FF </p><p>$47.99</p><a href="https://www.amazon.com/dp/B00VBP8QPO?tag=eloabder-20&linkCode=osi&th=1&psc=1">View Product</a></div><div class="product"><a href="https://www.amazon.com/dp/B00UB38V2A?tag=eloabder-20&linkCode=osi&th=1&psc=1"><img src="https://m.media-amazon.com/images/I/317IAqOtFtL._SL500_.jpg" alt="Product Image"></a><p>everydrop by Whirlpool Ice and Water Refrigerator Filter 4, EDR4RXD1, Single-Pack</p><p> -23% 0FF </p><p>$46.32 ($27.09 / Pound)</p><a href="https://www.amazon.com/dp/B00UB38V2A?tag=eloabder-20&linkCode=osi&th=1&psc=1">View Product</a></div><div class="product"><a href="https://www.amazon.com/dp/B071NFVVNG?tag=eloabder-20&linkCode=osi&th=1&psc=1"><img src="https://m.media-amazon.com/images/I/41uJIz7wOSL._SL500_.jpg" alt="Product Image"></a><p>SAMSUNG Genuine Filter for Refrigerator Water and Ice, Carbon Block Filtration, Reduces 99% of Harmful Contaminants for Clean, Clear Drinking Water, 6-Month Life, HAF-QIN/EXP, 1 Pack</p><p> -30% 0FF </p><p>$34.99</p><a href="https://www.amazon.com/dp/B071NFVVNG?tag=eloabder-20&linkCode=osi&th=1&psc=1">View Product</a></div><div class="product"><a href="https://www.amazon.com/dp/B0045LLC7K?tag=eloabder-20&linkCode=osi&th=1&psc=1"><img src="https://m.media-amazon.com/images/I/61KMsxTZCzL._SL500_.jpg" alt="Product Image"></a><p>Frigidaire WF3CB Puresource3 Refrigerator Water Filter , White, 1 Count (Pack of 1)</p><p> -12% 0FF </p><p>$42.00</p><a href="https://www.amazon.com/dp/B0045LLC7K?tag=eloabder-20&linkCode=osi&th=1&psc=1">View Product</a></div>
<div class="product"><a href="https://www.amazon.com/dp/B0CCK33WLB?tag=eloabder-20&linkCode=osi&th=1&psc=1"><img src="https://m.media-amazon.com/images/I/41EyKRnAWNL._SL500_.jpg" alt="Product Image"></a><p>Ninja Thirsti Drink System, Soda Maker, Create Unique Sparkling & Still Drinks, Personalize Size & Flavor, Carbonated Water Machine, 60L CO2 Cylinder & Variety of Flavored Water Drops, Black WC1001</p><p> -44% 0FF </p><p>$99.99</p><a href="https://www.amazon.com/dp/B0CCK33WLB?tag=eloabder-20&linkCode=osi&th=1&psc=1">View Product</a></div><div class="product"><a href="https://www.amazon.com/dp/B09K81HGGD?tag=eloabder-20&linkCode=osi&th=1&psc=1"><img src="https://m.media-amazon.com/images/I/41iyFiXEpmL._SL500_.jpg" alt="Product Image"></a><p>PHILIPS Sparkling Water Maker Soda Maker Soda Streaming Machine for Carbonating with 1L Carbonating Bottle, Seltzer Fizzy Water Maker, Compatible with Any Screw-in 60L CO2 Carbonator(NOT Included)</p><p> -20% 0FF </p><p>$53.97 ($53.97 / Count)</p><a href="https://www.amazon.com/dp/B09K81HGGD?tag=eloabder-20&linkCode=osi&th=1&psc=1">View Product</a></div><div class="product"><a href="https://www.amazon.com/dp/B08HR72YN1?tag=eloabder-20&linkCode=osi&th=1&psc=1"><img src="https://m.media-amazon.com/images/I/41m9KO8snqL._SL500_.jpg" alt="Product Image"></a><p>aarke - Carbonator III Premium Carbonator-Sparkling & Seltzer Water Maker-Soda Maker with PET Bottle (Stainless Steel)</p><p> -16% 0FF </p><p>$189.99</p><a href="https://www.amazon.com/dp/B08HR72YN1?tag=eloabder-20&linkCode=osi&th=1&psc=1">View Product</a></div><div class="product"><a href="https://www.amazon.com/dp/B01MAVUI17?tag=eloabder-20&linkCode=osi&th=1&psc=1"><img src="https://m.media-amazon.com/images/I/31hwDO28c+L._SL500_.jpg" alt="Product Image"></a><p>iSi North America Soda Siphon Classic Mesh Sodamaker for Making Carbonating Beverages, 1 Quart, Stainless Steel,Silver</p><p> -27% 0FF </p><p>$91.24</p><a href="https://www.amazon.com/dp/B01MAVUI17?tag=eloabder-20&linkCode=osi&th=1&psc=1">View Product</a></div><div class="product"><a href="https://www.amazon.com/dp/B097TD8V5P?tag=eloabder-20&linkCode=osi&th=1&psc=1"><img src="https://m.media-amazon.com/images/I/41waAUN4cYL._SL500_.jpg" alt="Product Image"></a><p>SodaStream Terra Sparkling Water Maker (Black) with CO2 and DWS Bottle</p><p> -18% 0FF </p><p>$81.99</p><a href="https://www.amazon.com/dp/B097TD8V5P?tag=eloabder-20&linkCode=osi&th=1&psc=1">View Product</a></div><div class="product"><a href="https://www.amazon.com/dp/B0CG8W3YTG?tag=eloabder-20&linkCode=osi&th=1&psc=1"><img src="https://m.media-amazon.com/images/I/41o-dYH8ZFL._SL500_.jpg" alt="Product Image"></a><p>spoonlemon Sparkling Water Maker,Soda Streaming Machine for Home Use, Carbonated Water Machine with BPA Free 1L PET Bottle, Compatible with Any Screw-in 60L CO2 Exchange Carbonator, Black</p><p> -40% 0FF </p><p>$29.99</p><a href="https://www.amazon.com/dp/B0CG8W3YTG?tag=eloabder-20&linkCode=osi&th=1&psc=1">View Product</a></div>
<div class="product"><a href="https://www.amazon.com/dp/B0CNV1ZVFY?tag=eloabder-20&linkCode=osi&th=1&psc=1"><img src="https://m.media-amazon.com/images/I/51-GQToXwtL._SL500_.jpg" alt="Product Image"></a><p>Zulay Powerful Milk Frother (4 Duracell Batteries Included) - Handheld Milk Frother Wand Drink Mixer for Coffee - Powerful Milk Foamer for Cappuccino, Frappe, Matcha & Coffee Creamer - Black</p><p> -27% 0FF </p><p>$15.99</p><a href="https://www.amazon.com/dp/B0CNV1ZVFY?tag=eloabder-20&linkCode=osi&th=1&psc=1">View Product</a></div><div class="product"><a href="https://www.amazon.com/dp/B0CQS3ZS76?tag=eloabder-20&linkCode=osi&th=1&psc=1"><img src="https://m.media-amazon.com/images/I/41Qi-eOYOAL._SL500_.jpg" alt="Product Image"></a><p>5-in-1 Milk Frother and Steamer - Upgraded Automatic Milk Steamer 11.8oz Hot & Cold Foam Maker and Milk Warmer with LED Display Touch Screen & Two Whisks for Latte,Cappuccinos,Silent Working</p><p> -20% 0FF </p><p>$36.98</p><a href="https://www.amazon.com/dp/B0CQS3ZS76?tag=eloabder-20&linkCode=osi&th=1&psc=1">View Product</a></div><div class="product"><a href="https://www.amazon.com/dp/B0CT43RWPQ?tag=eloabder-20&linkCode=osi&th=1&psc=1"><img src="https://m.media-amazon.com/images/I/3113HSHcJUL._SL500_.jpg" alt="Product Image"></a><p>Keurig® SimpleCafé Milk Frother</p><p> -20% 0FF </p><p>$23.99</p><a href="https://www.amazon.com/dp/B0CT43RWPQ?tag=eloabder-20&linkCode=osi&th=1&psc=1">View Product</a></div>
<div class="product"><a href="https://www.amazon.com/dp/B00ZGCKLE2?tag=eloabder-20&linkCode=osi&th=1&psc=1"><img src="https://m.media-amazon.com/images/I/31i6YnOvfAL._SL500_.jpg" alt="Product Image"></a><p>DASH Deluxe Rapid Egg Cooker for Hard Boiled, Poached, Scrambled Eggs, Omelets, Steamed Vegetables, Dumplings & More, 12 capacity, with Auto Shut Off Feature - Black</p><p> -8% 0FF </p><p>$22.94</p><a href="https://www.amazon.com/dp/B00ZGCKLE2?tag=eloabder-20&linkCode=osi&th=1&psc=1">View Product</a></div><div class="product"><a href="https://www.amazon.com/dp/B09YFBKGCS?tag=eloabder-20&linkCode=osi&th=1&psc=1"><img src="https://m.media-amazon.com/images/I/31eiNcNseHL._SL500_.jpg" alt="Product Image"></a><p>Elite Gourmet Easy Electric 7 Egg Capacity Soft, Medium, Hard-Boiled Cooker Poacher, Scrambled, Omelet Maker with Auto Shut-Off and Buzzer, BPA Free</p><p> -7% 0FF </p><p>$13.99</p><a href="https://www.amazon.com/dp/B09YFBKGCS?tag=eloabder-20&linkCode=osi&th=1&psc=1">View Product</a></div>
<div class="product"><a href="https://www.amazon.com/dp/B0D69JWL18?tag=eloabder-20&linkCode=osi&th=1&psc=1"><img src="https://m.media-amazon.com/images/I/41kYQfIKwhL._SL500_.jpg" alt="Product Image"></a><p>Electric Meat Grinder, Sausage Stuffer Maker 450W(3000W Max) Food Grinder with Blade & 3 Plates, Sausage Stuffer Tubes & Kubbe Kit, Stainless Steel Heavy Duty Meat Mincer Machine for Home Kitchen Use</p><p> -15% 0FF </p><p>$68.99</p><a href="https://www.amazon.com/dp/B0D69JWL18?tag=eloabder-20&linkCode=osi&th=1&psc=1">View Product</a></div>
<div class="product"><a href="https://www.amazon.com/dp/B0DFMVWB9L?tag=eloabder-20&linkCode=osi&th=1&psc=1"><img src="https://m.media-amazon.com/images/I/419rFpp0fLL._SL500_.jpg" alt="Product Image"></a><p>Dough Mixer 7L Large Capacity Electric Dough Maker with Ferment Function for Baking Bread Dough&Pizza Dough - Dough whisk 304 Stainless Steel Blender Add water/seasoning with Top Small Window</p><p> -33% 0FF </p><p>$93.99</p><a href="https://www.amazon.com/dp/B0DFMVWB9L?tag=eloabder-20&linkCode=osi&th=1&psc=1">View Product</a></div><div class="product"><a href="https://www.amazon.com/dp/B09BVDKSTN?tag=eloabder-20&linkCode=osi&th=1&psc=1"><img src="https://m.media-amazon.com/images/I/41Y7r4SvteL._SL500_.jpg" alt="Product Image"></a><p>Kitchen in the box Stand Mixer,3.2Qt Small Electric Food Mixer,6 Speeds Portable Lightweight Kitchen Mixer for Daily Use with Egg Whisk,Dough Hook,Flat Beater (Blue)</p><p> -20% 0FF </p><p>$79.99</p><a href="https://www.amazon.com/dp/B09BVDKSTN?tag=eloabder-20&linkCode=osi&th=1&psc=1">View Product</a></div><div class="product"><a href="https://www.amazon.com/dp/B0DDT7GKZS?tag=eloabder-20&linkCode=osi&th=1&psc=1"><img src="https://m.media-amazon.com/images/I/41l9zrpiWsL._SL500_.jpg" alt="Product Image"></a><p>Electric Dough Maker with Ferment Function, 5L(5.2QT) Dough Mixer Machine with 304 Stainless Steel Bowl, Microcomputer Timing, Kitchen Stand Mixers, Household Flour Kneading Machine for Pizza Bread</p><p> -10% 0FF </p><p>$89.99</p><a href="https://www.amazon.com/dp/B0DDT7GKZS?tag=eloabder-20&linkCode=osi&th=1&psc=1">View Product</a></div>
<div class="product"><a href="https://www.amazon.com/dp/B006N453NQ?tag=eloabder-20&linkCode=osi&th=1&psc=1"><img src="https://m.media-amazon.com/images/I/311EqpHCn9L._SL500_.jpg" alt="Product Image"></a><p>IMUSA USA Tortilla Press, 8 Inch, Silver</p><p> -38% 0FF </p><p>$12.39</p><a href="https://www.amazon.com/dp/B006N453NQ?tag=eloabder-20&linkCode=osi&th=1&psc=1">View Product</a></div><div class="product"><a href="https://www.amazon.com/dp/B00455NTOU?tag=eloabder-20&linkCode=osi&th=1&psc=1"><img src="https://m.media-amazon.com/images/I/41OXJbbz3fL._SL500_.jpg" alt="Product Image"></a><p>CucinaPro Electric Tortilla Maker - 10" Pitas, Chapati, Roti, Flatbread, Non-Stick Cooking Plates with Ready Light and Cord Wrap</p><p> -12% 0FF </p><p>$61.65</p><a href="https://www.amazon.com/dp/B00455NTOU?tag=eloabder-20&linkCode=osi&th=1&psc=1">View Product</a></div><div class="product"><a href="https://www.amazon.com/dp/B00IFDGST6?tag=eloabder-20&linkCode=osi&th=1&psc=1"><img src="https://m.media-amazon.com/images/I/41gVmZedZML._SL500_.jpg" alt="Product Image"></a><p>Manual Corn Tortilla Maker by Monarca</p><p> -29% 0FF </p><p>$105.78</p><a href="https://www.amazon.com/dp/B00IFDGST6?tag=eloabder-20&linkCode=osi&th=1&psc=1">View Product</a></div><div class="product"><a href="https://www.amazon.com/dp/B0CRF6ZZDJ?tag=eloabder-20&linkCode=osi&th=1&psc=1"><img src="https://m.media-amazon.com/images/I/41NLGn3m6PL._SL500_.jpg" alt="Product Image"></a><p>10inch Roti Maker by StarBlue with FREE Roti Warmer and Removable Handle - The automatic Stainless Steel Non-Stick Electric machine to make Indian style Chapati, Tortilla, Roti AC 110V 50/60Hz 1200W</p><p> -13% 0FF </p><p>$69.99</p><a href="https://www.amazon.com/dp/B0CRF6ZZDJ?tag=eloabder-20&linkCode=osi&th=1&psc=1">View Product</a></div><div class="product"><a href="https://www.amazon.com/dp/B06XWNDKW7?tag=eloabder-20&linkCode=osi&th=1&psc=1"><img src="https://m.media-amazon.com/images/I/41nx+omSxCL._SL500_.jpg" alt="Product Image"></a><p>Made in Mexico Manual Corn Tortilla Maker GONZALEZ Maquina Tortilladora Aluminum 5.5" Automatic Cutting Machine</p><p> -5% 0FF </p><p>$209.87</p><a href="https://www.amazon.com/dp/B06XWNDKW7?tag=eloabder-20&linkCode=osi&th=1&psc=1">View Product</a></div>
<div class="product"><a href="https://www.amazon.com/dp/B0C82BY7CK?tag=eloabder-20&linkCode=osi&th=1&psc=1"><img src="https://m.media-amazon.com/images/I/51c+eLUrDVL._SL500_.jpg" alt="Product Image"></a><p>nutrichef Electric Crepe Maker Pan & Griddle, 12 Inch Nonstick Cooktop, LED Indicators & Adjustable Temperature Control, Includes Spatula, Batter Spreader, Cooks Crepes, Roti & Pancakes</p><p> -17% 0FF </p><p>$24.99</p><a href="https://www.amazon.com/dp/B0C82BY7CK?tag=eloabder-20&linkCode=osi&th=1&psc=1">View Product</a></div><div class="product"><a href="https://www.amazon.com/dp/B000WW46QA?tag=eloabder-20&linkCode=osi&th=1&psc=1"><img src="https://m.media-amazon.com/images/I/41CY+mgFAmL._SL500_.jpg" alt="Product Image"></a><p>CucinaPro Cordless Crepe Maker- FREE Recipe Guide, NonStick Dipping Plate plus Electric Base & Batter Spatula, Portable Compact Baker, Homemade Holiday Morning Breakfast or Dessert Treat, Gift for Her</p><p> -20% 0FF </p><p>$39.95</p><a href="https://www.amazon.com/dp/B000WW46QA?tag=eloabder-20&linkCode=osi&th=1&psc=1">View Product</a></div><div class="product"><a href="https://www.amazon.com/dp/B07GSFVVDB?tag=eloabder-20&linkCode=osi&th=1&psc=1"><img src="https://m.media-amazon.com/images/I/51XKEoqpDBL._SL500_.jpg" alt="Product Image"></a><p>Crepe Maker Machine (Easy to Use), Pancake Griddle – Nonstick 12” Electric Griddle – Pancake Maker, Batter Spreader, Wooden Spatula – Crepe Pan for Crepes Roti, Tortilla, Blintzes – Portable, Compact</p><p> -36% 0FF </p><p>$31.99 ($0.77 / oz)</p><a href="https://www.amazon.com/dp/B07GSFVVDB?tag=eloabder-20&linkCode=osi&th=1&psc=1">View Product</a></div><div class="product"><a href="https://www.amazon.com/dp/B001EZCJL8?tag=eloabder-20&linkCode=osi&th=1&psc=1"><img src="https://m.media-amazon.com/images/I/51Ih03aFGjL._SL500_.jpg" alt="Product Image"></a><p>12" Griddle & Crepe Maker, Non-Stick Electric Crepe Pan w Batter Spreader & Recipe Guide- Dual Use for Blintzes Eggs Pancakes, Portable, Adjustable Temperature Settings - Holiday Breakfast, Xmas Gift</p><p> -20% 0FF </p><p>$39.95</p><a href="https://www.amazon.com/dp/B001EZCJL8?tag=eloabder-20&linkCode=osi&th=1&psc=1">View Product</a></div>
<div class="product"><a href="https://www.amazon.com/dp/B000FZ4TZC?tag=eloabder-20&linkCode=osi&th=1&psc=1"><img src="https://m.media-amazon.com/images/I/31nyHOkItNL._SL500_.jpg" alt="Product Image"></a><p>Nostalgia 3 Tier Electric Chocolate Fondue Fountain Machine for Parties - Melts Cheese, Queso, Candy, and Liqueur - Dip Strawberries, Apple Wedges, Vegetables, and More - 24-Ounce - Black, Small</p><p> -13% 0FF </p><p>$34.99</p><a href="https://www.amazon.com/dp/B000FZ4TZC?tag=eloabder-20&linkCode=osi&th=1&psc=1">View Product</a></div><div class="product"><a href="https://www.amazon.com/dp/B0D7SZXBRW?tag=eloabder-20&linkCode=osi&th=1&psc=1"><img src="https://m.media-amazon.com/images/I/41+DhKbj5zL._SL500_.jpg" alt="Product Image"></a><p>Electric Chocolate Fondue Fountain Machine, 3-Tier Chocolate and Cheese Melting Fountain with 10oz Capacity, Stainless Steel Mini Chocolate Fountain for Parties, Weddings, Birthdays, and Events</p><p> -24% 0FF </p><p>$18.99</p><a href="https://www.amazon.com/dp/B0D7SZXBRW?tag=eloabder-20&linkCode=osi&th=1&psc=1">View Product</a></div>
<div class="product"><a href="https://www.amazon.com/dp/B0888F15LM?tag=eloabder-20&linkCode=osi&th=1&psc=1"><img src="https://m.media-amazon.com/images/I/41Ikd-J1tpL._SL500_.jpg" alt="Product Image"></a><p>Taylor Swoden Electric Kettle with Tea Infuser, 1L Small Electric Tea Kettle with Keep Warm, LED Light Hot Water Boiler & Heater for Coffee & Tea, Auto Shut-Off & Boil Dry Protection, BPA Free, Black</p><p> -7% 0FF </p><p>$27.99</p><a href="https://www.amazon.com/dp/B0888F15LM?tag=eloabder-20&linkCode=osi&th=1&psc=1">View Product</a></div>
<div class="product"><a href="https://www.amazon.com/dp/B07X6C6J25?tag=eloabder-20&linkCode=osi&th=1&psc=1"><img src="https://m.media-amazon.com/images/I/41RaGumc3qL._SL500_.jpg" alt="Product Image"></a><p>ALINK 5-Pack Bottle Brush Cleaner - Long Bamboo Handle Water Bottle Straw Cleaning Brush for Washing Narrow Neck Beer Wine Decanter, Sports Bottle, Thermos, Flask</p><p> -29% 0FF </p><p>$9.99</p><a href="https://www.amazon.com/dp/B07X6C6J25?tag=eloabder-20&linkCode=osi&th=1&psc=1">View Product</a></div><div class="product"><a href="https://www.amazon.com/dp/B0BQLGCQVD?tag=eloabder-20&linkCode=osi&th=1&psc=1"><img src="https://m.media-amazon.com/images/I/3144LGFz9-L._SL500_.jpg" alt="Product Image"></a><p>5 Pcs Bottle Brush with Stainless Steel and Long Handle, Specialized for Sports Bottles, Baby Bottle, Cups, Coffee Mugs, Glasswares, Tumblers, Wine Decanters Cleaning</p><p> -25% 0FF </p><p>$1.50</p><a href="https://www.amazon.com/dp/B0BQLGCQVD?tag=eloabder-20&linkCode=osi&th=1&psc=1">View Product</a></div>
<div class="product"><a href="https://www.amazon.com/dp/B01EVHWNVG?tag=eloabder-20&linkCode=osi&th=1&psc=1"><img src="https://m.media-amazon.com/images/I/41DiyhHQuzL._SL500_.jpg" alt="Product Image"></a><p>Zojirushi NS-LGC05XB Micom Rice Cooker & Warmer, 3-Cups (uncooked), Stainless Black</p><p> -27% 0FF </p><p>$142.14</p><a href="https://www.amazon.com/dp/B01EVHWNVG?tag=eloabder-20&linkCode=osi&th=1&psc=1">View Product</a></div><div class="product"><a href="https://www.amazon.com/dp/B098BVDKYK?tag=eloabder-20&linkCode=osi&th=1&psc=1"><img src="https://m.media-amazon.com/images/I/31LwHSfartL._SL500_.jpg" alt="Product Image"></a><p>Aroma Housewares 4-Cups (Cooked) / 1Qt. Rice & Grain Cooker (ARC-302NGP), Pink</p><p> -20% 0FF </p><p>$19.99</p><a href="https://www.amazon.com/dp/B098BVDKYK?tag=eloabder-20&linkCode=osi&th=1&psc=1">View Product</a></div><div class="product"><a href="https://www.amazon.com/dp/B091BZQMMT?tag=eloabder-20&linkCode=osi&th=1&psc=1"><img src="https://m.media-amazon.com/images/I/31L3e+bmJ3L._SL500_.jpg" alt="Product Image"></a><p>GreenLife 4-Cup Digital Rice Cooker, PFAS & PFOA-Free Removable Ceramic Dishwasher Safe Pot, Healthy Cooking Oats Grains & More, Auto Presets, Touch-screen, Delay & Keep Warm, Paddle Included, White</p><p> -34% 0FF </p><p>$33.00</p><a href="https://www.amazon.com/dp/B091BZQMMT?tag=eloabder-20&linkCode=osi&th=1&psc=1">View Product</a></div><div class="product"><a href="https://www.amazon.com/dp/B00007J5U7?tag=eloabder-20&linkCode=osi&th=1&psc=1"><img src="https://m.media-amazon.com/images/I/31wuPFARpOS._SL500_.jpg" alt="Product Image"></a><p>Zojirushi NS-ZCC10 5-1/2-Cup Neuro Fuzzy Rice Cooker and Warmer, Premium White</p><p> -18% 0FF </p><p>$199.99</p><a href="https://www.amazon.com/dp/B00007J5U7?tag=eloabder-20&linkCode=osi&th=1&psc=1">View Product</a></div>
<div class="product"><a href="https://www.amazon.com/dp/B01LYR6VNZ?tag=eloabder-20&linkCode=osi&th=1&psc=1"><img src="https://m.media-amazon.com/images/I/51BYZ5qkPBL._SL500_.jpg" alt="Product Image"></a><p>BLACK+DECKER 1.5-Cup Electric Food Chopper, One Touch Pulse, 150W Motor, Stay-Sharp Blade, Dishwasher Safe</p><p> -15% 0FF </p><p>$16.99</p><a href="https://www.amazon.com/dp/B01LYR6VNZ?tag=eloabder-20&linkCode=osi&th=1&psc=1">View Product</a></div><div class="product"><a href="https://www.amazon.com/dp/B01LX8I3R3?tag=eloabder-20&linkCode=osi&th=1&psc=1"><img src="https://m.media-amazon.com/images/I/31OuiPMscGL._SL500_.jpg" alt="Product Image"></a><p>KitchenAid KFC3516CU 3.5 Cup Food Chopper, Contour Silver</p><p> -25% 0FF </p><p>$44.95</p><a href="https://www.amazon.com/dp/B01LX8I3R3?tag=eloabder-20&linkCode=osi&th=1&psc=1">View Product</a></div><div class="product"><a href="https://www.amazon.com/dp/B00006IUX0?tag=eloabder-20&linkCode=osi&th=1&psc=1"><img src="https://m.media-amazon.com/images/I/41DiC1LmvUL._SL500_.jpg" alt="Product Image"></a><p>Proctor Silex Durable Electric Vegetable Chopper & Mini Food Processor for Chopping, Puree & Emulsify, 1.5 Cup, 1.5 cups, White</p><p> -17% 0FF </p><p>$14.99</p><a href="https://www.amazon.com/dp/B00006IUX0?tag=eloabder-20&linkCode=osi&th=1&psc=1">View Product</a></div><div class="product"><a href="https://www.amazon.com/dp/B0CSYVGP9S?tag=eloabder-20&linkCode=osi&th=1&psc=1"><img src="https://m.media-amazon.com/images/I/41kBleyq34L._SL500_.jpg" alt="Product Image"></a><p>DEVINC Food Processor, Electric Food Chopper with 2 Bowls (8 Cup+8 Cup), 2 Sets Blades, 500W Meat Grinder & Veggie Chopper, 2 Speed for Baby food &Family Use Blue</p><p> -40% 0FF </p><p>$29.99</p><a href="https://www.amazon.com/dp/B0CSYVGP9S?tag=eloabder-20&linkCode=osi&th=1&psc=1">View Product</a></div>
<div class="product"><a href="https://www.amazon.com/dp/B07D7TFTVN?tag=eloabder-20&linkCode=osi&th=1&psc=1"><img src="https://m.media-amazon.com/images/I/31ZeQnL1X4L._SL500_.jpg" alt="Product Image"></a><p>Elite Gourmet EMT-625B Ultimate Precision Electric Deli Food Meat Slicer Removable Stainless Steel Blade, Adjustable Thickness, Ideal for Cold Cuts, Hard Cheese, Vegetables & Bread, 7.5”, Black</p><p> -25% 0FF </p><p>$60.24</p><a href="https://www.amazon.com/dp/B07D7TFTVN?tag=eloabder-20&linkCode=osi&th=1&psc=1">View Product</a></div><div class="product"><a href="https://www.amazon.com/dp/B0CLDD8DHP?tag=eloabder-20&linkCode=osi&th=1&psc=1"><img src="https://m.media-amazon.com/images/I/41ScDNLkLAL._SL500_.jpg" alt="Product Image"></a><p>Meat Slicer,TOKASS Electric Deli Food Slicer with Removable 7.5’’ Stainless Steel Blade, Adjustable Thickness Meat Slicer for Home Use, Child Lock Protection, Easy to Clean, Food Slicer Machine-Silver</p><p> -5% 0FF </p><p>$89.99</p><a href="https://www.amazon.com/dp/B0CLDD8DHP?tag=eloabder-20&linkCode=osi&th=1&psc=1">View Product</a></div><div class="product"><a href="https://www.amazon.com/dp/B08FWZ9J18?tag=eloabder-20&linkCode=osi&th=1&psc=1"><img src="https://m.media-amazon.com/images/I/41YjSPaAYwL._SL500_.jpg" alt="Product Image"></a><p>Meat Slicer, Techwood Electric Deil Food Slicer with Removable 9” Stainless Steel Blade, Deli Cheese Fruit Vegetable Bread Cutter with Adjustable Knob for Thickness, Food Carriage & Non-Slip Feet</p><p> -22% 0FF </p><p>$139.98</p><a href="https://www.amazon.com/dp/B08FWZ9J18?tag=eloabder-20&linkCode=osi&th=1&psc=1">View Product</a></div>
<div class="product"><a href="https://www.amazon.com/dp/B00XPRRHYW?tag=eloabder-20&linkCode=osi&th=1&psc=1"><img src="https://m.media-amazon.com/images/I/31dUvP1wfeL._SL500_.jpg" alt="Product Image"></a><p>KitchenAid Fruit and Vegetable Spiralizer Attachment Stand Mixer, Polished Aluminum</p><p> -46% 0FF </p><p>$69.99</p><a href="https://www.amazon.com/dp/B00XPRRHYW?tag=eloabder-20&linkCode=osi&th=1&psc=1">View Product</a></div>
<div class="product"><a href="https://www.amazon.com/dp/B07DD3CPMW?tag=eloabder-20&linkCode=osi&th=1&psc=1"><img src="https://m.media-amazon.com/images/I/415ikDbvbCL._SL500_.jpg" alt="Product Image"></a><p>OVENTE Portable 5 Speed Mixing Electric Hand Mixer with Stainless Steel Whisk Beater Attachments & Snap Storage Case, Compact Lightweight 150 Watt Powerful Blender for Baking & Cooking, Red HM151R</p><p> -8% 0FF </p><p>$15.63</p><a href="https://www.amazon.com/dp/B07DD3CPMW?tag=eloabder-20&linkCode=osi&th=1&psc=1">View Product</a></div><div class="product"><a href="https://www.amazon.com/dp/B009N68ULS?tag=eloabder-20&linkCode=osi&th=1&psc=1"><img src="https://m.media-amazon.com/images/I/31pxKM3rl7L._SL500_.jpg" alt="Product Image"></a><p>KitchenAid 5 Speed Ultra Power Hand Mixer, Onyx Black</p><p> -25% 0FF </p><p>$44.95</p><a href="https://www.amazon.com/dp/B009N68ULS?tag=eloabder-20&linkCode=osi&th=1&psc=1">View Product</a></div><div class="product"><a href="https://www.amazon.com/dp/B09JV8DBX5?tag=eloabder-20&linkCode=osi&th=1&psc=1"><img src="https://m.media-amazon.com/images/I/31rRc0J8DTL._SL500_.jpg" alt="Product Image"></a><p>KitchenAid 6 Speed Hand Mixer with Flex Edge Beaters - KHM6118</p><p> -25% 0FF </p><p>$59.99</p><a href="https://www.amazon.com/dp/B09JV8DBX5?tag=eloabder-20&linkCode=osi&th=1&psc=1">View Product</a></div><div class="product"><a href="https://www.amazon.com/dp/B0BS75GLH2?tag=eloabder-20&linkCode=osi&th=1&psc=1"><img src="https://m.media-amazon.com/images/I/31Dss3HeqwL._SL500_.jpg" alt="Product Image"></a><p>Electric Egg Beater, Cordless Hand Mixer 3 Speeds for Home Baking (Black)</p><p> -11% 0FF </p><p>$15.97</p><a href="https://www.amazon.com/dp/B0BS75GLH2?tag=eloabder-20&linkCode=osi&th=1&psc=1">View Product</a></div><div class="product"><a href="https://www.amazon.com/dp/B075X1KPLZ?tag=eloabder-20&linkCode=osi&th=1&psc=1"><img src="https://m.media-amazon.com/images/I/515aqZsYz-L._SL500_.jpg" alt="Product Image"></a><p>Mueller Immersion Blender Handheld - 8 Speed Stainless Steel Electric Hand Blender, 3 in 1 Emulsion Blender Handheld with Turbo Mode, Stick Blender Emulsifier for Kitchen for Soup, Smoothie, Puree</p><p> -13% 0FF </p><p>$34.99</p><a href="https://www.amazon.com/dp/B075X1KPLZ?tag=eloabder-20&linkCode=osi&th=1&psc=1">View Product</a></div>
<div class="product"><a href="https://www.amazon.com/dp/B07GJXFCGR?tag=eloabder-20&linkCode=osi&th=1&psc=1"><img src="https://m.media-amazon.com/images/I/41bfOIwQ93L._SL500_.jpg" alt="Product Image"></a><p>Whisk Wiper® PRO compatible with KitchenAid Bowl-Lift Stand Mixers - Mix Without The Mess - The Ultimate Stand Mixer Accessory - Only Compatible With 6-Wire Whisks (Glass Blue)</p><p> -5% 0FF </p><p>$18.95</p><a href="https://www.amazon.com/dp/B07GJXFCGR?tag=eloabder-20&linkCode=osi&th=1&psc=1">View Product</a></div><div class="product"><a href="https://www.amazon.com/dp/B07796MWGN?tag=eloabder-20&linkCode=osi&th=1&psc=1"><img src="https://m.media-amazon.com/images/I/41GMDDQ6GWL._SL500_.jpg" alt="Product Image"></a><p>Whisk Wiper® PRO for Stand Mixers - Mix Without The Mess - The Ultimate Stand Mixer Accessory - Compatible With KitchenAid Tilt-Head Stand Mixers - 4.5qt, 5qt (Color: Clear)</p><p> -5% 0FF </p><p>$18.95</p><a href="https://www.amazon.com/dp/B07796MWGN?tag=eloabder-20&linkCode=osi&th=1&psc=1">View Product</a></div><div class="product"><a href="https://www.amazon.com/dp/B091F4PDNH?tag=eloabder-20&linkCode=osi&th=1&psc=1"><img src="https://m.media-amazon.com/images/I/31sUVweurbL._SL500_.jpg" alt="Product Image"></a><p>3- in-1 Immersion Hand blender, Powerful MOTOR & Stainless Steel Stick Blender, 4 Sharpe Blades with Whisk, Milk Frother Attachments</p><p> -16% 0FF </p><p>$22.80</p><a href="https://www.amazon.com/dp/B091F4PDNH?tag=eloabder-20&linkCode=osi&th=1&psc=1">View Product</a></div><div class="product"><a href="https://www.amazon.com/dp/B0CH4YZMTN?tag=eloabder-20&linkCode=osi&th=1&psc=1"><img src="https://m.media-amazon.com/images/I/41Q0AfduopL._SL500_.jpg" alt="Product Image"></a><p>Double Whisk Milk Frother, Handheld Electric Blender stick, Drink Mixer with Food Grade Stainless Steel Stirrer, Battery Operated Foam Maker for Coffee, Cappuccino, Matcha,Hot Chocolate Latte, in Pink</p><p> -20% 0FF </p><p>$7.99</p><a href="https://www.amazon.com/dp/B0CH4YZMTN?tag=eloabder-20&linkCode=osi&th=1&psc=1">View Product</a></div>
<div class="product"><a href="https://www.amazon.com/dp/B072TNMLNF?tag=eloabder-20&linkCode=osi&th=1&psc=1"><img src="https://m.media-amazon.com/images/I/41OnUdyH+sL._SL500_.jpg" alt="Product Image"></a><p>KitchenAid Vegetable Sheet Cutter, 1, Metallic</p><p> -38% 0FF </p><p>$79.99</p><a href="https://www.amazon.com/dp/B072TNMLNF?tag=eloabder-20&linkCode=osi&th=1&psc=1">View Product</a></div><div class="product"><a href="https://www.amazon.com/dp/B08GS17PFW?tag=eloabder-20&linkCode=osi&th=1&psc=1"><img src="https://m.media-amazon.com/images/I/41wT8q2I1aL._SL500_.jpg" alt="Product Image"></a><p>Spiralizer Attachment (5 Blades) Compatible with KitchenAid Stand Mixer, Comes with Peel, Core and Slice (Not KitchenAid Brand Spiralizer)</p><p> -22% 0FF </p><p>$69.98</p><a href="https://www.amazon.com/dp/B08GS17PFW?tag=eloabder-20&linkCode=osi&th=1&psc=1">View Product</a></div><div class="product"><a href="https://www.amazon.com/dp/B07H4K499J?tag=eloabder-20&linkCode=osi&th=1&psc=1"><img src="https://m.media-amazon.com/images/I/41y9+qxAXXL._SL500_.jpg" alt="Product Image"></a><p>Electric Food Processor,Food Chopper with Garlic Peeler and Titanium Coating Blades, 5 Cup Glass Bowl for Vegetables Fruit Salad Onion Garlic Meat Ice Chopper, Silver</p><p> -7% 0FF </p><p>$41.99</p><a href="https://www.amazon.com/dp/B07H4K499J?tag=eloabder-20&linkCode=osi&th=1&psc=1">View Product</a></div><div class="product"><a href="https://www.amazon.com/dp/B0D54CYJWN?tag=eloabder-20&linkCode=osi&th=1&psc=1"><img src="https://m.media-amazon.com/images/I/41JhLwIwMEL._SL500_.jpg" alt="Product Image"></a><p>Sunvivi Electric Food Chopper, 4 in 1 Small Food Processor for Grinding Meat, Peeling Garlic & Juicing, 2 Speed Blender and Food Grinder Combo with 1.5L Glass Bowl & 2 Cups (0.4L+0.2L), Black</p><p> -17% 0FF </p><p>$49.99</p><a href="https://www.amazon.com/dp/B0D54CYJWN?tag=eloabder-20&linkCode=osi&th=1&psc=1">View Product</a></div>
<div class="product"><a href="https://www.amazon.com/dp/B0CJLKS9CR?tag=eloabder-20&linkCode=osi&th=1&psc=1"><img src="https://m.media-amazon.com/images/I/41l9Ty14tRL._SL500_.jpg" alt="Product Image"></a><p>Mason Jar Vacuum Sealer - Electric Mason Jar Sealer Vacuum Sealing Kit, Vacuum Sealer for Mason Canning Jars with Can Opener, Regular and Wide Mouth Mason Jar Lids</p><p> -63% 0FF </p><p>$21.99</p><a href="https://www.amazon.com/dp/B0CJLKS9CR?tag=eloabder-20&linkCode=osi&th=1&psc=1">View Product</a></div>
<div class="product"><a href="https://www.amazon.com/dp/B01261VEOG?tag=eloabder-20&linkCode=osi&th=1&psc=1"><img src="https://m.media-amazon.com/images/I/418kVwEu+dL._SL500_.jpg" alt="Product Image"></a><p>Secura Electric Wine Opener, Automatic Electric Wine Bottle Corkscrew Opener with Foil Cutter, Rechargeable (Stainless Steel)</p><p> -35% 0FF </p><p>$21.77</p><a href="https://www.amazon.com/dp/B01261VEOG?tag=eloabder-20&linkCode=osi&th=1&psc=1">View Product</a></div><div class="product"><a href="https://www.amazon.com/dp/B07MH2W7QS?tag=eloabder-20&linkCode=osi&th=1&psc=1"><img src="https://m.media-amazon.com/images/I/41SB3Mq+ZtL._SL500_.jpg" alt="Product Image"></a><p>Air Pressure Pump Bottle Opener With Foil Cutter,Aerator Pourer,Vacuum Stopper(4PCS),Simple Cork Remover,Efficient Corkscrew Bottle Opener,Great For Wine Lovers,Perfect Wine Gift.</p><p> -33% 0FF </p><p>$9.99</p><a href="https://www.amazon.com/dp/B07MH2W7QS?tag=eloabder-20&linkCode=osi&th=1&psc=1">View Product</a></div><div class="product"><a href="https://www.amazon.com/dp/B08D8XHNXQ?tag=eloabder-20&linkCode=osi&th=1&psc=1"><img src="https://m.media-amazon.com/images/I/412uOa7TXAL._SL500_.jpg" alt="Product Image"></a><p>COKUNST Electric Wine Opener, Battery Operated Wine Bottle Openers with Foil Cutter, One-click Button Corkscrew Remover for Home Kitchen Party Wedding</p><p> -32% 0FF </p><p>$12.99</p><a href="https://www.amazon.com/dp/B08D8XHNXQ?tag=eloabder-20&linkCode=osi&th=1&psc=1">View Product</a></div><div class="product"><a href="https://www.amazon.com/dp/B00NOPV4JO?tag=eloabder-20&linkCode=osi&th=1&psc=1"><img src="https://m.media-amazon.com/images/I/31Z5OAL71SL._SL500_.jpg" alt="Product Image"></a><p>Rabbit Automatic Electric Corkscrew Wine Bottle Opener, One Size, Shiny Black</p><p> -24% 0FF </p><p>$34.99</p><a href="https://www.amazon.com/dp/B00NOPV4JO?tag=eloabder-20&linkCode=osi&th=1&psc=1">View Product</a></div>
<div class="product"><a href="https://www.amazon.com/dp/B0C84YQTNB?tag=eloabder-20&linkCode=osi&th=1&psc=1"><img src="https://m.media-amazon.com/images/I/51eZxT5kAZL._SL500_.jpg" alt="Product Image"></a><p>OurWarm Christmas Refrigerator Handle Covers Set of 4, Christmas Kitchen Decor Nutcracker Fridge Door Handle Cover Appliance Handle Covers for Christmas Decorations</p><p> -23% 0FF </p><p>$9.99 ($2.50 / Count)</p><a href="https://www.amazon.com/dp/B0C84YQTNB?tag=eloabder-20&linkCode=osi&th=1&psc=1">View Product</a></div><div class="product"><a href="https://www.amazon.com/dp/B0DJPYJTLW?tag=eloabder-20&linkCode=osi&th=1&psc=1"><img src="https://m.media-amazon.com/images/I/41nftVACcIL._SL500_.jpg" alt="Product Image"></a><p>Yankee Candle Scentplug Diffuser, Nutcracker with Light Sensor</p><p> -13% 0FF </p><p>$19.89</p><a href="https://www.amazon.com/dp/B0DJPYJTLW?tag=eloabder-20&linkCode=osi&th=1&psc=1">View Product</a></div>
<div class="product"><a href="https://www.amazon.com/dp/B0BNQXXT2F?tag=eloabder-20&linkCode=osi&th=1&psc=1"><img src="https://m.media-amazon.com/images/I/31X0LkDwyKL._SL500_.jpg" alt="Product Image"></a><p>Hamilton Beach Electric Knife Set with Reciprocating Serrated Blades, Storage Case, Fork - For Carving Meats, Bread, Foam, More</p><p> -14% 0FF </p><p>$21.49</p><a href="https://www.amazon.com/dp/B0BNQXXT2F?tag=eloabder-20&linkCode=osi&th=1&psc=1">View Product</a></div><div class="product"><a href="https://www.amazon.com/dp/B00006IUX1?tag=eloabder-20&linkCode=osi&th=1&psc=1"><img src="https://m.media-amazon.com/images/I/21YsbXZzuqL._SL500_.jpg" alt="Product Image"></a><p>Proctor Silex Easy Slice Electric Knife for Carving Meats, Poultry, Bread, Crafting Foam and More, Lightweight with Contoured Grip, White</p><p> -5% 0FF </p><p>$18.99</p><a href="https://www.amazon.com/dp/B00006IUX1?tag=eloabder-20&linkCode=osi&th=1&psc=1">View Product</a></div>

<div class="product"><a href="https://www.amazon.com/dp/B079MJ68Y9?tag=eloabder-20&linkCode=osi&th=1&psc=1"><img src="https://m.media-amazon.com/images/I/211nSaqDuuL._SL500_.jpg" alt="Product Image"></a><p>OVENTE Electric Immersion Hand Blender 300 Watt 2 Mixing Speed with Stainless Steel Blades, Powerful Portable Easy Control Grip Stick Mixer Perfect for Smoothies, Puree Baby Food & Soup, Red HS560R</p><p> -23% 0FF </p><p>$16.96</p><a href="https://www.amazon.com/dp/B079MJ68Y9?tag=eloabder-20&linkCode=osi&th=1&psc=1">View Product</a></div><div class="product"><a href="https://www.amazon.com/dp/B08HSNGR8P?tag=eloabder-20&linkCode=osi&th=1&psc=1"><img src="https://m.media-amazon.com/images/I/510nvQxxbfL._SL500_.jpg" alt="Product Image"></a><p>Mueller Multistick 800W 4-in-1 Immersion Blender Handheld, 12 Speed Hand Mixer - Turbo Boost, Heaviest Duty Copper Motor, Titanium Blades Hand Blender, Milk Frother Wand, Whisk, Beaker, Chopper</p><p> -20% 0FF </p><p>$39.96</p><a href="https://www.amazon.com/dp/B08HSNGR8P?tag=eloabder-20&linkCode=osi&th=1&psc=1">View Product</a></div><div class="product"><a href="https://www.amazon.com/dp/B08F2SS6T2?tag=eloabder-20&linkCode=osi&th=1&psc=1"><img src="https://m.media-amazon.com/images/I/21TyV9p71CL._SL500_.jpg" alt="Product Image"></a><p>KitchenAid Variable Speed Corded Hand Blender KHBV53, Empire Red</p><p> -25% 0FF </p><p>$44.99</p><a href="https://www.amazon.com/dp/B08F2SS6T2?tag=eloabder-20&linkCode=osi&th=1&psc=1">View Product</a></div>
<div class="product"><a href="https://www.amazon.com/dp/B0DB29NMGK?tag=eloabder-20&linkCode=osi&th=1&psc=1"><img src="https://m.media-amazon.com/images/I/41zIfRgW1QL._SL500_.jpg" alt="Product Image"></a><p>Garlic Press, UHIYEE Multipurpose Garlic Grinder BPA-Free, Garlic Crusher Tool Dishwasher Safe, Easy-Clean Garlic Press Mincer, Ideal Kitchen Gifts</p><p> -14% 0FF </p><p>$18.95</p><a href="https://www.amazon.com/dp/B0DB29NMGK?tag=eloabder-20&linkCode=osi&th=1&psc=1">View Product</a></div><div class="product"><a href="https://www.amazon.com/dp/B0D969K4X6?tag=eloabder-20&linkCode=osi&th=1&psc=1"><img src="https://m.media-amazon.com/images/I/41oe5uMPzbL._SL500_.jpg" alt="Product Image"></a><p>KOIOS Food Processor, 500W Electric Food Chopper with 2 Bowls (8 Cup+8 Cup) & 2 Bi-Level Blades&, Small Electric Grinder Meat Processor for Nuts, Meat, Onion, Garlic, Baby Food, Blue</p><p> -25% 0FF </p><p>$29.99</p><a href="https://www.amazon.com/dp/B0D969K4X6?tag=eloabder-20&linkCode=osi&th=1&psc=1">View Product</a></div>
<div class="product"><a href="https://www.amazon.com/dp/B01MUTSU13?tag=eloabder-20&linkCode=osi&th=1&psc=1"><img src="https://m.media-amazon.com/images/I/41LObBw8jvL._SL500_.jpg" alt="Product Image"></a><p>KitchenAid Fresh Prep Slicer/Shredder, 1, White</p><p> -25% 0FF </p><p>$44.99</p><a href="https://www.amazon.com/dp/B01MUTSU13?tag=eloabder-20&linkCode=osi&th=1&psc=1">View Product</a></div><div class="product"><a href="https://www.amazon.com/dp/B0CRDX11GS?tag=eloabder-20&linkCode=osi&th=1&psc=1"><img src="https://m.media-amazon.com/images/I/41FzBxdrTHL._SL500_.jpg" alt="Product Image"></a><p>Heiolkako Stainless Steel Slicer Shredder Attachment for KitchenAid Stand Mixer,Cheese Grater,Salad Maker,Grinding Powder,Kitchenaid Cheese Grater Attachment with 4 Blades</p><p> -54% 0FF </p><p>$32.19</p><a href="https://www.amazon.com/dp/B0CRDX11GS?tag=eloabder-20&linkCode=osi&th=1&psc=1">View Product</a></div><div class="product"><a href="https://www.amazon.com/dp/B07H96RQDK?tag=eloabder-20&linkCode=osi&th=1&psc=1"><img src="https://m.media-amazon.com/images/I/41TaPboi9IL._SL500_.jpg" alt="Product Image"></a><p>Slicer Shredder Attachment for KitchenAid Stand Mixers, Vegetable for Kitchenaid, Cheese Grater by Gvode</p><p> -23% 0FF </p><p>$35.99</p><a href="https://www.amazon.com/dp/B07H96RQDK?tag=eloabder-20&linkCode=osi&th=1&psc=1">View Product</a></div><div class="product"><a href="https://www.amazon.com/dp/B09ZTVCN76?tag=eloabder-20&linkCode=osi&th=1&psc=1"><img src="https://m.media-amazon.com/images/I/51295QO3owL._SL500_.jpg" alt="Product Image"></a><p>FOHERE Electric Cheese Grater Salad Maker, Electric Slicer Shredder for Home Kitchen Use, One-Touch Easy Control, Electric Grater for Vegetables, Cheeses and Nuts, BPA-Free, Red</p><p> -8% 0FF </p><p>$54.99</p><a href="https://www.amazon.com/dp/B09ZTVCN76?tag=eloabder-20&linkCode=osi&th=1&psc=1">View Product</a></div><div class="product"><a href="https://www.amazon.com/dp/B00006IV0R?tag=eloabder-20&linkCode=osi&th=1&psc=1"><img src="https://m.media-amazon.com/images/I/41hdPUCSeiL._SL500_.jpg" alt="Product Image"></a><p>Presto Salad Shooter Electric Slicer/Shredder,White</p><p> -12% 0FF </p><p>$43.99</p><a href="https://www.amazon.com/dp/B00006IV0R?tag=eloabder-20&linkCode=osi&th=1&psc=1">View Product</a></div><div class="product"><a href="https://www.amazon.com/dp/B0000Z6JJG?tag=eloabder-20&linkCode=osi&th=1&psc=1"><img src="https://m.media-amazon.com/images/I/41qu0qCEbpL._SL500_.jpg" alt="Product Image"></a><p>Presto 02970 Professional SaladShooter Electric Slicer/Shredder, Black,1 count</p><p> -7% 0FF </p><p>$69.94</p><a href="https://www.amazon.com/dp/B0000Z6JJG?tag=eloabder-20&linkCode=osi&th=1&psc=1">View Product</a></div>
<div class="product"><a href="https://www.amazon.com/dp/B0CRH69TNQ?tag=eloabder-20&linkCode=osi&th=1&psc=1"><img src="https://m.media-amazon.com/images/I/41TdTRUZE+L._SL500_.jpg" alt="Product Image"></a><p>KSIFJRTO Electric Salad Spinner Large 4.75L.Vegetable Washer Dryer Dishwasher Safe.Lettuce Cleaner and Dryer.BPA Free and Easy to Use</p><p> -5% 0FF </p><p>$37.99</p><a href="https://www.amazon.com/dp/B0CRH69TNQ?tag=eloabder-20&linkCode=osi&th=1&psc=1">View Product</a></div><div class="product"><a href="https://www.amazon.com/dp/B0C8166T64?tag=eloabder-20&linkCode=osi&th=1&psc=1"><img src="https://m.media-amazon.com/images/I/51vSDD8O4XL._SL500_.jpg" alt="Product Image"></a><p>Electric Salad Spinner 6.3-Quart– Large Capacity Lettuce Spinner with Squeeze Bottle,Built-In Draining System,and Bowl & Colander – Serves 6-12 Persons Perfect for Family Meals, Parties and Gatherings</p><p> -20% 0FF </p><p>$39.99</p><a href="https://www.amazon.com/dp/B0C8166T64?tag=eloabder-20&linkCode=osi&th=1&psc=1">View Product</a></div><div class="product"><a href="https://www.amazon.com/dp/B0CBRXK8TV?tag=eloabder-20&linkCode=osi&th=1&psc=1"><img src="https://m.media-amazon.com/images/I/51F8UrWeiVL._SL500_.jpg" alt="Product Image"></a><p>Electric Salad Spinner,Automatic Salad Rotator,USB Chargeble Lettuce Spinner- Easy Water Drain System,Lettuce Cleaner and Dryer for Home Kitchen Washing & Drying Leafy Vegetables (White)</p><p> -11% 0FF </p><p>$32.99</p><a href="https://www.amazon.com/dp/B0CBRXK8TV?tag=eloabder-20&linkCode=osi&th=1&psc=1">View Product</a></div>
<div class="product"><a href="https://www.amazon.com/dp/B06XQMK2GJ?tag=eloabder-20&linkCode=osi&th=1&psc=1"><img src="https://m.media-amazon.com/images/I/31e1L9CJeZL._SL500_.jpg" alt="Product Image"></a><p>Hobart 00-270348 Tenderizer Cover, 13" Height, 13" Width, 9" Length</p><p> -43% 0FF </p><p>$153.87</p><a href="https://www.amazon.com/dp/B06XQMK2GJ?tag=eloabder-20&linkCode=osi&th=1&psc=1">View Product</a></div>
<div class="product"><a href="https://www.amazon.com/dp/B001DZ6TH4?tag=eloabder-20&linkCode=osi&th=1&psc=1"><img src="https://m.media-amazon.com/images/I/31WNioaDy-L._SL500_.jpg" alt="Product Image"></a><p>Tribest CitriStar Citrus Stainless Steel Strainer and Spout, Electric Juicer, White</p><p> -22% 0FF </p><p>$46.96</p><a href="https://www.amazon.com/dp/B001DZ6TH4?tag=eloabder-20&linkCode=osi&th=1&psc=1">View Product</a></div>
<div class="product"><a href="https://www.amazon.com/dp/B07SJQZVZS?tag=eloabder-20&linkCode=osi&th=1&psc=1"><img src="https://m.media-amazon.com/images/I/41F036om3pL._SL500_.jpg" alt="Product Image"></a><p>WEPSEN Hand Mixer Electric Mixing Bowls Set, 5 Speeds Handheld Mixer with 4 Nesting Stainless Steel Mixing Bowl, Measuring Cups Spoons 200W Kitchen Blender Whisk Beater Baking Supplies For Beginner</p><p> -5% 0FF </p><p>$40.99</p><a href="https://www.amazon.com/dp/B07SJQZVZS?tag=eloabder-20&linkCode=osi&th=1&psc=1">View Product</a></div><div class="product"><a href="https://www.amazon.com/dp/B08PYNC8T8?tag=eloabder-20&linkCode=osi&th=1&psc=1"><img src="https://m.media-amazon.com/images/I/31vrHycpiJL._SL500_.jpg" alt="Product Image"></a><p>Milk Frothing Pitcher, 12 Oz Milk Frother Steamer Cup Stainless Steel Espresso Cup</p><p> -28% 0FF </p><p>$8.69</p><a href="https://www.amazon.com/dp/B08PYNC8T8?tag=eloabder-20&linkCode=osi&th=1&psc=1">View Product</a></div><div class="product"><a href="https://www.amazon.com/dp/B08J3XXP67?tag=eloabder-20&linkCode=osi&th=1&psc=1"><img src="https://m.media-amazon.com/images/I/41OnPGc9k9L._SL500_.jpg" alt="Product Image"></a><p>EIKS 2 Pack 3oz(100ml) Glass Measuring Cups Milk Frothing Pitcher for Coffee Espresso Cappuccino Latte Juice Maker in Kitchen Restaurant</p><p> -16% 0FF </p><p>$9.99 ($5.00 / Count)</p><a href="https://www.amazon.com/dp/B08J3XXP67?tag=eloabder-20&linkCode=osi&th=1&psc=1">View Product</a></div>
<div class="product"><a href="https://www.amazon.com/dp/B0D41QZ9T2?tag=eloabder-20&linkCode=osi&th=1&psc=1"><img src="https://m.media-amazon.com/images/I/41V+hiXhcgL._SL500_.jpg" alt="Product Image"></a><p>3 in 1 Cup Lid Cleaning Brush, 2024 Multifunctional Crevice Portable Cup Lid Cleaning Brush for Bottle Gap Tight Spaces Cup (B-Green)</p><p> -60% 0FF </p><p>$3.99</p><a href="https://www.amazon.com/dp/B0D41QZ9T2?tag=eloabder-20&linkCode=osi&th=1&psc=1">View Product</a></div><div class="product"><a href="https://www.amazon.com/dp/B08ZJXMHR5?tag=eloabder-20&linkCode=osi&th=1&psc=1"><img src="https://m.media-amazon.com/images/I/31k9l0vz6VL._SL500_.jpg" alt="Product Image"></a><p>Brew Addicts Coffee Scoop Funnel for Reusable K Cups, Coffee Spoon Keurig Accessories for Keurig Brewers & Other Refillable Capsules, Dark Black</p><p> -9% 0FF </p><p>$8.99</p><a href="https://www.amazon.com/dp/B08ZJXMHR5?tag=eloabder-20&linkCode=osi&th=1&psc=1">View Product</a></div><div class="product"><a href="https://www.amazon.com/dp/B07C4TXDSL?tag=eloabder-20&linkCode=osi&th=1&psc=1"><img src="https://m.media-amazon.com/images/I/41BNPoEQz+L._SL500_.jpg" alt="Product Image"></a><p>Milk Frothing Pitcher Cup, 12oz/350ML Milk Frother Cup Stainless Steel Steaming Pitcher Milk Jug Coffee Latte Art Cappuccino Espresso Machine Accessories Barista Steam Pitchers Attached Dessert Spoons</p><p> -23% 0FF </p><p>$9.99</p><a href="https://www.amazon.com/dp/B07C4TXDSL?tag=eloabder-20&linkCode=osi&th=1&psc=1">View Product</a></div><div class="product"><a href="https://www.amazon.com/dp/B0CNVMZ2LM?tag=eloabder-20&linkCode=osi&th=1&psc=1"><img src="https://m.media-amazon.com/images/I/41j0UEM6XPL._SL500_.jpg" alt="Product Image"></a><p>Reusable Coffee Capsule Filters 3Pcs, Colorful Coffee Filters for Nescafe Dolce Gusto Brewers Machine, Reusable Refillable Coffee Pods Capsule Filter Cups Kit with Cleaning Brush and Measuring Spoon</p><p> -13% 0FF </p><p>$6.98 ($6.60 / Ounce)</p><a href="https://www.amazon.com/dp/B0CNVMZ2LM?tag=eloabder-20&linkCode=osi&th=1&psc=1">View Product</a></div>
<div class="product"><a href="https://www.amazon.com/dp/B08FB31NH5?tag=eloabder-20&linkCode=osi&th=1&psc=1"><img src="https://m.media-amazon.com/images/I/41eJZ9MTfFL._SL500_.jpg" alt="Product Image"></a><p>WEPSEN 5-Speed Electric Hand Mixer, 4 Large Mixing Bowls Set, Handheld Mixers with Whisks Beater, Stainless Steel Metal Nesting Bowl Measuring Cups Spoons Kitchen Cake Blender for Baking Supplies</p><p> -30% 0FF </p><p>$41.98</p><a href="https://www.amazon.com/dp/B08FB31NH5?tag=eloabder-20&linkCode=osi&th=1&psc=1">View Product</a></div><div class="product"><a href="https://www.amazon.com/dp/B0DF2T1HMZ?tag=eloabder-20&linkCode=osi&th=1&psc=1"><img src="https://m.media-amazon.com/images/I/41xSelvq-CL._SL500_.jpg" alt="Product Image"></a><p>5 QT Food-Grade Stainless Steel Mixer Bowl Compatible With KITCHENAID TILT-HEAD STAND MIXERS 4.5-5 Quart, with Anti-slip handle & Prominent Clasp, Stainless Steel Polished</p><p> -25% 0FF </p><p>$29.99</p><a href="https://www.amazon.com/dp/B0DF2T1HMZ?tag=eloabder-20&linkCode=osi&th=1&psc=1">View Product</a></div><div class="product"><a href="https://www.amazon.com/dp/B0C5XYPXCS?tag=eloabder-20&linkCode=osi&th=1&psc=1"><img src="https://m.media-amazon.com/images/I/31apfzgKDUL._SL500_.jpg" alt="Product Image"></a><p>KitchenAid 5 Quart Ceramic Bowl for all 4.5-5 Quart Tilt-Head Stand Mixers KSM2CB5MR, Meringue</p><p> -25% 0FF </p><p>$74.99</p><a href="https://www.amazon.com/dp/B0C5XYPXCS?tag=eloabder-20&linkCode=osi&th=1&psc=1">View Product</a></div>
<div class="product"><a href="https://www.amazon.com/dp/B097QVPFVQ?tag=eloabder-20&linkCode=osi&th=1&psc=1"><img src="https://m.media-amazon.com/images/I/31ROOH+yjAL._SL500_.jpg" alt="Product Image"></a><p>Thermoplastic Rubber Microwave Splatter Cover,Microwave Cover for Food Fruit Drainer,BPA-Free Dishwasher Safe 10.5 inch (GREY)</p><p> -20% 0FF </p><p>$7.99 ($226.35 / Ounce)</p><a href="https://www.amazon.com/dp/B097QVPFVQ?tag=eloabder-20&linkCode=osi&th=1&psc=1">View Product</a></div><div class="product"><a href="https://www.amazon.com/dp/B08N4Q6SM1?tag=eloabder-20&linkCode=osi&th=1&psc=1"><img src="https://m.media-amazon.com/images/I/41lhA8-GScL._SL500_.jpg" alt="Product Image"></a><p>4Pcs Coffee Filter,Flannel Cloth Coffee Filter Strainers with Steel Handle,Reusable Flannel Coffee Dripper,Coffee Sock Filter Bag Coffee Cloth Strainers for Home Office Kitchen Use</p><p> -11% 0FF </p><p>$10.69 ($2.67 / Count)</p><a href="https://www.amazon.com/dp/B08N4Q6SM1?tag=eloabder-20&linkCode=osi&th=1&psc=1">View Product</a></div>
<div class="product"><a href="https://www.amazon.com/dp/B00EC8PQ82?tag=eloabder-20&linkCode=osi&th=1&psc=1"><img src="https://m.media-amazon.com/images/I/21NR7t3CeGL._SL500_.jpg" alt="Product Image"></a><p>Randell RP CPH1648 Poly Cutting Board, 1/2" x 16" x 48"</p><p> -20% 0FF </p><p>$325.43</p><a href="https://www.amazon.com/dp/B00EC8PQ82?tag=eloabder-20&linkCode=osi&th=1&psc=1">View Product</a></div><div class="product"><a href="https://www.amazon.com/dp/B0BPSN8F21?tag=eloabder-20&linkCode=osi&th=1&psc=1"><img src="https://m.media-amazon.com/images/I/41YoOZe2UDL._SL500_.jpg" alt="Product Image"></a><p>GASHELL Noodle Board Stove Cover with Handles for Electric, Gas Stove Top (Acacia Wood)</p><p> -13% 0FF </p><p>$69.99</p><a href="https://www.amazon.com/dp/B0BPSN8F21?tag=eloabder-20&linkCode=osi&th=1&psc=1">View Product</a></div><div class="product"><a href="https://www.amazon.com/dp/B0D78SNV83?tag=eloabder-20&linkCode=osi&th=1&psc=1"><img src="https://m.media-amazon.com/images/I/41lHBEbfZOL._SL500_.jpg" alt="Product Image"></a><p>30 x 22 IN Large Cutting Board and Wooden Stove Top Cover, Chopping Board Noodle Boards for Electric Stove Top,Protector Board Cutting Board for Kitchen Counter & Sink cover-Black</p><p> -20% 0FF </p><p>$55.99</p><a href="https://www.amazon.com/dp/B0D78SNV83?tag=eloabder-20&linkCode=osi&th=1&psc=1">View Product</a></div><div class="product"><a href="https://www.amazon.com/dp/B0D4DJ8H4Q?tag=eloabder-20&linkCode=osi&th=1&psc=1"><img src="https://m.media-amazon.com/images/I/41h7GdA0xxL._SL500_.jpg" alt="Product Image"></a><p>Beef Jerky Slicer Kit,Stainless Steel,Adjustable Thickness,Uniform Slices,Include Cutting Board & 14-Inch Slicing Knife,Beef Jerky Making Kit for Chefs & Home Kitchens</p><p> -32% 0FF </p><p>$29.95</p><a href="https://www.amazon.com/dp/B0D4DJ8H4Q?tag=eloabder-20&linkCode=osi&th=1&psc=1">View Product</a></div><div class="product"><a href="https://www.amazon.com/dp/B0DL36NMXX?tag=eloabder-20&linkCode=osi&th=1&psc=1"><img src="https://m.media-amazon.com/images/I/51weGpaSjHL._SL500_.jpg" alt="Product Image"></a><p>Bamboo Bread Slicer for Homemade Bread, Adjustable Width Bread Slicing Guides with Sturdy Wooden Cutting Board, Compact and Foldable - Makes Cutting Bagels or Even Bread Slices Easy</p><p> -29% 0FF </p><p>$16.99</p><a href="https://www.amazon.com/dp/B0DL36NMXX?tag=eloabder-20&linkCode=osi&th=1&psc=1">View Product</a></div>
<div class="product"><a href="https://www.amazon.com/dp/B0CY27GX31?tag=eloabder-20&linkCode=osi&th=1&psc=1"><img src="https://m.media-amazon.com/images/I/51WKkplJ9BL._SL500_.jpg" alt="Product Image"></a><p>Willinglong Tortilla Press Set 8 Inch Tortilla Press Dough Scraper Rolling Pin Tortilla Warmer Pouch 300 Pcs Parchment Paper Quesadilla Flour Tortilla Maker Press for Homemade Roti Taco Press</p><p> -29% 0FF </p><p>$16.99</p><a href="https://www.amazon.com/dp/B0CY27GX31?tag=eloabder-20&linkCode=osi&th=1&psc=1">View Product</a></div><div class="product"><a href="https://www.amazon.com/dp/B0CD875X8N?tag=eloabder-20&linkCode=osi&th=1&psc=1"><img src="https://m.media-amazon.com/images/I/31WugZVklGL._SL500_.jpg" alt="Product Image"></a><p>Wooden Tortilla Press 10 Inches Wood Tortilla Press Maker, with Rolling Pin & 50 Pcs Parchment Paper, for Homemade Mexican Tortillera, Roti, Chapati, Taco, Pataconera, Burritos and Dough Press</p><p> -11% 0FF </p><p>$25.99</p><a href="https://www.amazon.com/dp/B0CD875X8N?tag=eloabder-20&linkCode=osi&th=1&psc=1">View Product</a></div><div class="product"><a href="https://www.amazon.com/dp/B0CYLFCP7W?tag=eloabder-20&linkCode=osi&th=1&psc=1"><img src="https://m.media-amazon.com/images/I/515gTtiF0CL._SL500_.jpg" alt="Product Image"></a><p>Willinglong 6 Pcs Tortilla Press Set 8inch Aluminum Alloy Tortilla Press Comal Pan Dough Scraper Rolling Pin Warmer Pouch 300 Pcs Parchment Paper Bundle of Tortilla Skillet for Making Roti Taco</p><p> -6% 0FF </p><p>$32.99</p><a href="https://www.amazon.com/dp/B0CYLFCP7W?tag=eloabder-20&linkCode=osi&th=1&psc=1">View Product</a></div><div class="product"><a href="https://www.amazon.com/dp/B0D8Q28QP2?tag=eloabder-20&linkCode=osi&th=1&psc=1"><img src="https://m.media-amazon.com/images/I/31hkwaRqBxL._SL500_.jpg" alt="Product Image"></a><p>Wooden Tortilla Press 10 Inches with Rolling Pin & 50 Pcs Parchment Paper Mexican Tortillera Presser Homemade Tortillas Roti Pataconera Dough Press</p><p> -7% 0FF </p><p>$27.99</p><a href="https://www.amazon.com/dp/B0D8Q28QP2?tag=eloabder-20&linkCode=osi&th=1&psc=1">View Product</a></div>
<div class="product"><a href="https://www.amazon.com/dp/B00K05AZ3W?tag=eloabder-20&linkCode=osi&th=1&psc=1"><img src="https://m.media-amazon.com/images/I/41PyWMwn9ZL._SL500_.jpg" alt="Product Image"></a><p>Betty Crocker Countertop Pizza Maker, 1440-Watt Pizza Maker Machine for Home, BC-2958CR</p><p> -20% 0FF </p><p>$42.99</p><a href="https://www.amazon.com/dp/B00K05AZ3W?tag=eloabder-20&linkCode=osi&th=1&psc=1">View Product</a></div><div class="product"><a href="https://www.amazon.com/dp/B0DB5HJDS8?tag=eloabder-20&linkCode=osi&th=1&psc=1"><img src="https://m.media-amazon.com/images/I/41e4O73x4IL._SL500_.jpg" alt="Product Image"></a><p>Mesliese Vacuum Sealer Machine 90Kpa 6-in-1 Compact Food Vacuum Sealing Preservation System with Cutter | 2 Bag Rolls | 5 Pre-cut Bags | Dry&Moist Modes | ETL Listed (Dark Gray)</p><p> -44% 0FF </p><p>$89.99</p><a href="https://www.amazon.com/dp/B0DB5HJDS8?tag=eloabder-20&linkCode=osi&th=1&psc=1">View Product</a></div>
<div class="product"><a href="https://www.amazon.com/dp/B001HT67AA?tag=eloabder-20&linkCode=osi&th=1&psc=1"><img src="https://m.media-amazon.com/images/I/21sfYCxrXVL._SL500_.jpg" alt="Product Image"></a><p>Samsung Tray Ice Part # Da63-02284B</p><p> -30% 0FF </p><p>$17.89</p><a href="https://www.amazon.com/dp/B001HT67AA?tag=eloabder-20&linkCode=osi&th=1&psc=1">View Product</a></div>
<div class="product"><a href="https://www.amazon.com/dp/B001U0274Q?tag=eloabder-20&linkCode=osi&th=1&psc=1"><img src="https://m.media-amazon.com/images/I/41LkyrO5JuL._SL500_.jpg" alt="Product Image"></a><p>FoodSaver Custom Fit Airtight Food Storage and Sous Vide Vacuum Sealer Bags, 8 x 20' (Pack of 3), Perfect for Meal Prep and Sous Vide Cooking</p><p> -21% 0FF </p><p>$29.99 ($10.00 / Count)</p><a href="https://www.amazon.com/dp/B001U0274Q?tag=eloabder-20&linkCode=osi&th=1&psc=1">View Product</a></div><div class="product"><a href="https://www.amazon.com/dp/B0D56W5ML2?tag=eloabder-20&linkCode=osi&th=1&psc=1"><img src="https://m.media-amazon.com/images/I/51XP-5KMw4L._SL500_.jpg" alt="Product Image"></a><p>Dreamealthy Auto Vacuum Seal Containers for Food Storage - 1L+1.5L Vacuum Coffee Canister Sets with Pump. Shatterproof & SmellProof Tritan Airtight Storage Container Kit, Reduce Plactic Vacuum Bag Use</p><p> -5% 0FF </p><p>$56.99</p><a href="https://www.amazon.com/dp/B0D56W5ML2?tag=eloabder-20&linkCode=osi&th=1&psc=1">View Product</a></div><div class="product"><a href="https://www.amazon.com/dp/B099H7J8PN?tag=eloabder-20&linkCode=osi&th=1&psc=1"><img src="https://m.media-amazon.com/images/I/31-0GJisbvL._SL500_.jpg" alt="Product Image"></a><p>ZWILLING Fresh & Save Medium Vacuum Sealer Container, Airtight Food Storage Container, Meal Prep Container, BPA-Free, Grey</p><p> -37% 0FF </p><p>$18.99</p><a href="https://www.amazon.com/dp/B099H7J8PN?tag=eloabder-20&linkCode=osi&th=1&psc=1">View Product</a></div>
<div class="product"><a href="https://www.amazon.com/dp/B07RKRK7FD?tag=eloabder-20&linkCode=osi&th=1&psc=1"><img src="https://m.media-amazon.com/images/I/31g2QgxtCuL._SL500_.jpg" alt="Product Image"></a><p>Wevac Vacuum Sealer Bags 8x50 Rolls 2 pack for Food Saver, Seal a Meal, Weston. Commercial Grade, BPA Free, Heavy Duty, Great for vac storage, Meal Prep or Sous Vide</p><p> -40% 0FF </p><p>$17.99 ($9.00 / Count)</p><a href="https://www.amazon.com/dp/B07RKRK7FD?tag=eloabder-20&linkCode=osi&th=1&psc=1">View Product</a></div><div class="product"><a href="https://www.amazon.com/dp/B00UTFZB82?tag=eloabder-20&linkCode=osi&th=1&psc=1"><img src="https://m.media-amazon.com/images/I/41WdlL5T0dL._SL500_.jpg" alt="Product Image"></a><p>Miele AirClean 3D Efficiency Dust Bag, Type FJM, 4 Bags & 2 Filters, White</p><p> -35% 0FF </p><p>$14.99</p><a href="https://www.amazon.com/dp/B00UTFZB82?tag=eloabder-20&linkCode=osi&th=1&psc=1">View Product</a></div><div class="product"><a href="https://www.amazon.com/dp/B07TV5RNQL?tag=eloabder-20&linkCode=osi&th=1&psc=1"><img src="https://m.media-amazon.com/images/I/31HJO9GuJZL._SL500_.jpg" alt="Product Image"></a><p>Wevac Vacuum Sealer Bags 100 Quart 8x12 Inch for Food Saver, Seal a Meal, Weston. Commercial Grade, BPA Free, Heavy Duty, Great for vac storage, Meal Prep or Sous Vide</p><p> -6% 0FF </p><p>$16.99</p><a href="https://www.amazon.com/dp/B07TV5RNQL?tag=eloabder-20&linkCode=osi&th=1&psc=1">View Product</a></div><div class="product"><a href="https://www.amazon.com/dp/B01D5TM5QE?tag=eloabder-20&linkCode=osi&th=1&psc=1"><img src="https://m.media-amazon.com/images/I/51qQLZaPFuL._SL500_.jpg" alt="Product Image"></a><p>FoodSaver Custom Fit Vacuum Sealer Bags, Airtight Food Storage and Sous Vide Rolls, BPA-Free, 11 x 16' , 3 Count ( Pack of 1)</p><p> -16% 0FF </p><p>$27.66 ($9.22 / Count)</p><a href="https://www.amazon.com/dp/B01D5TM5QE?tag=eloabder-20&linkCode=osi&th=1&psc=1">View Product</a></div>
<div class="product"><a href="https://www.amazon.com/dp/B0CWLC9YK6?tag=eloabder-20&linkCode=osi&th=1&psc=1"><img src="https://m.media-amazon.com/images/I/415B7NyYufL._SL500_.jpg" alt="Product Image"></a><p>Honinst Stand Mixer, 6.5QT 10-Speed Tilt-Head Electric Stand Mixer, 3-In-1 Kitchen Mixer with Bowl, Dough Hook, Whisk and Beater, Food Mixer for Baking, Cake and Most Home Cooks, Black</p><p> -37% 0FF </p><p>$169.99</p><a href="https://www.amazon.com/dp/B0CWLC9YK6?tag=eloabder-20&linkCode=osi&th=1&psc=1">View Product</a></div><div class="product"><a href="https://www.amazon.com/dp/B097SDFSKM?tag=eloabder-20&linkCode=osi&th=1&psc=1"><img src="https://m.media-amazon.com/images/I/51thZZlxEfL._SL500_.jpg" alt="Product Image"></a><p>Stand Mixer, POWWA 7.5 QT Electric Mixer, 6+P Speed 660W Household Tilt-Head Kitchen Food Mixers with Whisk, Dough Hook, Mixing Beater & Splash Guard for Baking, Cake, Cookie, Kneading (Red)</p><p> -25% 0FF </p><p>$99.98</p><a href="https://www.amazon.com/dp/B097SDFSKM?tag=eloabder-20&linkCode=osi&th=1&psc=1">View Product</a></div><div class="product"><a href="https://www.amazon.com/dp/B081SWK6HV?tag=eloabder-20&linkCode=osi&th=1&psc=1"><img src="https://m.media-amazon.com/images/I/51MRbt3XFxL._SL500_.jpg" alt="Product Image"></a><p>VIVOHOME 7.5 Quart Stand Mixer, 660W 6-Speed Tilt-Head Kitchen Electric Food Mixer with Beater, Dough Hook, Wire Whip, and Egg Separator, Red</p><p> -20% 0FF </p><p>$127.99</p><a href="https://www.amazon.com/dp/B081SWK6HV?tag=eloabder-20&linkCode=osi&th=1&psc=1">View Product</a></div>
<div class="product"><a href="https://www.amazon.com/dp/B0CJJN7N7P?tag=eloabder-20&linkCode=osi&th=1&psc=1"><img src="https://m.media-amazon.com/images/I/41YZbs5GBdL._SL500_.jpg" alt="Product Image"></a><p>MUMSUNG Sandwich Cutter and Sealer for Kids, Bread Decruster Sandwich Cutter Pancake Maker, Round Square DIY Cookie Cutters, Great for Lunchbox and Bento Box</p><p> -69% 0FF </p><p>$4.99</p><a href="https://www.amazon.com/dp/B0CJJN7N7P?tag=eloabder-20&linkCode=osi&th=1&psc=1">View Product</a></div><div class="product"><a href="https://www.amazon.com/dp/B0C8C5N1NG?tag=eloabder-20&linkCode=osi&th=1&psc=1"><img src="https://m.media-amazon.com/images/I/41IJqaPrUbL._SL500_.jpg" alt="Product Image"></a><p>Gradient Mode Sandwich Cutter and Sealer, Sandwich Cutter for Kids, Bread Sandwich Decruster, Uncrustables Sandwich Maker, DIY Cookie Cutters, Great for Lunchbox and Bento Box - Boys Girls Kids, Green</p><p> -20% 0FF </p><p>$7.99</p><a href="https://www.amazon.com/dp/B0C8C5N1NG?tag=eloabder-20&linkCode=osi&th=1&psc=1">View Product</a></div>
<div class="product"><a href="https://www.amazon.com/dp/B07JGRYG31?tag=eloabder-20&linkCode=osi&th=1&psc=1"><img src="https://m.media-amazon.com/images/I/31nd-jhgzdL._SL500_.jpg" alt="Product Image"></a><p>Coffee Grinder Cleaning Brush + Coffee Brush Wood Handle & Natural Bristles Pastry Brush</p><p> -13% 0FF </p><p>$6.99</p><a href="https://www.amazon.com/dp/B07JGRYG31?tag=eloabder-20&linkCode=osi&th=1&psc=1">View Product</a></div><div class="product"><a href="https://www.amazon.com/dp/B0D57S8PJP?tag=eloabder-20&linkCode=osi&th=1&psc=1"><img src="https://m.media-amazon.com/images/I/41yqc2Azx6L._SL500_.jpg" alt="Product Image"></a><p>EM Silicone Air Fryer Liners - Pack of 5 Reusable Air Fryer Silicone Liners Including Non- Stick Silicone Mitts, Silicone Basting Pastry Brush, Silicone Kitchen Tongs & 2 Pot Liner–3 to 5 qt</p><p> -8% 0FF </p><p>$12.00</p><a href="https://www.amazon.com/dp/B0D57S8PJP?tag=eloabder-20&linkCode=osi&th=1&psc=1">View Product</a></div><div class="product"><a href="https://www.amazon.com/dp/B0CLGXRV4V?tag=eloabder-20&linkCode=osi&th=1&psc=1"><img src="https://m.media-amazon.com/images/I/31kOdHpkIPL._SL500_.jpg" alt="Product Image"></a><p>Mixer Sliding Mat Compatible with Kitchenaid 4.5 & 5 Quart Stand Mixer, Slider Mat Compatible with 4.5 & 5Qt Kitchenaid Mixer Accessories</p><p> -21% 0FF </p><p>$9.89</p><a href="https://www.amazon.com/dp/B0CLGXRV4V?tag=eloabder-20&linkCode=osi&th=1&psc=1">View Product</a></div><div class="product"><a href="https://www.amazon.com/dp/B0CSYVZ23R?tag=eloabder-20&linkCode=osi&th=1&psc=1"><img src="https://m.media-amazon.com/images/I/41x8RjEPDyL._SL500_.jpg" alt="Product Image"></a><p>LEPCY Uncrustables Sandwich Maker Sealer Cutter, Crustless Sandwich Cutter, PB&J Uncrustable Maker - Color Grey, Square Shape</p><p> -20% 0FF </p><p>$7.99</p><a href="https://www.amazon.com/dp/B0CSYVZ23R?tag=eloabder-20&linkCode=osi&th=1&psc=1">View Product</a></div><div class="product"><a href="https://www.amazon.com/dp/B000I1UTDY?tag=eloabder-20&linkCode=osi&th=1&psc=1"><img src="https://m.media-amazon.com/images/I/213IEK132QL._SL500_.jpg" alt="Product Image"></a><p>Fino Coffee Grinder Brush, Single</p><p> -6% 0FF </p><p>$8.42</p><a href="https://www.amazon.com/dp/B000I1UTDY?tag=eloabder-20&linkCode=osi&th=1&psc=1">View Product</a></div>
<div class="product"><a href="https://www.amazon.com/dp/B089T9CH3Q?tag=eloabder-20&linkCode=osi&th=1&psc=1"><img src="https://m.media-amazon.com/images/I/21HK29dxKaL._SL500_.jpg" alt="Product Image"></a><p>Instant Pot Official Silicone Oven Mitt with Extra Grip, Heat Resistant up to 500°F, Extra Protection, Ribbed Texture for Maximum Dexterity, Compatible with 3 Qt., 6 Qt., 8 Qt. Cookers, Red</p><p> -50% 0FF </p><p>$8.99</p><a href="https://www.amazon.com/dp/B089T9CH3Q?tag=eloabder-20&linkCode=osi&th=1&psc=1">View Product</a></div><div class="product"><a href="https://www.amazon.com/dp/B0C5N35639?tag=eloabder-20&linkCode=osi&th=1&psc=1"><img src="https://m.media-amazon.com/images/I/41wEzgGF0xL._SL500_.jpg" alt="Product Image"></a><p>EM Silicone Air Fryer Liners Set of 5 – Air Fryer Liners Reusable Include Waffle Mold, Egg Bite Mold, Oven Mitts – Food-Grade Temperature Resistant Air Fryer Accessories for 3-5 Quart Air Fryers</p><p> -12% 0FF </p><p>$21.99</p><a href="https://www.amazon.com/dp/B0C5N35639?tag=eloabder-20&linkCode=osi&th=1&psc=1">View Product</a></div>
<div class="product"><a href="https://www.amazon.com/dp/B0B395B11P?tag=eloabder-20&linkCode=osi&th=1&psc=1"><img src="https://m.media-amazon.com/images/I/31tkUVs-mbL._SL500_.jpg" alt="Product Image"></a><p>SIUDANGKA Heat Resistant Mat for Air Fryer with Sliding Function, 2 Pcs 15 * 18 in Heat Resistant Pad Sliding Caddy Countertop Protector Mat Air Fryer Mat for Most XL Air Fryer Oven Microwave Oven</p><p> -7% 0FF </p><p>$17.75</p><a href="https://www.amazon.com/dp/B0B395B11P?tag=eloabder-20&linkCode=osi&th=1&psc=1">View Product</a></div>
<div class="product"><a href="https://www.amazon.com/dp/B09QCRNNK7?tag=eloabder-20&linkCode=osi&th=1&psc=1"><img src="https://m.media-amazon.com/images/I/31I-XJQCuUL._SL500_.jpg" alt="Product Image"></a><p>COKUNST Electric Wine Openers, Reusable Wine Bottle Corkscrew Opener with Foil Cutter, Battery Operated Stainless Steel Wine Remover for Home Kitchen Party Bar Restaurant</p><p> -25% 0FF </p><p>$14.99</p><a href="https://www.amazon.com/dp/B09QCRNNK7?tag=eloabder-20&linkCode=osi&th=1&psc=1">View Product</a></div><div class="product"><a href="https://www.amazon.com/dp/B00NOPV4JY?tag=eloabder-20&linkCode=osi&th=1&psc=1"><img src="https://m.media-amazon.com/images/I/31sTM1MRFWL._SL500_.jpg" alt="Product Image"></a><p>Rabbit Automatic Electric Corkscrew Wine Bottle Opener, One Size, Silver</p><p> -23% 0FF </p><p>$39.99</p><a href="https://www.amazon.com/dp/B00NOPV4JY?tag=eloabder-20&linkCode=osi&th=1&psc=1">View Product</a></div>


<div class="product"><a href="https://www.amazon.com/dp/B01FXMW4AS?tag=eloabder-20&linkCode=osi&th=1&psc=1"><img src="https://m.media-amazon.com/images/I/41Wq-KNZFDL._SL500_.jpg" alt="Product Image"></a><p>Whynter Ice Cream Maker Machine Automatic 2.1 Qt. upright with Built-in Compressor, LCD Digital Display & Timer, No Pre-Freezing, ICM-201SB, Stainless Steel</p><p> -29% 0FF </p><p>$299.00</p><a href="https://www.amazon.com/dp/B01FXMW4AS?tag=eloabder-20&linkCode=osi&th=1&psc=1">View Product</a></div><div class="product"><a href="https://www.amazon.com/dp/B002NQN0MY?tag=eloabder-20&linkCode=osi&th=1&psc=1"><img src="https://m.media-amazon.com/images/I/41K223aT3zL._SL500_.jpg" alt="Product Image"></a><p>Nemco Ice Cream Dipper Station Spadewell (Excluding Divider) - 10"</p><p> -26% 0FF </p><p>$183.70</p><a href="https://www.amazon.com/dp/B002NQN0MY?tag=eloabder-20&linkCode=osi&th=1&psc=1">View Product</a></div><div class="product"><a href="https://www.amazon.com/dp/B0CZP59DNQ?tag=eloabder-20&linkCode=osi&th=1&psc=1"><img src="https://m.media-amazon.com/images/I/41T9b8zapyL._SL500_.jpg" alt="Product Image"></a><p>1.2-Quart Touch Screen Automatic Ice Cream Maker with Compressor, No Pre-freezing, 4 Modes Frozen Yogurt Machine with LCD Display & Timer, Electric Sorbet Maker Gelato Maker, Keep Cool Function</p><p> -17% 0FF </p><p>$115.99</p><a href="https://www.amazon.com/dp/B0CZP59DNQ?tag=eloabder-20&linkCode=osi&th=1&psc=1">View Product</a></div><div class="product"><a href="https://www.amazon.com/dp/B00N63J432?tag=eloabder-20&linkCode=osi&th=1&psc=1"><img src="https://m.media-amazon.com/images/I/41wEAeSx4UL._SL500_.jpg" alt="Product Image"></a><p>Whynter Ice Cream Maker Machine Automatic 2.1 Qt with Built-in Compressor, LCD Digital Display & Timer, No Pre-Freezing, ICM-200LS, Stainless Steel</p><p> -14% 0FF </p><p>$256.79</p><a href="https://www.amazon.com/dp/B00N63J432?tag=eloabder-20&linkCode=osi&th=1&psc=1">View Product</a></div>

<div class="product"><a href="https://www.amazon.com/dp/B0DC68RRGT?tag=eloabder-20&linkCode=osi&th=1&psc=1"><img src="https://m.media-amazon.com/images/I/51VZAdAIKxL._SL500_.jpg" alt="Product Image"></a><p>Upgrade Pizza Oven,12 Inch Electric Pizza Oven Indoor Portable,Stone Pizza Oven,1200W Portable Countertop Pizza Ovens with Viewing Window</p><p> -10% 0FF </p><p>$179.99</p><a href="https://www.amazon.com/dp/B0DC68RRGT?tag=eloabder-20&linkCode=osi&th=1&psc=1">View Product</a></div><div class="product"><a href="https://www.amazon.com/dp/B0CZ4GLJ5Z?tag=eloabder-20&linkCode=osi&th=1&psc=1"><img src="https://m.media-amazon.com/images/I/51t+B-N3asL._SL500_.jpg" alt="Product Image"></a><p>PIEZANO Crispy Crust Pizza Oven by Granitestone – Electric Pizza Oven Indoor Portable, 12 Inch Indoor Pizza Oven Countertop, Pizza Maker Heats up to 800˚F for Stone Baked Pizza at Home - Red</p><p> -35% 0FF </p><p>$129.99</p><a href="https://www.amazon.com/dp/B0CZ4GLJ5Z?tag=eloabder-20&linkCode=osi&th=1&psc=1">View Product</a></div><div class="product"><a href="https://www.amazon.com/dp/B0CQ5M9FFT?tag=eloabder-20&linkCode=osi&th=1&psc=1"><img src="https://m.media-amazon.com/images/I/311GBQPr5lL._SL500_.jpg" alt="Product Image"></a><p>Cuisinart Indoor Pizza Oven – Bake 12” Pizzas in Minutes – Portable Countertop Pizza Oven – Matte Black Stainless Steel - CPZ-120MB</p><p> -50% 0FF </p><p>$199.95</p><a href="https://www.amazon.com/dp/B0CQ5M9FFT?tag=eloabder-20&linkCode=osi&th=1&psc=1">View Product</a></div><div class="product"><a href="https://www.amazon.com/dp/B0CGMGK7GK?tag=eloabder-20&linkCode=osi&th=1&psc=1"><img src="https://m.media-amazon.com/images/I/41-rJaq3d2L._SL500_.jpg" alt="Product Image"></a><p>CHEFMAN Indoor Pizza Oven - Makes 12 Inch Pizzas in Minutes, Heats up to 800°F - Countertop Electric Pizza Maker with 5 Touchscreen Presets, Pizza Stone and Peel Included - Stainless Black</p><p> -45% 0FF </p><p>$219.98</p><a href="https://www.amazon.com/dp/B0CGMGK7GK?tag=eloabder-20&linkCode=osi&th=1&psc=1">View Product</a></div><div class="product"><a href="https://www.amazon.com/dp/B0CS79GLB4?tag=eloabder-20&linkCode=osi&th=1&psc=1"><img src="https://m.media-amazon.com/images/I/41VR6CcjGiL._SL500_.jpg" alt="Product Image"></a><p>KitchenAid Digital Countertop Oven with Air Fry & Pizza Stone, KCO128CU, Contour Silver</p><p> -21% 0FF </p><p>$219.99</p><a href="https://www.amazon.com/dp/B0CS79GLB4?tag=eloabder-20&linkCode=osi&th=1&psc=1">View Product</a></div><div class="product"><a href="https://www.amazon.com/dp/B0DJW43ZLQ?tag=eloabder-20&linkCode=osi&th=1&psc=1"><img src="https://m.media-amazon.com/images/I/41Sh2kNi-oL._SL500_.jpg" alt="Product Image"></a><p>Pizza Oven, 12-Inch Pizza Oven Indoor, 1200W Portable Pizza Maker, Electric Pizza Oven with Timer, Temperature Controller, Suitable for Home, Outdoor, Pizza Shop</p><p> -37% 0FF </p><p>$119.99</p><a href="https://www.amazon.com/dp/B0DJW43ZLQ?tag=eloabder-20&linkCode=osi&th=1&psc=1">View Product</a></div><div class="product"><a href="https://www.amazon.com/dp/B0D3RX91T1?tag=eloabder-20&linkCode=osi&th=1&psc=1"><img src="https://m.media-amazon.com/images/I/41e96oobueL._SL500_.jpg" alt="Product Image"></a><p>Chefman Everything Maker & Pizza Oven – 1440W Countertop Electric Pizza Maker with 12” Nonstick Cooking Plates, Make Pizza, Quesadillas, Omelettes and More, with Indicator Lights and Vertical Storage</p><p> -30% 0FF </p><p>$41.99</p><a href="https://www.amazon.com/dp/B0D3RX91T1?tag=eloabder-20&linkCode=osi&th=1&psc=1">View Product</a></div>
<div class="product"><a href="https://www.amazon.com/dp/B0BCFHN228?tag=eloabder-20&linkCode=osi&th=1&psc=1"><img src="https://m.media-amazon.com/images/I/51EI-QKzMqL._SL500_.jpg" alt="Product Image"></a><p>Pressing Cloth for Ironing Scorch Mesh, Heat Resistant Ironing Cloth Protective Insulation Pad, Saving Ironing Protector Mesh Cloth (White - 2 Pack)</p><p> -16% 0FF </p><p>$7.59</p><a href="https://www.amazon.com/dp/B0BCFHN228?tag=eloabder-20&linkCode=osi&th=1&psc=1">View Product</a></div>
<div class="product"><a href="https://www.amazon.com/dp/B099J26M9V?tag=eloabder-20&linkCode=osi&th=1&psc=1"><img src="https://m.media-amazon.com/images/I/51VUj081IkL._SL500_.jpg" alt="Product Image"></a><p>The Original Korcci 3 Quart Microwave Glass Popcorn Popper, Borosilicate Glass, Dishwasher Safe, 3-in-1 Silicone Lid, BPA Free, Family Size (Blue)</p><p> -15% 0FF </p><p>$16.09</p><a href="https://www.amazon.com/dp/B099J26M9V?tag=eloabder-20&linkCode=osi&th=1&psc=1">View Product</a></div><div class="product"><a href="https://www.amazon.com/dp/B01LZZGH3R?tag=eloabder-20&linkCode=osi&th=1&psc=1"><img src="https://m.media-amazon.com/images/I/51zn6nlVyZL._SL500_.jpg" alt="Product Image"></a><p>BELLA Electric Skillet and Frying Pan with Glass Lid, Nonstick Coating, Cool Touch Handles, Removable Heating Probe, Dishwasher Safe, 12 x 12 inch, Copper</p><p> -23% 0FF </p><p>$26.99</p><a href="https://www.amazon.com/dp/B01LZZGH3R?tag=eloabder-20&linkCode=osi&th=1&psc=1">View Product</a></div>
<div class="product"><a href="https://www.amazon.com/dp/B0DCRZ8NKH?tag=eloabder-20&linkCode=osi&th=1&psc=1"><img src="https://m.media-amazon.com/images/I/41AZ4+X3MsL._SL500_.jpg" alt="Product Image"></a><p>Coffee Filter Holder, Coffee Filter Storage, Filter Paper Holder for Counter Table Napkin Holder Coffee Filter Paper Rack Coffee Bar Gifts Coffee Paper Container for Office Home Kitchen Restaurant</p><p> -13% 0FF </p><p>$6.99</p><a href="https://www.amazon.com/dp/B0DCRZ8NKH?tag=eloabder-20&linkCode=osi&th=1&psc=1">View Product</a></div>
<div class="product"><a href="https://www.amazon.com/dp/B0D3WPZSRF?tag=eloabder-20&linkCode=osi&th=1&psc=1"><img src="https://m.media-amazon.com/images/I/41QGqRpS8hL._SL500_.jpg" alt="Product Image"></a><p>Gypie Coffee Bar Organizer Countertop, 2 Tier Coffee Syrup Organizer Stand Nespresso Coffee Bar Syrup Rack for Coffee Station, Spice Rack for Kitchen, Black</p><p> -57% 0FF </p><p>$9.99</p><a href="https://www.amazon.com/dp/B0D3WPZSRF?tag=eloabder-20&linkCode=osi&th=1&psc=1">View Product</a></div><div class="product"><a href="https://www.amazon.com/dp/B0BKH17CG9?tag=eloabder-20&linkCode=osi&th=1&psc=1"><img src="https://m.media-amazon.com/images/I/41a4dM5cDTL._SL500_.jpg" alt="Product Image"></a><p>Electric Salt and Pepper Grinder Set - Automatic Salt and Pepper Grinder Set Rechargeable - Light Up Electronic Salt and Pepper Shakers with LED Light, Electric Pepper Grinder & Salt Grinder, Set of 2</p><p> -14% 0FF </p><p>$29.99</p><a href="https://www.amazon.com/dp/B0BKH17CG9?tag=eloabder-20&linkCode=osi&th=1&psc=1">View Product</a></div><div class="product"><a href="https://www.amazon.com/dp/B0DD9KVMFN?tag=eloabder-20&linkCode=osi&th=1&psc=1"><img src="https://m.media-amazon.com/images/I/51C8Rw1wopL._SL500_.jpg" alt="Product Image"></a><p>Urban Aura Spice & Herb Grinder, (Black) -Suitable Kitchen (2.5In)</p><p> -5% 0FF </p><p>$9.49</p><a href="https://www.amazon.com/dp/B0DD9KVMFN?tag=eloabder-20&linkCode=osi&th=1&psc=1">View Product</a></div><div class="product"><a href="https://www.amazon.com/dp/B08M4FD4WR?tag=eloabder-20&linkCode=osi&th=1&psc=1"><img src="https://m.media-amazon.com/images/I/51Jzqb5OvzL._SL500_.jpg" alt="Product Image"></a><p>Magic Mill Food Dehydrator Machine | 5 Stackable Stainless Steel Trays Jerky Dryer with Digital Adjustable Timer & Temperature Control - Electric Food Preserver for Fruits, Veggies, Meats & Dog Treats</p><p> -12% 0FF </p><p>$52.99</p><a href="https://www.amazon.com/dp/B08M4FD4WR?tag=eloabder-20&linkCode=osi&th=1&psc=1">View Product</a></div>
<div class="product"><a href="https://www.amazon.com/dp/B001AAHW6E?tag=eloabder-20&linkCode=osi&th=1&psc=1"><img src="https://m.media-amazon.com/images/I/31q3kq-dcJL._SL500_.jpg" alt="Product Image"></a><p>Whirlpool 2179404KRA Beverage Rack for Refrigerators, White – Replaces 2179404KR</p><p> -23% 0FF </p><p>$19.00</p><a href="https://www.amazon.com/dp/B001AAHW6E?tag=eloabder-20&linkCode=osi&th=1&psc=1">View Product</a></div><div class="product"><a href="https://www.amazon.com/dp/B08BJ9RPSS?tag=eloabder-20&linkCode=osi&th=1&psc=1"><img src="https://m.media-amazon.com/images/I/41mLJ0zepPL._SL500_.jpg" alt="Product Image"></a><p>BLACK+DECKER 24 Bottle Wine Fridge with LED Display, Compressor Cooling Wine Cooler Refrigerator with Interior Light, Temperature Controlled Wine Bottle Chiller with Fridge Wine Rack</p><p> -8% 0FF </p><p>$227.82</p><a href="https://www.amazon.com/dp/B08BJ9RPSS?tag=eloabder-20&linkCode=osi&th=1&psc=1">View Product</a></div>
<div class="product"><a href="https://www.amazon.com/dp/B09S5YHJZV?tag=eloabder-20&linkCode=osi&th=1&psc=1"><img src="https://m.media-amazon.com/images/I/41qbqyQ7jDL._SL500_.jpg" alt="Product Image"></a><p>Philips Sparkling Water Maker Soda Maker Machine for Home Carbonating with BPA free PET 1L Carbonating Bottle, Compatible with Any Screw-in 60L CO2 Exchange Carbonator(NOT Included), Grey Plastic</p><p> -17% 0FF </p><p>$49.99</p><a href="https://www.amazon.com/dp/B09S5YHJZV?tag=eloabder-20&linkCode=osi&th=1&psc=1">View Product</a></div>
<div class="product"><a href="https://www.amazon.com/dp/B000U8L1KU?tag=eloabder-20&linkCode=osi&th=1&psc=1"><img src="https://m.media-amazon.com/images/I/31Tcg4WHrrL._SL500_.jpg" alt="Product Image"></a><p>Thermos 34-Ounce Vacuum Insulated Stainless Steel Carafe</p><p> -13% 0FF </p><p>$42.99</p><a href="https://www.amazon.com/dp/B000U8L1KU?tag=eloabder-20&linkCode=osi&th=1&psc=1">View Product</a></div><div class="product"><a href="https://www.amazon.com/dp/B01MRGIZE9?tag=eloabder-20&linkCode=osi&th=1&psc=1"><img src="https://m.media-amazon.com/images/I/41-8Fhz+uGL._SL500_.jpg" alt="Product Image"></a><p>Airpot Coffee Dispenser with Pump - 102 oz Insulated Stainless Steel Coffee Carafe - Thermal Beverage Dispenser - Thermos Urn for Hot/Cold Water, Party Chocolate Drinks</p><p> -32% 0FF </p><p>$40.99</p><a href="https://www.amazon.com/dp/B01MRGIZE9?tag=eloabder-20&linkCode=osi&th=1&psc=1">View Product</a></div><div class="product"><a href="https://www.amazon.com/dp/B01F8P78IS?tag=eloabder-20&linkCode=osi&th=1&psc=1"><img src="https://m.media-amazon.com/images/I/51mk2cW-ajL._SL500_.jpg" alt="Product Image"></a><p>Thermal Coffee Carafe 68oz / 2L - 12 Hours Hot Beverage Dispenser, Insulated Stainless Steel Carafe for Hot Liquids, Coffee Carafes For Keeping Hot Coffee Dispenser for Parties -Large Tea Carafe Flask</p><p> -23% 0FF </p><p>$29.95</p><a href="https://www.amazon.com/dp/B01F8P78IS?tag=eloabder-20&linkCode=osi&th=1&psc=1">View Product</a></div>
<div class="product"><a href="https://www.amazon.com/dp/B0CJJQ7QQR?tag=eloabder-20&linkCode=osi&th=1&psc=1"><img src="https://m.media-amazon.com/images/I/41T7fb2zFLL._SL500_.jpg" alt="Product Image"></a><p>MUMSUNG Sandwich Cutter and Sealer for Kids, DIY Decruster Square Round Heart Pocket Sandwiches, Great for Breakfast Sandwich Maker, Lunchbox and Bento Box</p><p> -67% 0FF </p><p>$7.99</p><a href="https://www.amazon.com/dp/B0CJJQ7QQR?tag=eloabder-20&linkCode=osi&th=1&psc=1">View Product</a></div><div class="product"><a href="https://www.amazon.com/dp/B07KNKS1GC?tag=eloabder-20&linkCode=osi&th=1&psc=1"><img src="https://m.media-amazon.com/images/I/41A7lL8x93L._SL500_.jpg" alt="Product Image"></a><p>DCIGNA 1.2L Mini Rice Cooker, Electric Lunch Box, Travel, Small, Removable Non-stick Pot, Keep Warm Function, Suitable For 1-2 People - For Cooking Soup, Rice, Stews, Grains & Oatmeal</p><p> -35% 0FF </p><p>$25.99</p><a href="https://www.amazon.com/dp/B07KNKS1GC?tag=eloabder-20&linkCode=osi&th=1&psc=1">View Product</a></div><div class="product"><a href="https://www.amazon.com/dp/B083W2RWNL?tag=eloabder-20&linkCode=osi&th=1&psc=1"><img src="https://m.media-amazon.com/images/I/41+rZ7Ja9xL._SL500_.jpg" alt="Product Image"></a><p>HotLogic Max XP Large Portable Electric Lunch Box Food Heater - Expandable Food Warmer Tote and Heated Lunchbox for Adults Work/Car/Home - Cook, Reheat, and Keep Your Food Warm - BLACK - 120V</p><p> -13% 0FF </p><p>$78.27</p><a href="https://www.amazon.com/dp/B083W2RWNL?tag=eloabder-20&linkCode=osi&th=1&psc=1">View Product</a></div><div class="product"><a href="https://www.amazon.com/dp/B0CSW9FXB4?tag=eloabder-20&linkCode=osi&th=1&psc=1"><img src="https://m.media-amazon.com/images/I/41OrYzmJBML._SL500_.jpg" alt="Product Image"></a><p>ZPU Egg Holder Camping, 1Pcs 4 Grid Egg Container for Camping, Plastic Egg Carrier for Camping Picnic Travel Outdoor Refrigerator Kitchen, Shockproof Egg Storage Case, Clear White</p><p> -20% 0FF </p><p>$7.99</p><a href="https://www.amazon.com/dp/B0CSW9FXB4?tag=eloabder-20&linkCode=osi&th=1&psc=1">View Product</a></div>

<div class="product"><a href="https://www.amazon.com/dp/B0BVMYRKRL?tag=eloabder-20&linkCode=osi&th=1&psc=1"><img src="https://m.media-amazon.com/images/I/318s-4hULIL._SL500_.jpg" alt="Product Image"></a><p>Nextmug - Temperature-Controlled, Self-Heating Coffee Mug (Burgundy - 14 oz.)</p><p> -23% 0FF </p><p>$99.95</p><a href="https://www.amazon.com/dp/B0BVMYRKRL?tag=eloabder-20&linkCode=osi&th=1&psc=1">View Product</a></div><div class="product"><a href="https://www.amazon.com/dp/B0DB1DP2KL?tag=eloabder-20&linkCode=osi&th=1&psc=1"><img src="https://m.media-amazon.com/images/I/410VzytA0BL._SL500_.jpg" alt="Product Image"></a><p>Civexa Rechargeable Self Heating Coffee Mug, Fastest Heating & Highest Temperature, 14 Oz App-Controlled Heated Coffee Mug, 1°F Precise Temperature Control Smart Mug Warmer with 150 Min Battery Life</p><p> -33% 0FF </p><p>$79.99</p><a href="https://www.amazon.com/dp/B0DB1DP2KL?tag=eloabder-20&linkCode=osi&th=1&psc=1">View Product</a></div><div class="product"><a href="https://www.amazon.com/dp/B0BYTZ9Q6D?tag=eloabder-20&linkCode=osi&th=1&psc=1"><img src="https://m.media-amazon.com/images/I/41Qw-6ekfQL._SL500_.jpg" alt="Product Image"></a><p>ikago Smart Heated Coffee Mug Warmer & Mug Set - Heated Mug Warmer with Auto Shut Off, 1°F Precise Temperature Control Mug Warmer, Electric Coffee Mug Warmer for Desk, Birthday Gifts for Women and Men</p><p> -14% 0FF </p><p>$59.99</p><a href="https://www.amazon.com/dp/B0BYTZ9Q6D?tag=eloabder-20&linkCode=osi&th=1&psc=1">View Product</a></div><div class="product"><a href="https://www.amazon.com/dp/B0DHTR1H32?tag=eloabder-20&linkCode=osi&th=1&psc=1"><img src="https://m.media-amazon.com/images/I/31sESCtRb7L._SL500_.jpg" alt="Product Image"></a><p>Mug Warmer,Coffee Mug Warmer with 3-Temp Settings,304 Stainless Steel Coffee Warmer with Digital Display, 2-12H Timer Setting Mug Warmer for Desk, Coffee Cup Warmer As Ideal Gift for Coffee Lovers</p><p> -43% 0FF </p><p>$12.59</p><a href="https://www.amazon.com/dp/B0DHTR1H32?tag=eloabder-20&linkCode=osi&th=1&psc=1">View Product</a></div><div class="product"><a href="https://www.amazon.com/dp/B0DHTVV633?tag=eloabder-20&linkCode=osi&th=1&psc=1"><img src="https://m.media-amazon.com/images/I/31WBjhkZIKL._SL500_.jpg" alt="Product Image"></a><p>Mug Warmer,Coffee Mug Warmer with 3 Adjustable Temperature Settings,Coffee Warmer with 2-12H Auto Shutoff Functions,Easy to Clean Mug Warmer for Desk,Coffee Cup Warmer for Ideal Coffee Gifts</p><p> -19% 0FF </p><p>$12.99</p><a href="https://www.amazon.com/dp/B0DHTVV633?tag=eloabder-20&linkCode=osi&th=1&psc=1">View Product</a></div>
<div class="product"><a href="https://www.amazon.com/dp/B0CT5V2ZHR?tag=eloabder-20&linkCode=osi&th=1&psc=1"><img src="https://m.media-amazon.com/images/I/41QSTztkWYL._SL500_.jpg" alt="Product Image"></a><p>Car Electric Kettle: 12V/24V Portable Water Boiler Heated Travel Mug,Multiple Temperature Adjustable Coffee Tea Truck Cup with 304 Stainless Steel Dry Burn Protection & Handy Cup Bag</p><p> -22% 0FF </p><p>$35.99</p><a href="https://www.amazon.com/dp/B0CT5V2ZHR?tag=eloabder-20&linkCode=osi&th=1&psc=1">View Product</a></div><div class="product"><a href="https://www.amazon.com/dp/B09DFM7L6P?tag=eloabder-20&linkCode=osi&th=1&psc=1"><img src="https://m.media-amazon.com/images/I/41EHKsNXzxL._SL500_.jpg" alt="Product Image"></a><p>Muggo 12 oz Self-Heating Coffee Mug with 3 Hour Battery Life, Tea, Coffee, & Hot Beverage Warmer, Heated Travel Mug(L)</p><p> -20% 0FF </p><p>$79.99</p><a href="https://www.amazon.com/dp/B09DFM7L6P?tag=eloabder-20&linkCode=osi&th=1&psc=1">View Product</a></div><div class="product"><a href="https://www.amazon.com/dp/B0DJFBF3SH?tag=eloabder-20&linkCode=osi&th=1&psc=1"><img src="https://m.media-amazon.com/images/I/41IHoQ5MTsL._SL500_.jpg" alt="Product Image"></a><p>Ninja Pod & Grounds Specialty Single-Serve Coffee Maker, K-Cup Pod Compatible, Brews Grounds, Compact Design, Built-In Milk Frother, 56-oz. Reservoir, 6-oz. Cup to 24-oz. Mug Sizes, Stone, PB051ST</p><p> -20% 0FF </p><p>$79.99</p><a href="https://www.amazon.com/dp/B0DJFBF3SH?tag=eloabder-20&linkCode=osi&th=1&psc=1">View Product</a></div><div class="product"><a href="https://www.amazon.com/dp/B0CSDRZSGG?tag=eloabder-20&linkCode=osi&th=1&psc=1"><img src="https://m.media-amazon.com/images/I/31DLZl5VZVL._SL500_.jpg" alt="Product Image"></a><p>Ninja Hot & Iced XL Coffee Maker with Rapid Cold Brew, 4 Brew Styles, 8 Sizes Small Cup to Travel Mug, Single-Serve Coffee Brewer, 12-Cup Carafe, Permanent Filter, Removable Reservoir, Black, CM371</p><p> -33% 0FF </p><p>$99.95</p><a href="https://www.amazon.com/dp/B0CSDRZSGG?tag=eloabder-20&linkCode=osi&th=1&psc=1">View Product</a></div>
<div class="product"><a href="https://www.amazon.com/dp/B0855FZHRW?tag=eloabder-20&linkCode=osi&th=1&psc=1"><img src="https://m.media-amazon.com/images/I/41fTL2yJ5sL._SL500_.jpg" alt="Product Image"></a><p>Ovente 1.7 Liter, BPA-Free Electric Glass Hot Water Kettle with Stainless-Steel Infuser and ProntoFill Technology, Teapot Infuser Perfect for Tea (KG733S+FGK27B)</p><p> -15% 0FF </p><p>$49.57</p><a href="https://www.amazon.com/dp/B0855FZHRW?tag=eloabder-20&linkCode=osi&th=1&psc=1">View Product</a></div>

<div class="product"><a href="https://www.amazon.com/dp/B0C32T9JP5?tag=eloabder-20&linkCode=osi&th=1&psc=1"><img src="https://m.media-amazon.com/images/I/51i64SI1wsL._SL500_.jpg" alt="Product Image"></a><p>HONGBAKE Air Fryer Basket for Oven, 15.6"x11.6" Nonstick Air Fry Crisper Tray with Baking Pan, 2 Pieces Air Frying Accessories, Wide Edge, Gray</p><p> -25% 0FF </p><p>$15.99</p><a href="https://www.amazon.com/dp/B0C32T9JP5?tag=eloabder-20&linkCode=osi&th=1&psc=1">View Product</a></div><div class="product"><a href="https://www.amazon.com/dp/B089YSGMMG?tag=eloabder-20&linkCode=osi&th=1&psc=1"><img src="https://m.media-amazon.com/images/I/51aUBaF3HdL._SL500_.jpg" alt="Product Image"></a><p>Chef Pomodoro Air Fryer Tray for Oven, Copper Crisper Tray, Air Fryer Pans for Toaster Oven, Air Fryer Basket and Tray 2-Piece Set, Air Fryer Baking Pan, Air Fryer basket for Oven (Rectangle)</p><p> -33% 0FF </p><p>$19.99</p><a href="https://www.amazon.com/dp/B089YSGMMG?tag=eloabder-20&linkCode=osi&th=1&psc=1">View Product</a></div><div class="product"><a href="https://www.amazon.com/dp/B0BQ9VBZBH?tag=eloabder-20&linkCode=osi&th=1&psc=1"><img src="https://m.media-amazon.com/images/I/516B1UlyAqL._SL500_.jpg" alt="Product Image"></a><p>Oven Liners for Bottom of Oven with Baking Sheet Liner | Heat Resistant Oven Liners for Bottom of Electric Oven and Teflon Sheets for Baking | Reusable Oven Matt Liner for Bottom of Electric Oven.</p><p> -23% 0FF </p><p>$9.99</p><a href="https://www.amazon.com/dp/B0BQ9VBZBH?tag=eloabder-20&linkCode=osi&th=1&psc=1">View Product</a></div>

<div class="product"><a href="https://www.amazon.com/dp/B08BSP4GL1?tag=eloabder-20&linkCode=osi&th=1&psc=1"><img src="https://m.media-amazon.com/images/I/41gWrVLe75L._SL500_.jpg" alt="Product Image"></a><p>Elite Gourmet EBM8103B Programmable Bread Maker Machine 3 Loaf Sizes, 19 Menu Functions Gluten Free White Wheat Rye French and more, 2 Lbs, Black</p><p> -13% 0FF </p><p>$64.97</p><a href="https://www.amazon.com/dp/B08BSP4GL1?tag=eloabder-20&linkCode=osi&th=1&psc=1">View Product</a></div><div class="product"><a href="https://www.amazon.com/dp/B0CJKNWCG1?tag=eloabder-20&linkCode=osi&th=1&psc=1"><img src="https://m.media-amazon.com/images/I/31wlh9Y94-L._SL500_.jpg" alt="Product Image"></a><p>Silicone Bread Maker, Foldable Nonstick Silicone Bread Pan Easy Release Microwave Dishwasher for Kitchen</p><p> -7% 0FF </p><p>$11.59</p><a href="https://www.amazon.com/dp/B0CJKNWCG1?tag=eloabder-20&linkCode=osi&th=1&psc=1">View Product</a></div>
<div class="product"><a href="https://www.amazon.com/dp/B0BY833XLS?tag=eloabder-20&linkCode=osi&th=1&psc=1"><img src="https://m.media-amazon.com/images/I/41aFMPym+YL._SL500_.jpg" alt="Product Image"></a><p>AWEELON 2 Pcs Silicone Air Fryer Egg Pan Reusable Air Fryer Egg Mold,Non-Stick Air Fryer Baking Pan 3 Cavity Silicone Muffin Pans for Baking Hamburger Bun Pan Air Fryer Accessories</p><p> -10% 0FF </p><p>$8.98</p><a href="https://www.amazon.com/dp/B0BY833XLS?tag=eloabder-20&linkCode=osi&th=1&psc=1">View Product</a></div><div class="product"><a href="https://www.amazon.com/dp/B088TPLBQB?tag=eloabder-20&linkCode=osi&th=1&psc=1"><img src="https://m.media-amazon.com/images/I/31tsE8At5ZL._SL500_.jpg" alt="Product Image"></a><p>SELPONT Pastry Tamper- Wooden Pastry- Double Ended- Dough Tart Tamper- Baking Tool- Shaping Kitchen Tool</p><p> -25% 0FF </p><p>$8.99</p><a href="https://www.amazon.com/dp/B088TPLBQB?tag=eloabder-20&linkCode=osi&th=1&psc=1">View Product</a></div>
<div class="product"><a href="https://www.amazon.com/dp/B01M5JDU2A?tag=eloabder-20&linkCode=osi&th=1&psc=1"><img src="https://m.media-amazon.com/images/I/314-+mGNoUL._SL500_.jpg" alt="Product Image"></a><p>Gotham Steel Round Baking Pan Nonstick Bakeware, Round Cake Pan, – Large 9.5” x 9.5” x 2” Size, Even Heat & Non-Warp Technology, Ultra Nonstick Ceramic Coating, Dishwasher Safe, Brownish</p><p> -18% 0FF </p><p>$16.32</p><a href="https://www.amazon.com/dp/B01M5JDU2A?tag=eloabder-20&linkCode=osi&th=1&psc=1">View Product</a></div><div class="product"><a href="https://www.amazon.com/dp/B0CM67SP45?tag=eloabder-20&linkCode=osi&th=1&psc=1"><img src="https://m.media-amazon.com/images/I/31gSvPX0j5L._SL500_.jpg" alt="Product Image"></a><p>Air Fryer Cake Pan,Pizza Pan and Baking Cake Barrel,Nonstick Coating Backing Fit for HD9925 HD9860 HD9905 01,Dishwasher Safe, Black(22cm)</p><p> -43% 0FF </p><p>$11.88</p><a href="https://www.amazon.com/dp/B0CM67SP45?tag=eloabder-20&linkCode=osi&th=1&psc=1">View Product</a></div>
<div class="product"><a href="https://www.amazon.com/dp/B005XOYUSQ?tag=eloabder-20&linkCode=osi&th=1&psc=1"><img src="https://m.media-amazon.com/images/I/51l6VUhtL1L._SL500_.jpg" alt="Product Image"></a><p>Toas-Tite Sandwich Grill - Handheld Pie Iron, Sandwich Maker, Hand Toaster, Panini and Sandwich Press for Hand Made Hot Sandwiches and Pies - Perfect for Stovetop, Grill and Campfire</p><p> -6% 0FF </p><p>$29.95</p><a href="https://www.amazon.com/dp/B005XOYUSQ?tag=eloabder-20&linkCode=osi&th=1&psc=1">View Product</a></div><div class="product"><a href="https://www.amazon.com/dp/B0C9HX4TLP?tag=eloabder-20&linkCode=osi&th=1&psc=1"><img src="https://m.media-amazon.com/images/I/41j6he2SJ8L._SL500_.jpg" alt="Product Image"></a><p>AILITOR Double Pie Iron Sandwich Maker for Camping, Cast Iron Campfire Pie Cooker, Campfire Cooking Equipment Mountain Pie Maker</p><p> -25% 0FF </p><p>$29.99</p><a href="https://www.amazon.com/dp/B0C9HX4TLP?tag=eloabder-20&linkCode=osi&th=1&psc=1">View Product</a></div><div class="product"><a href="https://www.amazon.com/dp/B0BQ6RF42G?tag=eloabder-20&linkCode=osi&th=1&psc=1"><img src="https://m.media-amazon.com/images/I/415JIGFbKAL._SL500_.jpg" alt="Product Image"></a><p>AILITOR Campfire Sandwich Maker Cast Iron Pack of 4 - Pudgy Pie Maker for Camping, Mountain Pie Cooker</p><p> -5% 0FF </p><p>$94.99</p><a href="https://www.amazon.com/dp/B0BQ6RF42G?tag=eloabder-20&linkCode=osi&th=1&psc=1">View Product</a></div>
<div class="product"><a href="https://www.amazon.com/dp/B00KBUGQNY?tag=eloabder-20&linkCode=osi&th=1&psc=1"><img src="https://m.media-amazon.com/images/I/41XqQqVDzML._SL500_.jpg" alt="Product Image"></a><p>Wilton Candy Melts Candy And Chocolate Melting Pot, 2.5 Cups Capacity, Assorted Colors, Plastic</p><p> -24% 0FF </p><p>$32.99</p><a href="https://www.amazon.com/dp/B00KBUGQNY?tag=eloabder-20&linkCode=osi&th=1&psc=1">View Product</a></div>

<div class="product"><a href="https://www.amazon.com/dp/B07XXMSZ9T?tag=eloabder-20&linkCode=osi&th=1&psc=1"><img src="https://m.media-amazon.com/images/I/31QYFgrmuuL._SL500_.jpg" alt="Product Image"></a><p>MACONEE 12inch Universal Microwave Crisper Pan/Microwave Cookware Crispy Plate Fry Pan, Microwave Cooker for Reheat Frozen Pizza, Chicken Nuggets French Toast with Crisp Effect!</p><p> -5% 0FF </p><p>$34.99</p><a href="https://www.amazon.com/dp/B07XXMSZ9T?tag=eloabder-20&linkCode=osi&th=1&psc=1">View Product</a></div><div class="product"><a href="https://www.amazon.com/dp/B0C95D475H?tag=eloabder-20&linkCode=osi&th=1&psc=1"><img src="https://m.media-amazon.com/images/I/41KfKdcdDbL._SL500_.jpg" alt="Product Image"></a><p>Cuisinart Indoor Pizza Oven – Bake 12” Pizzas in Minutes – Portable Countertop Pizza Oven – Stainless Steel - CPZ-120</p><p> -53% 0FF </p><p>$187.49</p><a href="https://www.amazon.com/dp/B0C95D475H?tag=eloabder-20&linkCode=osi&th=1&psc=1">View Product</a></div><div class="product"><a href="https://www.amazon.com/dp/B0D9HYLN56?tag=eloabder-20&linkCode=osi&th=1&psc=1"><img src="https://m.media-amazon.com/images/I/51KRbs4TdkL._SL500_.jpg" alt="Product Image"></a><p>Presto 03434 Pizzaz Plus Rotating Oven - 12-Inch, Countertop Pizza Oven, Nonstick Tray, Top and Bottom Heating Elements, Easy to Clean, Green/Gold</p><p> -7% 0FF </p><p>$79.00</p><a href="https://www.amazon.com/dp/B0D9HYLN56?tag=eloabder-20&linkCode=osi&th=1&psc=1">View Product</a></div>
<div class="product"><a href="https://www.amazon.com/dp/B077YR9FFG?tag=eloabder-20&linkCode=osi&th=1&psc=1"><img src="https://m.media-amazon.com/images/I/51O2k+YPICL._SL500_.jpg" alt="Product Image"></a><p>Chefman Panini Press Grill and Gourmet Sandwich Maker Non-Stick Coated Plates, Opens 180 Degrees to Fit Any Type or Size of Food, Stainless Steel Surface and Removable Drip Tray, 4 Slice, Black</p><p> -20% 0FF </p><p>$39.96</p><a href="https://www.amazon.com/dp/B077YR9FFG?tag=eloabder-20&linkCode=osi&th=1&psc=1">View Product</a></div><div class="product"><a href="https://www.amazon.com/dp/B0039UU9TU?tag=eloabder-20&linkCode=osi&th=1&psc=1"><img src="https://m.media-amazon.com/images/I/41zMBCGEaoL._SL500_.jpg" alt="Product Image"></a><p>Lodge LPP3 Cast Iron Square Ribbed Panini Press, 8.25-inch</p><p> -7% 0FF </p><p>$29.61</p><a href="https://www.amazon.com/dp/B0039UU9TU?tag=eloabder-20&linkCode=osi&th=1&psc=1">View Product</a></div>
<div class="product"><a href="https://www.amazon.com/dp/B0BMV2R7NH?tag=eloabder-20&linkCode=osi&th=1&psc=1"><img src="https://m.media-amazon.com/images/I/41AU0s48sEL._SL500_.jpg" alt="Product Image"></a><p>Audecook Hot Pot Electric 2L, Cermic Glaze Non-Stick Frying Pan 8 Inch, Portable Travel Cooker for Ramen/Steak/Fried Rice/Oatmeal/Soup, with Dual Power Control (Silicone Spatula Included)</p><p> -24% 0FF </p><p>$37.99</p><a href="https://www.amazon.com/dp/B0BMV2R7NH?tag=eloabder-20&linkCode=osi&th=1&psc=1">View Product</a></div><div class="product"><a href="https://www.amazon.com/dp/B0B7FHK2H7?tag=eloabder-20&linkCode=osi&th=1&psc=1"><img src="https://m.media-amazon.com/images/I/31dqzuWr2sL._SL500_.jpg" alt="Product Image"></a><p>Audecook Hot Pot Electric with Steamer, 1.8L Portable Mini Travel Cooker, Multifunctional Non-Stick Electric Skillet for Stir Fry/Stew/Steam, Perfect for Ramen Noodles/Pasta/Egg/Soup/Oatmeal (White)</p><p> -28% 0FF </p><p>$32.98</p><a href="https://www.amazon.com/dp/B0B7FHK2H7?tag=eloabder-20&linkCode=osi&th=1&psc=1">View Product</a></div>
<div class="product"><a href="https://www.amazon.com/dp/B0002HAEKW?tag=eloabder-20&linkCode=osi&th=1&psc=1"><img src="https://m.media-amazon.com/images/I/31pTwD5u8wL._SL500_.jpg" alt="Product Image"></a><p>Farberware Classic Series Stainless Steel 8-Quart Covered Straining Stockpot with Lid, Stainless Steel Pot with Lid, Silver</p><p> -39% 0FF </p><p>$36.49</p><a href="https://www.amazon.com/dp/B0002HAEKW?tag=eloabder-20&linkCode=osi&th=1&psc=1">View Product</a></div><div class="product"><a href="https://www.amazon.com/dp/B08HR7H63D?tag=eloabder-20&linkCode=osi&th=1&psc=1"><img src="https://m.media-amazon.com/images/I/41kHWurprEL._SL500_.jpg" alt="Product Image"></a><p>Bayou Classic 200-490 30-qt Aluminum Turkey Fryer Kit Features 30-qt Aluminum Stockpot w/ Lid Lift Hook and Rack 1-oz Seasoning Injector 12-in Fry Thermometer 19-in Tall Steel Cooker w/ 4-in Burner</p><p> -6% 0FF </p><p>$157.63 ($157.63 / Count)</p><a href="https://www.amazon.com/dp/B08HR7H63D?tag=eloabder-20&linkCode=osi&th=1&psc=1">View Product</a></div>
<div class="product"><a href="https://www.amazon.com/dp/B0CV4NYDQL?tag=eloabder-20&linkCode=osi&th=1&psc=1"><img src="https://m.media-amazon.com/images/I/41ySRkI3DsL._SL500_.jpg" alt="Product Image"></a><p>Enameled Cast Iron Bread Pan With Lid 9 Piece Complete Bread Baking Set | Dutch Oven for Bread Baking | 10 Inch Bread Oven with Lid | Thick Enamel | Silicone Baking Mat | Banneton | 6 Quart (Red)</p><p> -10% 0FF </p><p>$89.99</p><a href="https://www.amazon.com/dp/B0CV4NYDQL?tag=eloabder-20&linkCode=osi&th=1&psc=1">View Product</a></div><div class="product"><a href="https://www.amazon.com/dp/B0C8WN349L?tag=eloabder-20&linkCode=osi&th=1&psc=1"><img src="https://m.media-amazon.com/images/I/41Fv7R5VoHL._SL500_.jpg" alt="Product Image"></a><p>Ninja Combi All-in-One Multicooker, Oven, & Air Fryer, Complete Meals in 15 Mins, 14-in-1 Functions, Combi Cooker + Air Fry, Bake, Roast, Slow Cook and More, 3 Accessories, Stainless Steel, SFP701</p><p> -22% 0FF </p><p>$179.99</p><a href="https://www.amazon.com/dp/B0C8WN349L?tag=eloabder-20&linkCode=osi&th=1&psc=1">View Product</a></div>





<div class="product"><a href="https://www.amazon.com/dp/B07GV78ZKK?tag=eloabder-20&linkCode=osi&th=1&psc=1"><img src="https://m.media-amazon.com/images/I/31zntCfjdLL._SL500_.jpg" alt="Product Image"></a><p>COMFEE' EM720CPL-PM Countertop Microwave Oven with Sound On/Off, ECO Mode and Easy One-Touch Buttons, 0.7 Cu Ft/700W, Pearl White</p><p> -17% 0FF </p><p>$68.39</p><a href="https://www.amazon.com/dp/B07GV78ZKK?tag=eloabder-20&linkCode=osi&th=1&psc=1">View Product</a></div>
<div class="product"><a href="https://www.amazon.com/dp/B07XMJMCS3?tag=eloabder-20&linkCode=osi&th=1&psc=1"><img src="https://m.media-amazon.com/images/I/419J3Xx48mL._SL500_.jpg" alt="Product Image"></a><p>Elite Gourmet ETO-4510M French Door 47.5Qt, 18-Slice Convection Oven 4-Control Knobs, Bake Broil Toast Rotisserie Keep Warm, Includes 2 x 14" Pizza Racks, Stainless Steel</p><p> -31% 0FF </p><p>$124.99</p><a href="https://www.amazon.com/dp/B07XMJMCS3?tag=eloabder-20&linkCode=osi&th=1&psc=1">View Product</a></div><div class="product"><a href="https://www.amazon.com/dp/B08BXX69K4?tag=eloabder-20&linkCode=osi&th=1&psc=1"><img src="https://m.media-amazon.com/images/I/41D3YEcmwdL._SL500_.jpg" alt="Product Image"></a><p>Ninja DT201 Foodi 10-in-1 XL Pro Air Fry Digital Countertop Convection Toaster Oven with Dehydrate and Reheat, 1800 Watts, Stainless Steel Finish, Silver</p><p> -23% 0FF </p><p>$229.99</p><a href="https://www.amazon.com/dp/B08BXX69K4?tag=eloabder-20&linkCode=osi&th=1&psc=1">View Product</a></div>
<div class="product"><a href="https://www.amazon.com/dp/B0CS3V8M9H?tag=eloabder-20&linkCode=osi&th=1&psc=1"><img src="https://m.media-amazon.com/images/I/412jHCGGR+L._SL500_.jpg" alt="Product Image"></a><p>Ninja Air Fryer Pro XL 6-in-1 with 6.5 QT Capacity, Max Crisp, Air Fry, Air Roast, Bake, Reheat, Dehydrate, Max Crisp Technology with 450F, Nonstick Basket & Crisper Plate, Grey, AF181</p><p> -47% 0FF </p><p>$89.99</p><a href="https://www.amazon.com/dp/B0CS3V8M9H?tag=eloabder-20&linkCode=osi&th=1&psc=1">View Product</a></div>
<div class="product"><a href="https://www.amazon.com/dp/B0B1QSBB8G?tag=eloabder-20&linkCode=osi&th=1&psc=1"><img src="https://m.media-amazon.com/images/I/51cRMyJi-bL._SL500_.jpg" alt="Product Image"></a><p>Ronco ST5000PLAT Digital Showtime Rotisserie, Platinum Edition, Cooks Food Perfectly Every Time, 3 Cooking Modes: Roast, Sear, and No Heat Rotation, Stainless Steel</p><p> -15% 0FF </p><p>$144.99</p><a href="https://www.amazon.com/dp/B0B1QSBB8G?tag=eloabder-20&linkCode=osi&th=1&psc=1">View Product</a></div><div class="product"><a href="https://www.amazon.com/dp/B08JQNN9SY?tag=eloabder-20&linkCode=osi&th=1&psc=1"><img src="https://m.media-amazon.com/images/I/51rWVbBIf+L._SL500_.jpg" alt="Product Image"></a><p>Ronco Showtime EZ-Store Large Capacity Rotisserie & BBQ Oven, Digital Controls, Compact Storage, Perfect Preset Rotation Speed, Self-Basting, Auto Shutoff, Includes Multipurpose Basket, red</p><p> -10% 0FF </p><p>$139.99</p><a href="https://www.amazon.com/dp/B08JQNN9SY?tag=eloabder-20&linkCode=osi&th=1&psc=1">View Product</a></div><div class="product"><a href="https://www.amazon.com/dp/B00IGGJKRY?tag=eloabder-20&linkCode=osi&th=1&psc=1"><img src="https://m.media-amazon.com/images/I/41ZyPJxqGNL._SL500_.jpg" alt="Product Image"></a><p>Ronco 5500 Series Rotisserie Oven, Black</p><p> -7% 0FF </p><p>$139.99</p><a href="https://www.amazon.com/dp/B00IGGJKRY?tag=eloabder-20&linkCode=osi&th=1&psc=1">View Product</a></div><div class="product"><a href="https://www.amazon.com/dp/B016VZYWNS?tag=eloabder-20&linkCode=osi&th=1&psc=1"><img src="https://m.media-amazon.com/images/I/41GY0IMde0L._SL500_.jpg" alt="Product Image"></a><p>NutriChef Vertical Countertop Rotisserie Oven Roaster, Rotating Shawarma And Kebab Machine with Skewer and Rack, Basket Tower, Roasting Rack, Poultry Tower, Drip Tray, For Meat Chicken Turkey Lamb</p><p> -8% 0FF </p><p>$110.28</p><a href="https://www.amazon.com/dp/B016VZYWNS?tag=eloabder-20&linkCode=osi&th=1&psc=1">View Product</a></div><div class="product"><a href="https://www.amazon.com/dp/B01MAWQSW5?tag=eloabder-20&linkCode=osi&th=1&psc=1"><img src="https://m.media-amazon.com/images/I/51hurfu3V2L._SL500_.jpg" alt="Product Image"></a><p>Nutrichef Vertical Countertop Oven with Rotisserie, Bake, Broil, & Kebab Rack Functions - Adjustable Settings - 2 Shelves - 1500W - Thanksgiving Turkey - Includes Grill, Kebab skewer racks & bake pan</p><p> -15% 0FF </p><p>$88.80</p><a href="https://www.amazon.com/dp/B01MAWQSW5?tag=eloabder-20&linkCode=osi&th=1&psc=1">View Product</a></div>
<div class="product"><a href="https://www.amazon.com/dp/B0BJ7VBZ2N?tag=eloabder-20&linkCode=osi&th=1&psc=1"><img src="https://m.media-amazon.com/images/I/31YfjzhQJiL._SL500_.jpg" alt="Product Image"></a><p>LG LRFLC2706S 27 Cu. Ft. French Door Smart Refrigerator in Stainless Steel</p><p> -22% 0FF </p><p>$1,645.31</p><a href="https://www.amazon.com/dp/B0BJ7VBZ2N?tag=eloabder-20&linkCode=osi&th=1&psc=1">View Product</a></div><div class="product"><a href="https://www.amazon.com/dp/B0CL9K8VTH?tag=eloabder-20&linkCode=osi&th=1&psc=1"><img src="https://m.media-amazon.com/images/I/219HZ+NJ2UL._SL500_.jpg" alt="Product Image"></a><p>THFRIONE 18.1 Cu. Ft 36" Inch W. Refrigerator with Ice & Water Dispenser, Inverter Compressor, Auto Defrost, Gray Stainless Steel Finish – Perfect for Kitchens, Homes, or Offices</p><p> -25% 0FF </p><p>$1,499.99</p><a href="https://www.amazon.com/dp/B0CL9K8VTH?tag=eloabder-20&linkCode=osi&th=1&psc=1">View Product</a></div><div class="product"><a href="https://www.amazon.com/dp/B0C2X116TR?tag=eloabder-20&linkCode=osi&th=1&psc=1"><img src="https://m.media-amazon.com/images/I/21W4R5jV3GL._SL500_.jpg" alt="Product Image"></a><p>LG LRFXC2606S 25.5 Cu. Ft. Stainless Steel French Door Smart Refrigerator</p><p> -29% 0FF </p><p>$1,843.47</p><a href="https://www.amazon.com/dp/B0C2X116TR?tag=eloabder-20&linkCode=osi&th=1&psc=1">View Product</a></div><div class="product"><a href="https://www.amazon.com/dp/B07ZL2VL1Q?tag=eloabder-20&linkCode=osi&th=1&psc=1"><img src="https://m.media-amazon.com/images/I/316q4gNbayL._SL500_.jpg" alt="Product Image"></a><p>GE Profile PVD28BYNFS 27.6 Cu.Ft. Stainless French Door Smart Refrigerator</p><p> -44% 0FF </p><p>$2,345.73</p><a href="https://www.amazon.com/dp/B07ZL2VL1Q?tag=eloabder-20&linkCode=osi&th=1&psc=1">View Product</a></div>
<div class="product"><a href="https://www.amazon.com/dp/B0CFG3VR82?tag=eloabder-20&linkCode=osi&th=1&psc=1"><img src="https://m.media-amazon.com/images/I/41mL7IdNaaL._SL500_.jpg" alt="Product Image"></a><p>4986ER0004F Washer Door Boot Gasket - Boot Seal with Drain Port Compatible with LG and Kenmore Replaces: PS3524977, 1377588, 4986ER0004J, 4986ER0004K, AH3524977, 4986ER0004M, 4986ER0004N, EA3524977</p><p> -19% 0FF </p><p>$29.98</p><a href="https://www.amazon.com/dp/B0CFG3VR82?tag=eloabder-20&linkCode=osi&th=1&psc=1">View Product</a></div><div class="product"><a href="https://www.amazon.com/dp/B0CSNKFMHZ?tag=eloabder-20&linkCode=osi&th=1&psc=1"><img src="https://m.media-amazon.com/images/I/41FWvdtKijL._SL500_.jpg" alt="Product Image"></a><p>Upgraded DC97-16140P DC97-19755A Washer Door Gasket Boot Seal Bellow Diaphragm Compatible with Samsung Front Load Washer Door Seal WF45N5300AW/US WF45M5500AZ/A5 WF45K6200AW/A2 WF45K6300AW/A2 Parts</p><p> -13% 0FF </p><p>$45.77</p><a href="https://www.amazon.com/dp/B0CSNKFMHZ?tag=eloabder-20&linkCode=osi&th=1&psc=1">View Product</a></div>
<div class="product"><a href="https://www.amazon.com/dp/B0C4PRS41W?tag=eloabder-20&linkCode=osi&th=1&psc=1"><img src="https://m.media-amazon.com/images/I/41Xc8Et+m2L._SL500_.jpg" alt="Product Image"></a><p>ROVSUN 13.2LB Portable Clothes Dryer, 3.5 Cu.Ft High End Front Load Tumble Laundry Dryer with LCD Touch Screen, Stainless Steel Tub for Apartment, Home, Dorm-110V, Luxury Grey</p><p> -6% 0FF </p><p>$289.99</p><a href="https://www.amazon.com/dp/B0C4PRS41W?tag=eloabder-20&linkCode=osi&th=1&psc=1">View Product</a></div><div class="product"><a href="https://www.amazon.com/dp/B0BV6M9MB8?tag=eloabder-20&linkCode=osi&th=1&psc=1"><img src="https://m.media-amazon.com/images/I/31UNxYC9C6L._SL500_.jpg" alt="Product Image"></a><p>BLACK+DECKER Compact Clothes Dryer, 1.5 Cu. Ft. 850W Electric Dryer, 120V Vented Portable Dryer with Stainless Steel Drum, Mini Dryer for 3.3 lbs. of Laundry for Standard Wall Outlet</p><p> -6% 0FF </p><p>$244.07</p><a href="https://www.amazon.com/dp/B0BV6M9MB8?tag=eloabder-20&linkCode=osi&th=1&psc=1">View Product</a></div>
<div class="product"><a href="https://www.amazon.com/dp/B09QGHYFY3?tag=eloabder-20&linkCode=osi&th=1&psc=1"><img src="https://m.media-amazon.com/images/I/51WzNNtcNxL._SL500_.jpg" alt="Product Image"></a><p>VEVOR Commercial Convection Oven, 66L/60Qt, Half-Size Conventional Oven Countertop, 1800W 4-Tier Toaster w/Front Glass Door, w/Trays Wire Racks Clip Gloves, 120V</p><p> -8% 0FF </p><p>$459.99</p><a href="https://www.amazon.com/dp/B09QGHYFY3?tag=eloabder-20&linkCode=osi&th=1&psc=1">View Product</a></div><div class="product"><a href="https://www.amazon.com/dp/B0BZ52FLKC?tag=eloabder-20&linkCode=osi&th=1&psc=1"><img src="https://m.media-amazon.com/images/I/51xS1rDuyiL._SL500_.jpg" alt="Product Image"></a><p>Emeril Lagasse Dual Zone 360 Air Fryer Oven Combo with French Door, 25 QT Extra Large Cook Two Foods in Different Ways, Up to 60% Faster from Frozen to Finish</p><p> -12% 0FF </p><p>$264.50</p><a href="https://www.amazon.com/dp/B0BZ52FLKC?tag=eloabder-20&linkCode=osi&th=1&psc=1">View Product</a></div><div class="product"><a href="https://www.amazon.com/dp/B0BRL9F8HV?tag=eloabder-20&linkCode=osi&th=1&psc=1"><img src="https://m.media-amazon.com/images/I/41OVh-RKLgL._SL500_.jpg" alt="Product Image"></a><p>Ninja DCT451 12-in-1 Smart Double Oven with FlexDoor, Thermometer, FlavorSeal, Smart Finish, Rapid Top Convection and Air Fry Bottom , Stainless Steel (pack of 1)</p><p> -20% 0FF </p><p>$279.99</p><a href="https://www.amazon.com/dp/B0BRL9F8HV?tag=eloabder-20&linkCode=osi&th=1&psc=1">View Product</a></div>

<div class="product"><a href="https://www.amazon.com/dp/B0773QXFH3?tag=eloabder-20&linkCode=osi&th=1&psc=1"><img src="https://m.media-amazon.com/images/I/41OitXu8hQL._SL500_.jpg" alt="Product Image"></a><p>BLACK+DECKER BCD6W 6 Place Setting ENERGY STAR Portable Compact Countertop Dishwasher</p><p> -20% 0FF </p><p>$319.99</p><a href="https://www.amazon.com/dp/B0773QXFH3?tag=eloabder-20&linkCode=osi&th=1&psc=1">View Product</a></div><div class="product"><a href="https://www.amazon.com/dp/B09QSV4FCC?tag=eloabder-20&linkCode=osi&th=1&psc=1"><img src="https://m.media-amazon.com/images/I/51vfWTq8xAL._SL500_.jpg" alt="Product Image"></a><p>IAGREEA Portable Countertop Dishwasher, 7 Washing Programs Compact Mini Dishwasher, No Hook Needed, Anti-Leakage, Fruit & Vegetable Soaking, For 4 Sets of Tableware</p><p> -9% 0FF </p><p>$209.99</p><a href="https://www.amazon.com/dp/B09QSV4FCC?tag=eloabder-20&linkCode=osi&th=1&psc=1">View Product</a></div>




<div class="product"><a href="https://www.amazon.com/dp/B07D4821JB?tag=eloabder-20&linkCode=osi&th=1&psc=1"><img src="https://m.media-amazon.com/images/I/31KcsQlzOiL._SL500_.jpg" alt="Product Image"></a><p>GE Smart Countertop Microwave Oven | Complete with Scan-to-Cook Technology and Wifi-Connectivity | 0.9 Cubic Feet Capacity, 900 Watts | Home & Kitchen Essentials | Stainless Steel</p><p> -9% 0FF </p><p>$145.00</p><a href="https://www.amazon.com/dp/B07D4821JB?tag=eloabder-20&linkCode=osi&th=1&psc=1">View Product</a></div><div class="product"><a href="https://www.amazon.com/dp/B08PK7WZC1?tag=eloabder-20&linkCode=osi&th=1&psc=1"><img src="https://m.media-amazon.com/images/I/31FW1VCDrSL._SL500_.jpg" alt="Product Image"></a><p>Toshiba ML-EM62P(SS) Large Countertop Microwave with Smart Sensor, 6 Menus, Auto Defrost, ECO Mode, Mute Option & 16.5" Position Memory Turntable, 2.2 Cu Ft, 1200W, Stainless Steel</p><p> -5% 0FF </p><p>$199.99</p><a href="https://www.amazon.com/dp/B08PK7WZC1?tag=eloabder-20&linkCode=osi&th=1&psc=1">View Product</a></div><div class="product"><a href="https://www.amazon.com/dp/B081ZS7VSM?tag=eloabder-20&linkCode=osi&th=1&psc=1"><img src="https://m.media-amazon.com/images/I/41q6iIrj2lL._SL500_.jpg" alt="Product Image"></a><p>Breville BMO870BSS1BUC1 the Combi Wave 3 in 1 Microwave, Brushed Stainless Steel</p><p> -20% 0FF </p><p>$399.95</p><a href="https://www.amazon.com/dp/B081ZS7VSM?tag=eloabder-20&linkCode=osi&th=1&psc=1">View Product</a></div><div class="product"><a href="https://www.amazon.com/dp/B089WC2P2K?tag=eloabder-20&linkCode=osi&th=1&psc=1"><img src="https://m.media-amazon.com/images/I/418Op+Eo8TL._SL500_.jpg" alt="Product Image"></a><p>TOSHIBA 4-in-1 ML-EC42P(SS) Countertop Microwave Oven, Smart Sensor, Convection, Air Fryer Combo, Mute Function, Position Memory 13.6" Turntable, 1.5 Cu Ft, 1000W, Silver</p><p> -16% 0FF </p><p>$214.99</p><a href="https://www.amazon.com/dp/B089WC2P2K?tag=eloabder-20&linkCode=osi&th=1&psc=1">View Product</a></div>
<div class="product"><a href="https://www.amazon.com/dp/B0CZNV2YJK?tag=eloabder-20&linkCode=osi&th=1&psc=1"><img src="https://m.media-amazon.com/images/I/41cLBczHUgL._SL500_.jpg" alt="Product Image"></a><p>Aeitto Blender, Blenders for Kitchen with 1500-Watt Motor, 68 Oz Large Capacity, Countertop Professional Blenders for Ice Crush, Frozen Drinks, Black</p><p> -73% 0FF </p><p>$89.99</p><a href="https://www.amazon.com/dp/B0CZNV2YJK?tag=eloabder-20&linkCode=osi&th=1&psc=1">View Product</a></div><div class="product"><a href="https://www.amazon.com/dp/B00939FV8K?tag=eloabder-20&linkCode=osi&th=1&psc=1"><img src="https://m.media-amazon.com/images/I/418t4FONikL._SL500_.jpg" alt="Product Image"></a><p>Ninja BL660 Professional Compact Smoothie & Food Processing Blender, 1100-Watts, 3 Functions -for Frozen Drinks, Smoothies, Sauces, & More, 72-oz.* Pitcher, (2) 16-oz. To-Go Cups & Spout Lids, Gray</p><p> -17% 0FF </p><p>$99.00</p><a href="https://www.amazon.com/dp/B00939FV8K?tag=eloabder-20&linkCode=osi&th=1&psc=1">View Product</a></div><div class="product"><a href="https://www.amazon.com/dp/B0CDCTBMKX?tag=eloabder-20&linkCode=osi&th=1&psc=1"><img src="https://m.media-amazon.com/images/I/41AxPEPZViL._SL500_.jpg" alt="Product Image"></a><p>Ninja TB201 Detect Power Blender Pro, BlendSense Technology, For Smoothies, Shakes & More, 1800 Peak Watts, 72 oz. Pitcher, Blender, Black</p><p> -7% 0FF </p><p>$129.99</p><a href="https://www.amazon.com/dp/B0CDCTBMKX?tag=eloabder-20&linkCode=osi&th=1&psc=1">View Product</a></div><div class="product"><a href="https://www.amazon.com/dp/B08F2PWT72?tag=eloabder-20&linkCode=osi&th=1&psc=1"><img src="https://m.media-amazon.com/images/I/21Abxpp-dvL._SL500_.jpg" alt="Product Image"></a><p>KitchenAid Variable Speed Corded Hand Blender KHBV53, Charcoal Grey</p><p> -25% 0FF </p><p>$44.95</p><a href="https://www.amazon.com/dp/B08F2PWT72?tag=eloabder-20&linkCode=osi&th=1&psc=1">View Product</a></div>


<div class="product"><a href="https://www.amazon.com/dp/B010TSWBEA?tag=eloabder-20&linkCode=osi&th=1&psc=1"><img src="https://m.media-amazon.com/images/I/21S-tgi3mHL._SL500_.jpg" alt="Product Image"></a><p>SMEG 2 Slice Toaster with 6 Presets and Defrost Function and Removable Crumb Tray TSF01SSMUS, Stainless Steel</p><p> -21% 0FF </p><p>$196.97</p><a href="https://www.amazon.com/dp/B010TSWBEA?tag=eloabder-20&linkCode=osi&th=1&psc=1">View Product</a></div><div class="product"><a href="https://www.amazon.com/dp/B00COMHC12?tag=eloabder-20&linkCode=osi&th=1&psc=1"><img src="https://m.media-amazon.com/images/I/31x2kZuLOcL._SL500_.jpg" alt="Product Image"></a><p>Breville the 'A Bit More' Toaster 2-Slice, BTA720XL, Brushed Stainless Steel</p><p> -25% 0FF </p><p>$89.95</p><a href="https://www.amazon.com/dp/B00COMHC12?tag=eloabder-20&linkCode=osi&th=1&psc=1">View Product</a></div><div class="product"><a href="https://www.amazon.com/dp/B00140SC64?tag=eloabder-20&linkCode=osi&th=1&psc=1"><img src="https://m.media-amazon.com/images/I/31AsHl4-4ZL._SL500_.jpg" alt="Product Image"></a><p>Breville Smart Toaster, 2-Slice, Brushed Aluminum</p><p> -6% 0FF </p><p>$149.95</p><a href="https://www.amazon.com/dp/B00140SC64?tag=eloabder-20&linkCode=osi&th=1&psc=1">View Product</a></div><div class="product"><a href="https://www.amazon.com/dp/B0964BFH62?tag=eloabder-20&linkCode=osi&th=1&psc=1"><img src="https://m.media-amazon.com/images/I/41Nw+vaMaiL._SL500_.jpg" alt="Product Image"></a><p>Café Express Finish 2-Slice Toaster | Extra-Wide Slots, Extra Lift for Waffles, Pastries, Texas Toast & More | 4 Pre-Set Functions, 8 Shade Options | Countertop Kitchen Essentials | Matte Black</p><p> -23% 0FF </p><p>$99.00</p><a href="https://www.amazon.com/dp/B0964BFH62?tag=eloabder-20&linkCode=osi&th=1&psc=1">View Product</a></div><div class="product"><a href="https://www.amazon.com/dp/B0876235F1?tag=eloabder-20&linkCode=osi&th=1&psc=1"><img src="https://m.media-amazon.com/images/I/41y-KW18W1L._SL500_.jpg" alt="Product Image"></a><p>Haden Heritage 4 Slice Wide Slot Stainless Steel Toaster with Adjustable Browning Control & Non-Slip Feet, Ivory & Chrome</p><p> -29% 0FF </p><p>$89.95</p><a href="https://www.amazon.com/dp/B0876235F1?tag=eloabder-20&linkCode=osi&th=1&psc=1">View Product</a></div>
<div class="product"><a href="https://www.amazon.com/dp/B0C7VMZ9FG?tag=eloabder-20&linkCode=osi&th=1&psc=1"><img src="https://m.media-amazon.com/images/I/31JHVY8m1-L._SL500_.jpg" alt="Product Image"></a><p>Breez Max | Smart AC Controller | WiFi Thermostat for Mini-Split, Window, Portable ACS/Heat Pumps | AI-Based Tech | Free App, No Subscriptions | Alexa, Google, Siri Shortcuts, IFTTT (White)</p><p> -22% 0FF </p><p>$124.99</p><a href="https://www.amazon.com/dp/B0C7VMZ9FG?tag=eloabder-20&linkCode=osi&th=1&psc=1">View Product</a></div>



<div class="product"><a href="https://www.amazon.com/dp/B09H1CGRTV?tag=eloabder-20&linkCode=osi&th=1&psc=1"><img src="https://m.media-amazon.com/images/I/31uEPVcJ8RL._SL500_.jpg" alt="Product Image"></a><p>FOTILE ChefCubii 4-in-1 Countertop Convection Steam Oven, Air Fryer, Dehydrator with True Convection Bake, Steam-Bake, Broil, 40 Preset Menu and Steam Self-Clean, 1 CFT</p><p> -20% 0FF </p><p>$399.00</p><a href="https://www.amazon.com/dp/B09H1CGRTV?tag=eloabder-20&linkCode=osi&th=1&psc=1">View Product</a></div><div class="product"><a href="https://www.amazon.com/dp/B0CZ3HSTP8?tag=eloabder-20&linkCode=osi&th=1&psc=1"><img src="https://m.media-amazon.com/images/I/41rIMFdCNsL._SL500_.jpg" alt="Product Image"></a><p>Secura Multifunction Air Fryer Steam Oven, 13 Quart Compact Oven with Convection Bake, Airfryer, Rapid Steam, Ferment, Dehydrator Combo, Nutritious & Delicious Food Steamer for Cooking (Mint Green)</p><p> -18% 0FF </p><p>$120.00</p><a href="https://www.amazon.com/dp/B0CZ3HSTP8?tag=eloabder-20&linkCode=osi&th=1&psc=1">View Product</a></div><div class="product"><a href="https://www.amazon.com/dp/B08YDJJ48N?tag=eloabder-20&linkCode=osi&th=1&psc=1"><img src="https://m.media-amazon.com/images/I/31eWtCxG5PL._SL500_.jpg" alt="Product Image"></a><p>Whynter TSO-488GB Grande 40 Quart Capacity Counter-Top Multi-Function Convection Steam Oven, Black Stainless Steel</p><p> -26% 0FF </p><p>$320.08</p><a href="https://www.amazon.com/dp/B08YDJJ48N?tag=eloabder-20&linkCode=osi&th=1&psc=1">View Product</a></div>
<div class="product"><a href="https://www.amazon.com/dp/B0B12ZBHLZ?tag=eloabder-20&linkCode=osi&th=1&psc=1"><img src="https://m.media-amazon.com/images/I/41aMbPd8AmL._SL500_.jpg" alt="Product Image"></a><p>Sensibo Air PRO - Air Conditioner Smart Controller & Air Quality Sensor. Smart Thermostat for Mini Split, Window, Portable AC. Temp & Humidity Sensors. Google, Alexa, Siri & Apple HomeKit Compatible</p><p> -31% 0FF </p><p>$149.00</p><a href="https://www.amazon.com/dp/B0B12ZBHLZ?tag=eloabder-20&linkCode=osi&th=1&psc=1">View Product</a></div><div class="product"><a href="https://www.amazon.com/dp/B0BQH2SL9Q?tag=eloabder-20&linkCode=osi&th=1&psc=1"><img src="https://m.media-amazon.com/images/I/31CwRCRuFWL._SL500_.jpg" alt="Product Image"></a><p>Feit Electric Smart Indoor WiFi Temperature and Humidity Sensor for Precision Environment Control, Wireless, Digital Remote App Control, Get Notification Alerts and No Hub Required - Temp/WiFi</p><p> -16% 0FF </p><p>$39.30</p><a href="https://www.amazon.com/dp/B0BQH2SL9Q?tag=eloabder-20&linkCode=osi&th=1&psc=1">View Product</a></div><div class="product"><a href="https://www.amazon.com/dp/B0B5GPM54S?tag=eloabder-20&linkCode=osi&th=1&psc=1"><img src="https://m.media-amazon.com/images/I/31sAt4ZNQRL._SL500_.jpg" alt="Product Image"></a><p>YoLink X3 Version Temperature & Humidity Sensor, Supports App Real-Time Data Refresh, Alexa, IFTTT, Home Assistant Integration - YoLink Hub Required</p><p> -20% 0FF </p><p>$39.99</p><a href="https://www.amazon.com/dp/B0B5GPM54S?tag=eloabder-20&linkCode=osi&th=1&psc=1">View Product</a></div><div class="product"><a href="https://www.amazon.com/dp/B09Y873L1Z?tag=eloabder-20&linkCode=osi&th=1&psc=1"><img src="https://m.media-amazon.com/images/I/41iuXKDZtVL._SL500_.jpg" alt="Product Image"></a><p>WiFi Temperature Humidity Monitor: Upgraded Smart Temperature and Humidity Sensor with Large Backlit LCD Screen & App Alerts, Indoor Thermometer Hygrometer Compatible with Alexa Google Assistant</p><p> -23% 0FF </p><p>$20.68</p><a href="https://www.amazon.com/dp/B09Y873L1Z?tag=eloabder-20&linkCode=osi&th=1&psc=1">View Product</a></div>
<div class="product"><a href="https://www.amazon.com/dp/B002HDLBTC?tag=eloabder-20&linkCode=osi&th=1&psc=1"><img src="https://m.media-amazon.com/images/I/514U5jbXZXL._SL500_.jpg" alt="Product Image"></a><p>BREW EXPRESS - 10 CUP BUILT-IN-THE-WALL - SELF FILLING COFFEE SYSTEM</p><p> -16% 0FF </p><p>$753.00 ($75.30 / Count)</p><a href="https://www.amazon.com/dp/B002HDLBTC?tag=eloabder-20&linkCode=osi&th=1&psc=1">View Product</a></div><div class="product"><a href="https://www.amazon.com/dp/B07HCMRJZD?tag=eloabder-20&linkCode=osi&th=1&psc=1"><img src="https://m.media-amazon.com/images/I/41GaMhDDegL._SL500_.jpg" alt="Product Image"></a><p>WOLF GOURMET Programmable Coffee Maker System with 10 Cup Thermal Carafe, Built-In Grounds Scale, Removable Reservoir, Red Knob, Stainless Steel (WGCM100S)</p><p> -18% 0FF </p><p>$449.95</p><a href="https://www.amazon.com/dp/B07HCMRJZD?tag=eloabder-20&linkCode=osi&th=1&psc=1">View Product</a></div>



<div class="product"><a href="https://www.amazon.com/dp/B00P387SGS?tag=eloabder-20&linkCode=osi&th=1&psc=1"><img src="https://m.media-amazon.com/images/I/31PaPGs7ucL._SL500_.jpg" alt="Product Image"></a><p>Avanti ERU200P3S ERU200 20" Electric Range Oven with Framed Glass Door, in Stainless Steel</p><p> -25% 0FF </p><p>$584.10</p><a href="https://www.amazon.com/dp/B00P387SGS?tag=eloabder-20&linkCode=osi&th=1&psc=1">View Product</a></div><div class="product"><a href="https://www.amazon.com/dp/B0CGMC72GG?tag=eloabder-20&linkCode=osi&th=1&psc=1"><img src="https://m.media-amazon.com/images/I/41VO4jA5L0L._SL500_.jpg" alt="Product Image"></a><p>Kenmore Front Control Electric Range Oven with 5 Cooktop Elements with 7 Cooking Power Options, True Convection, Steam and Self Clean, Freestanding Oven, 4.8 cu. ft. Capacity Stainless Steel</p><p> -15% 0FF </p><p>$1,099.99</p><a href="https://www.amazon.com/dp/B0CGMC72GG?tag=eloabder-20&linkCode=osi&th=1&psc=1">View Product</a></div><div class="product"><a href="https://www.amazon.com/dp/B00P3821II?tag=eloabder-20&linkCode=osi&th=1&psc=1"><img src="https://m.media-amazon.com/images/I/31VtoYu+-YL._SL500_.jpg" alt="Product Image"></a><p>Avanti ERU240P1B ERU240 24" Electric Range Oven with Framed Glass Door, in Black</p><p> -12% 0FF </p><p>$612.07</p><a href="https://www.amazon.com/dp/B00P3821II?tag=eloabder-20&linkCode=osi&th=1&psc=1">View Product</a></div><div class="product"><a href="https://www.amazon.com/dp/B098H6P9YG?tag=eloabder-20&linkCode=osi&th=1&psc=1"><img src="https://m.media-amazon.com/images/I/3173fk+5oHL._SL500_.jpg" alt="Product Image"></a><p>Premium Levella 20" Electric Range with 4 Coil Burners and 2.2 Cu. Ft. Oven Capacity in White</p><p> -7% 0FF </p><p>$699.00</p><a href="https://www.amazon.com/dp/B098H6P9YG?tag=eloabder-20&linkCode=osi&th=1&psc=1">View Product</a></div><div class="product"><a href="https://www.amazon.com/dp/B07HY4RYPD?tag=eloabder-20&linkCode=osi&th=1&psc=1"><img src="https://m.media-amazon.com/images/I/41+Y7YbWcuL._SL500_.jpg" alt="Product Image"></a><p>OVENTE Electric Countertop Double Burner, 1700W Cooktop with 7.25" and 6.10" Cast Iron Hot Plates, Temperature Control, Portable Cooking Stove and Easy to Clean Stainless Steel Base, Black BGS102B</p><p> -34% 0FF </p><p>$26.99</p><a href="https://www.amazon.com/dp/B07HY4RYPD?tag=eloabder-20&linkCode=osi&th=1&psc=1">View Product</a></div><div class="product"><a href="https://www.amazon.com/dp/B01EBC40BW?tag=eloabder-20&linkCode=osi&th=1&psc=1"><img src="https://m.media-amazon.com/images/I/31EF03Y41gL._SL500_.jpg" alt="Product Image"></a><p>GE Appliances JB645DKWW, White</p><p> -9% 0FF </p><p>$759.72</p><a href="https://www.amazon.com/dp/B01EBC40BW?tag=eloabder-20&linkCode=osi&th=1&psc=1">View Product</a></div>
<div class="product"><a href="https://www.amazon.com/dp/B0B8F38J2B?tag=eloabder-20&linkCode=osi&th=1&psc=1"><img src="https://m.media-amazon.com/images/I/31hyxdIlB5L._SL500_.jpg" alt="Product Image"></a><p>GreenPan Elite 8 - in -1 Programmable 6QT Electric Slow Cooker, Dishwasher Safe Lid & Removable Crock, PFAS-Free Healthy Ceramic Nonstick Multi-Cooker, Sear, Sauté/Brown, Steam Basket, Roast, White</p><p> -24% 0FF </p><p>$190.22</p><a href="https://www.amazon.com/dp/B0B8F38J2B?tag=eloabder-20&linkCode=osi&th=1&psc=1">View Product</a></div>

<div class="product"><a href="https://www.amazon.com/dp/B0BG677TXS?tag=eloabder-20&linkCode=osi&th=1&psc=1"><img src="https://m.media-amazon.com/images/I/31xwg0S1m1L._SL500_.jpg" alt="Product Image"></a><p>Samsung WW25B6900AW/A2 2.5 cu. ft. Smart Dial Front Load Washer</p><p> -27% 0FF </p><p>$798.00</p><a href="https://www.amazon.com/dp/B0BG677TXS?tag=eloabder-20&linkCode=osi&th=1&psc=1">View Product</a></div><div class="product"><a href="https://www.amazon.com/dp/B098FBB9KF?tag=eloabder-20&linkCode=osi&th=1&psc=1"><img src="https://m.media-amazon.com/images/I/31BJNXlaIoL._SL500_.jpg" alt="Product Image"></a><p>SAMSUNG 6.0 Cu Ft. Smart Dial Front Load Washer, Wash 2 Loads in 1 Large Capacity Machine, FlexWash, 28 Minute Super Speed Clothes Washing, Steam Stain Removal, WV60A9900AV/A5, Brushed Black</p><p> -6% 0FF </p><p>$1,794.00</p><a href="https://www.amazon.com/dp/B098FBB9KF?tag=eloabder-20&linkCode=osi&th=1&psc=1">View Product</a></div><div class="product"><a href="https://www.amazon.com/dp/B0CG21R3R3?tag=eloabder-20&linkCode=osi&th=1&psc=1"><img src="https://m.media-amazon.com/images/I/41wWRqV3hNL._SL500_.jpg" alt="Product Image"></a><p>Samsung 5.4 Cu. Ft. Smart Top Load Washer with Active Wave Agitator in White</p><p> -30% 0FF </p><p>$698.11</p><a href="https://www.amazon.com/dp/B0CG21R3R3?tag=eloabder-20&linkCode=osi&th=1&psc=1">View Product</a></div><div class="product"><a href="https://www.amazon.com/dp/B0B9GCYNTQ?tag=eloabder-20&linkCode=osi&th=1&psc=1"><img src="https://m.media-amazon.com/images/I/31-hInDefjL._SL500_.jpg" alt="Product Image"></a><p>SAMSUNG 4.6 Cu Ft AI Smart Dial Front Load Washer, Large Capacity Machine, Stackable for Small Spaces, 28 Min Super Speed Clothes Washing, Energy Star Certified, WF46BG6500AVUS, Brushed Black</p><p> -46% 0FF </p><p>$699.97</p><a href="https://www.amazon.com/dp/B0B9GCYNTQ?tag=eloabder-20&linkCode=osi&th=1&psc=1">View Product</a></div><div class="product"><a href="https://www.amazon.com/dp/B09RHLVMN3?tag=eloabder-20&linkCode=osi&th=1&psc=1"><img src="https://m.media-amazon.com/images/I/41f7mMz70DL._SL500_.jpg" alt="Product Image"></a><p>Samsung WF45T6000WPR White Front Load Laundry Package</p><p> -26% 0FF </p><p>$1,258.99</p><a href="https://www.amazon.com/dp/B09RHLVMN3?tag=eloabder-20&linkCode=osi&th=1&psc=1">View Product</a></div><div class="product"><a href="https://www.amazon.com/dp/B0DHYRW1S1?tag=eloabder-20&linkCode=osi&th=1&psc=1"><img src="https://m.media-amazon.com/images/I/31XhNU9yg2L._SL500_.jpg" alt="Product Image"></a><p>Samsung WH46DBH100EWA3 Bespoke AI Laundry Hub Large Capacity 4.6 Single Unit Steam Wash and 7.6 cu. ft. Electric White Washer and Dryer</p><p> -11% 0FF </p><p>$1,598.11</p><a href="https://www.amazon.com/dp/B0DHYRW1S1?tag=eloabder-20&linkCode=osi&th=1&psc=1">View Product</a></div><div class="product"><a href="https://www.amazon.com/dp/B0C5BGBSTS?tag=eloabder-20&linkCode=osi&th=1&psc=1"><img src="https://m.media-amazon.com/images/I/31osGMkChUL._SL500_.jpg" alt="Product Image"></a><p>LG WM6700HBA 5.0 Cu. Ft. Black Steel Front Load HE Stackable Smart Washer</p><p> -32% 0FF </p><p>$948.11</p><a href="https://www.amazon.com/dp/B0C5BGBSTS?tag=eloabder-20&linkCode=osi&th=1&psc=1">View Product</a></div>
<div class="product"><a href="https://www.amazon.com/dp/B099FM9Q3F?tag=eloabder-20&linkCode=osi&th=1&psc=1"><img src="https://m.media-amazon.com/images/I/31BJ8l-fdHL._SL500_.jpg" alt="Product Image"></a><p>SAMSUNG 7.5 Cu. Ft. Smart Dial Electric Dryer with FlexDry, Dry 2 Loads in 1 Large Capacity Machine, Super Speed 30 Minute Clothes Drying Cycle, WiFi Connected Control, DVE60A9900V/A3, Brushed Black</p><p> -10% 0FF </p><p>$899.99</p><a href="https://www.amazon.com/dp/B099FM9Q3F?tag=eloabder-20&linkCode=osi&th=1&psc=1">View Product</a></div><div class="product"><a href="https://www.amazon.com/dp/B0C72WLSJ1?tag=eloabder-20&linkCode=osi&th=1&psc=1"><img src="https://m.media-amazon.com/images/I/41Xh3Pcm43L._SL500_.jpg" alt="Product Image"></a><p>GE Profile PFQ97HSPVDS 28 Inch Smart Front Load Washer/Dryer Combo with 4.8 cu.ft. Capacity, 12 Wash Cycles, 14 Dryer Cycles</p><p> -17% 0FF </p><p>$1,915.00</p><a href="https://www.amazon.com/dp/B0C72WLSJ1?tag=eloabder-20&linkCode=osi&th=1&psc=1">View Product</a></div>
<div class="product"><a href="https://www.amazon.com/dp/B08BXXQ37X?tag=eloabder-20&linkCode=osi&th=1&psc=1"><img src="https://m.media-amazon.com/images/I/41rYTYUWK2L._SL500_.jpg" alt="Product Image"></a><p>Ninja DT251 Foodi 10-in-1 Smart XL Air Fry Oven, Bake, Broil, Toast, Roast, Digital Toaster, Thermometer, True Surround Convection up to 450°F, includes 6 trays & Recipe Guide, Silver</p><p> -24% 0FF </p><p>$249.95</p><a href="https://www.amazon.com/dp/B08BXXQ37X?tag=eloabder-20&linkCode=osi&th=1&psc=1">View Product</a></div><div class="product"><a href="https://www.amazon.com/dp/B0CLP1YV8V?tag=eloabder-20&linkCode=osi&th=1&psc=1"><img src="https://m.media-amazon.com/images/I/41SB1d44IAL._SL500_.jpg" alt="Product Image"></a><p>COSORI Smart 13-in-1 Air Fryer Toaster Oven Combo, Airfryer Rotisserie Sous Vide Convection Oven Countertop, Bake, Broil, Roast, Dehydrate, 134 Recipes & 4 Accessories, 32QT, Silver, Stainless Steel</p><p> -12% 0FF </p><p>$149.99</p><a href="https://www.amazon.com/dp/B0CLP1YV8V?tag=eloabder-20&linkCode=osi&th=1&psc=1">View Product</a></div>
<div class="product"><a href="https://www.amazon.com/dp/B09WPS1JQT?tag=eloabder-20&linkCode=osi&th=1&psc=1"><img src="https://m.media-amazon.com/images/I/213pWPsDBsL._SL500_.jpg" alt="Product Image"></a><p>SHARP Smart Dishwasher Works with Alexa. Includes LED Interior lights, Stainless Steel interior, Heated Dry with Fan Assist, Wash Zone cleans half load on either rack, Adjustable Third Rack</p><p> -28% 0FF </p><p>$649.99</p><a href="https://www.amazon.com/dp/B09WPS1JQT?tag=eloabder-20&linkCode=osi&th=1&psc=1">View Product</a></div><div class="product"><a href="https://www.amazon.com/dp/B0B9GJFNLX?tag=eloabder-20&linkCode=osi&th=1&psc=1"><img src="https://m.media-amazon.com/images/I/41rhOWVP2YL._SL500_.jpg" alt="Product Image"></a><p>BLITZHOME Portable Dishwasher Countertop, WIFI Smart Dishwasher, Compact Dishwashers with 5L Built-in Water Tank, 6 Programs, 360° Dual Spray, High-Temp& Air-Dry Function, Fruit Cleaning</p><p> -5% 0FF </p><p>$265.94</p><a href="https://www.amazon.com/dp/B0B9GJFNLX?tag=eloabder-20&linkCode=osi&th=1&psc=1">View Product</a></div><div class="product"><a href="https://www.amazon.com/dp/B0B9GDD4VS?tag=eloabder-20&linkCode=osi&th=1&psc=1"><img src="https://m.media-amazon.com/images/I/31vXK+e-zxL._SL500_.jpg" alt="Product Image"></a><p>SAMSUNG Smart 44dBA Dishwasher w/ StormWash+, AutoRelease Door, Quiet Operation, 3 Dish Racks, Pre Blast Cycle, Energy Star Certified, DW80B6060US/AA, Fingerprint Resistant Stainless Steel</p><p> -5% 0FF </p><p>$949.00</p><a href="https://www.amazon.com/dp/B0B9GDD4VS?tag=eloabder-20&linkCode=osi&th=1&psc=1">View Product</a></div><div class="product"><a href="https://www.amazon.com/dp/B0BDNRN39R?tag=eloabder-20&linkCode=osi&th=1&psc=1"><img src="https://m.media-amazon.com/images/I/21YrlEfylNL._SL500_.jpg" alt="Product Image"></a><p>Samsung DW80B7070AP 42 dBA Bespoke Smart Dishwasher - Bespoke Panel Ready</p><p> -10% 0FF </p><p>$1,029.72</p><a href="https://www.amazon.com/dp/B0BDNRN39R?tag=eloabder-20&linkCode=osi&th=1&psc=1">View Product</a></div><div class="product"><a href="https://www.amazon.com/dp/B0CFPTPD7N?tag=eloabder-20&linkCode=osi&th=1&psc=1"><img src="https://m.media-amazon.com/images/I/31JMPn7cM2L._SL500_.jpg" alt="Product Image"></a><p>Kenmore 24" Built-In Stainless Steel Tub Dishwasher with EasyFlex 3rd Rack, SmartWash, UltraWash Plus, TurboDry, and Adjustable Rack, Energy Star Certified, Fingerprint Resistant Stainless Steel</p><p> -38% 0FF </p><p>$499.99</p><a href="https://www.amazon.com/dp/B0CFPTPD7N?tag=eloabder-20&linkCode=osi&th=1&psc=1">View Product</a></div>
<div class="product"><a href="https://www.amazon.com/dp/B07X2732ZN?tag=eloabder-20&linkCode=osi&th=1&psc=1"><img src="https://m.media-amazon.com/images/I/414+VuqxfCL._SL500_.jpg" alt="Product Image"></a><p>Winco EMW-1000ST Commercial-Grade Microwave Oven, .9 Cubic Feet, Silver</p><p> -7% 0FF </p><p>$278.22</p><a href="https://www.amazon.com/dp/B07X2732ZN?tag=eloabder-20&linkCode=osi&th=1&psc=1">View Product</a></div><div class="product"><a href="https://www.amazon.com/dp/B0C1QP9ZH9?tag=eloabder-20&linkCode=osi&th=1&psc=1"><img src="https://m.media-amazon.com/images/I/41fZkBs64aL._SL500_.jpg" alt="Product Image"></a><p>Winco Commercial-Grade Planetary Mixer with Hub, 20 Liter</p><p> -18% 0FF </p><p>$1,112.49</p><a href="https://www.amazon.com/dp/B0C1QP9ZH9?tag=eloabder-20&linkCode=osi&th=1&psc=1">View Product</a></div><div class="product"><a href="https://www.amazon.com/dp/B0716Q44T2?tag=eloabder-20&linkCode=osi&th=1&psc=1"><img src="https://m.media-amazon.com/images/I/41jw7AxptIL._SL500_.jpg" alt="Product Image"></a><p>Weston Pro Series Electric Meat Grinder, Commercial Grade, 1120 Watts, 1.5 HP, 14lbs. Per Minute, Stainless Steel (10-2201-W)</p><p> -13% 0FF </p><p>$659.99</p><a href="https://www.amazon.com/dp/B0716Q44T2?tag=eloabder-20&linkCode=osi&th=1&psc=1">View Product</a></div>
<div class="product"><a href="https://www.amazon.com/dp/B0BG3BPRBS?tag=eloabder-20&linkCode=osi&th=1&psc=1"><img src="https://m.media-amazon.com/images/I/41EKP3Rd4FL._SL500_.jpg" alt="Product Image"></a><p>KITCHENAID Fitted Tilt-Head Solid Stand Mixer Cover with Storage Pocket, Quilted 100% Cotton, Milkshake, 14.4"x18"x10"</p><p> -57% 0FF </p><p>$19.50</p><a href="https://www.amazon.com/dp/B0BG3BPRBS?tag=eloabder-20&linkCode=osi&th=1&psc=1">View Product</a></div>
<div class="product"><a href="https://www.amazon.com/dp/B08F72TY67?tag=eloabder-20&linkCode=osi&th=1&psc=1"><img src="https://m.media-amazon.com/images/I/515c8kJ6iaL._SL500_.jpg" alt="Product Image"></a><p>MegaWise Vacuum Sealer Machine | 80kPa Suction Power| Bags and Cutter Included | Compact One-Touch Automatic Food Sealer with External Vacuum System | Dry Moist Fresh Modes for All Saving needs</p><p> -10% 0FF </p><p>$35.99</p><a href="https://www.amazon.com/dp/B08F72TY67?tag=eloabder-20&linkCode=osi&th=1&psc=1">View Product</a></div><div class="product"><a href="https://www.amazon.com/dp/B08L8YZ9LG?tag=eloabder-20&linkCode=osi&th=1&psc=1"><img src="https://m.media-amazon.com/images/I/316EFEDqU6S._SL500_.jpg" alt="Product Image"></a><p>VOBAGA Coffee Mug Warmer, Electric Coffee Warmer for Office Desk Accessories with Auto Shut Off, 3 Temperature Setting Smart Cup Warmer for Heating Coffee, Beverage, Milk and Tea (No Mug)</p><p> -38% 0FF </p><p>$24.97</p><a href="https://www.amazon.com/dp/B08L8YZ9LG?tag=eloabder-20&linkCode=osi&th=1&psc=1">View Product</a></div><div class="product"><a href="https://www.amazon.com/dp/B0CCTPNZD4?tag=eloabder-20&linkCode=osi&th=1&psc=1"><img src="https://m.media-amazon.com/images/I/41F5VlaiwOL._SL500_.jpg" alt="Product Image"></a><p>Coffee Mug Warmer, Smart Candle Warmer, Electric Cup Warmer with Aluminum Metal Panel for Office, Desk Accessories, Electric Beverage Warmer for Cocoa, Milk, for Coworkers Friends,</p><p> -50% 0FF </p><p>$9.99</p><a href="https://www.amazon.com/dp/B0CCTPNZD4?tag=eloabder-20&linkCode=osi&th=1&psc=1">View Product</a></div>
<div class="product"><a href="https://www.amazon.com/dp/B0BKLVF1DM?tag=eloabder-20&linkCode=osi&th=1&psc=1"><img src="https://m.media-amazon.com/images/I/41NUOnE9h0L._SL500_.jpg" alt="Product Image"></a><p>Café Couture Oven with 14 essential cooking modes, including Air Fry, CrispFinish, Bake, Broil, Roast, Toast, Pizza, WiFi & Smart Connected, Voice Control, Countertop Small Appliances, Matte White</p><p> -27% 0FF </p><p>$329.00</p><a href="https://www.amazon.com/dp/B0BKLVF1DM?tag=eloabder-20&linkCode=osi&th=1&psc=1">View Product</a></div><div class="product"><a href="https://www.amazon.com/dp/B09649DDTN?tag=eloabder-20&linkCode=osi&th=1&psc=1"><img src="https://m.media-amazon.com/images/I/41iMySSuDkL._SL500_.jpg" alt="Product Image"></a><p>GE Profile Opal 2.0 with 0.75 Gallon Tank, Chewable Crunchable Countertop Nugget Ice Maker, Scoop included, 38 lbs in 24 hours, Pellet Ice Machine with WiFi & Smart Connected, Black Stainless Steel</p><p> -17% 0FF </p><p>$498.98</p><a href="https://www.amazon.com/dp/B09649DDTN?tag=eloabder-20&linkCode=osi&th=1&psc=1">View Product</a></div><div class="product"><a href="https://www.amazon.com/dp/B0DGFSYHXL?tag=eloabder-20&linkCode=osi&th=1&psc=1"><img src="https://m.media-amazon.com/images/I/41JYWoYr-WL._SL500_.jpg" alt="Product Image"></a><p>2024 Upgrade Cord Organizer For Kitchen Appliances,4 Pack Cord Organizer for Appliances,Kitchen Appliance Cord Organizer Stick On,Self-Adhesive Cord Organizer</p><p> -30% 0FF </p><p>$6.99</p><a href="https://www.amazon.com/dp/B0DGFSYHXL?tag=eloabder-20&linkCode=osi&th=1&psc=1">View Product</a></div><div class="product"><a href="https://www.amazon.com/dp/B09SBW246Y?tag=eloabder-20&linkCode=osi&th=1&psc=1"><img src="https://m.media-amazon.com/images/I/41FsMr2XLML._SL500_.jpg" alt="Product Image"></a><p>GE Profile Opal 2.0, Chewable Crunchable Countertop Nugget Ice Maker, Scoop included, 38 lbs in 24 hours, Pellet Ice Machine with WiFi & Smart Connected, Stainless Steel</p><p> -18% 0FF </p><p>$449.00</p><a href="https://www.amazon.com/dp/B09SBW246Y?tag=eloabder-20&linkCode=osi&th=1&psc=1">View Product</a></div>
<div class="product"><a href="https://www.amazon.com/dp/B0C2FF4JD1?tag=eloabder-20&linkCode=osi&th=1&psc=1"><img src="https://m.media-amazon.com/images/I/41hiBJ9xLAL._SL500_.jpg" alt="Product Image"></a><p>Ninja BC151BK Blast Portable Blender, Cordless, 18oz. Vessel, Personal Blender-for Shakes & Smoothies, BPA Free, Leakproof-Lid & Sip Spout, USB-C Rechargeable, Dishwasher Safe Parts, Black</p><p> -33% 0FF </p><p>$39.99</p><a href="https://www.amazon.com/dp/B0C2FF4JD1?tag=eloabder-20&linkCode=osi&th=1&psc=1">View Product</a></div><div class="product"><a href="https://www.amazon.com/dp/B089TQWJKK?tag=eloabder-20&linkCode=osi&th=1&psc=1"><img src="https://m.media-amazon.com/images/I/319-1n4eaeL._SL500_.jpg" alt="Product Image"></a><p>Ninja DZ201 Foodi 8 Quart 6-in-1 DualZone 2-Basket Air Fryer with 2 Independent Frying Baskets, Match Cook & Smart Finish to Roast, Broil, Dehydrate & More for Quick, Easy Meals, Grey</p><p> -15% 0FF </p><p>$169.99</p><a href="https://www.amazon.com/dp/B089TQWJKK?tag=eloabder-20&linkCode=osi&th=1&psc=1">View Product</a></div>
<div class="product"><a href="https://www.amazon.com/dp/B0CMJQC2M3?tag=eloabder-20&linkCode=osi&th=1&psc=1"><img src="https://m.media-amazon.com/images/I/216CCwa5bJL._SL500_.jpg" alt="Product Image"></a><p>Summit Appliance FFBF235PL 24" Wide Bottom Freezer Refrigerator, Energy Star, LED Lighting, Stainless Steel (RHD)</p><p> -41% 0FF </p><p>$1,086.96</p><a href="https://www.amazon.com/dp/B0CMJQC2M3?tag=eloabder-20&linkCode=osi&th=1&psc=1">View Product</a></div><div class="product"><a href="https://www.amazon.com/dp/B096RYWSQM?tag=eloabder-20&linkCode=osi&th=1&psc=1"><img src="https://m.media-amazon.com/images/I/31uENxnUdBL._SL500_.jpg" alt="Product Image"></a><p>COMFEE’ Portable Mini Dishwasher, Energy Star, Countertop, 6 Place Settings, with 8 Washing Programs, Speed, Baby-Care, ECO& Glass, Dish Washer for Dorm, RV& Apartment, White</p><p> -10% 0FF </p><p>$259.99</p><a href="https://www.amazon.com/dp/B096RYWSQM?tag=eloabder-20&linkCode=osi&th=1&psc=1">View Product</a></div>
<div class="product"><a href="https://www.amazon.com/dp/B0CPLVLFK2?tag=eloabder-20&linkCode=osi&th=1&psc=1"><img src="https://m.media-amazon.com/images/I/41TevXHn-zL._SL500_.jpg" alt="Product Image"></a><p>Immersion Blender Handheld Corded Hand Blender 1100W, Trigger Variable Speed 5 in 1 Stick Blender, Emulsion Blender with Chopper, Whisk and Frother for Soup, Baby Food and Smoothies</p><p> -49% 0FF </p><p>$39.99</p><a href="https://www.amazon.com/dp/B0CPLVLFK2?tag=eloabder-20&linkCode=osi&th=1&psc=1">View Product</a></div>
<div class="product"><a href="https://www.amazon.com/dp/B00IE76Q7M?tag=eloabder-20&linkCode=osi&th=1&psc=1"><img src="https://m.media-amazon.com/images/I/41yTd6+03lS._SL500_.jpg" alt="Product Image"></a><p>Reynolds Kitchens Premium Slow Cooker Liners - 13 x 21 Inch, 6 Count</p><p> -40% 0FF </p><p>$3.48 ($0.58 / Count)</p><a href="https://www.amazon.com/dp/B00IE76Q7M?tag=eloabder-20&linkCode=osi&th=1&psc=1">View Product</a></div><div class="product"><a href="https://www.amazon.com/dp/B08QJ8SHGV?tag=eloabder-20&linkCode=osi&th=1&psc=1"><img src="https://m.media-amazon.com/images/I/51e1ld7+QuL._SL500_.jpg" alt="Product Image"></a><p>Sealegend 2 Pieces Dryer Vent Cleaner Kit Dryer Lint Vacuum Attachment, Dryer Vent Cleaning Lint Remover 2 Hoses Tools for Home Improvement</p><p> -6% 0FF </p><p>$14.99</p><a href="https://www.amazon.com/dp/B08QJ8SHGV?tag=eloabder-20&linkCode=osi&th=1&psc=1">View Product</a></div><div class="product"><a href="https://www.amazon.com/dp/B09KT67BL1?tag=eloabder-20&linkCode=osi&th=1&psc=1"><img src="https://m.media-amazon.com/images/I/41GfIj83V6L._SL500_.jpg" alt="Product Image"></a><p>HomeHacks 2-Pack Large Laundry Basket, Waterproof, Freestanding Laundry Hamper, Collapsible Tall Clothes Hamper with Extended Handles for Clothes Toys in the Dorm and Family-(Gradient Grey, 75L)</p><p> -20% 0FF </p><p>$19.99 ($10.00 / Count)</p><a href="https://www.amazon.com/dp/B09KT67BL1?tag=eloabder-20&linkCode=osi&th=1&psc=1">View Product</a></div><div class="product"><a href="https://www.amazon.com/dp/B08YQYB7VF?tag=eloabder-20&linkCode=osi&th=1&psc=1"><img src="https://m.media-amazon.com/images/I/410P1mYng8L._SL500_.jpg" alt="Product Image"></a><p>600W Electric Hand Mixer Kitchen Handheld Mixer 10 Speed Powerful with Turbo for Baking Cake Lightweight & Personal Electric Mixer with Egg Baking Beaters Dough Hooks, Whipping Mixing Cookies</p><p> -25% 0FF </p><p>$37.49</p><a href="https://www.amazon.com/dp/B08YQYB7VF?tag=eloabder-20&linkCode=osi&th=1&psc=1">View Product</a></div>



<div class="product"><a href="https://www.amazon.com/dp/B09SBRGSFH?tag=eloabder-20&linkCode=osi&th=1&psc=1"><img src="https://m.media-amazon.com/images/I/51B+TheiNvL._SL500_.jpg" alt="Product Image"></a><p>Ninja SS151 TWISTi Blender DUO, High-Speed 1600 WP Smoothie Maker & Nutrient Extractor* 5 Functions Smoothie, Spreads & More, smartTORQUE, 34-oz. Pitcher & (2) To-Go Cups, Gray</p><p> -29% 0FF </p><p>$99.99</p><a href="https://www.amazon.com/dp/B09SBRGSFH?tag=eloabder-20&linkCode=osi&th=1&psc=1">View Product</a></div>






<div class="product"><a href="https://www.amazon.com/dp/B0DFP72QBQ?tag=eloabder-20&linkCode=osi&th=1&psc=1"><img src="https://m.media-amazon.com/images/I/41WTRq99coL._SL500_.jpg" alt="Product Image"></a><p>UV Countertop Reverse Osmosis System Water Filter, 5 Stage RO Water Filtration System, NSF/ANSI 58 Certified, 5:1 Pure to Drain, Water Purifier for Home(No Installation Required)</p><p> -83% 0FF </p><p>$299.99</p><a href="https://www.amazon.com/dp/B0DFP72QBQ?tag=eloabder-20&linkCode=osi&th=1&psc=1">View Product</a></div><div class="product"><a href="https://www.amazon.com/dp/B0D2HLT8ZB?tag=eloabder-20&linkCode=osi&th=1&psc=1"><img src="https://m.media-amazon.com/images/I/51I3hzCxgfL._SL500_.jpg" alt="Product Image"></a><p>Hydrosip H6 Hydrogen Water Bottle – Hydrogen Water Bottle Generator Up to 3000ppb – Rich Hydrogen-Infused Water – SPE/PEM Technology – Portable Electric Water Ionizer Bottle – Quick Hydrogen Infusion</p><p> -20% 0FF </p><p>$79.99</p><a href="https://www.amazon.com/dp/B0D2HLT8ZB?tag=eloabder-20&linkCode=osi&th=1&psc=1">View Product</a></div>













<div class="product"><a href="https://www.amazon.com/dp/B0CB8QWHZ4?tag=eloabder-20&linkCode=osi&th=1&psc=1"><img src="https://m.media-amazon.com/images/I/31iiEl+sr-L._SL500_.jpg" alt="Product Image"></a><p>EIFHYT Ceiling Fan Pull Chain with Decorative 2 Pcs 3 mm 12 inch Frosted Light Bulb and Fan Cord extender Chains for Mounted Ceiling Fans and Light Fixtures (Nickel)</p><p> -50% 0FF </p><p>$3.49</p><a href="https://www.amazon.com/dp/B0CB8QWHZ4?tag=eloabder-20&linkCode=osi&th=1&psc=1">View Product</a></div>








<div class="product"><a href="https://www.amazon.com/dp/B07DRM9YXL?tag=eloabder-20&linkCode=osi&th=1&psc=1"><img src="https://m.media-amazon.com/images/I/51yigLl6c+L._SL500_.jpg" alt="Product Image"></a><p>NutriChef Electric Carving Turkey Slicer Kitchen Knife | For Thanksgiving | Portable Electrical Food Cutter Knife Set with Carving Blades & Wood Carving Stand | Cuts Meat, Bread, Cheese & Fruit</p><p> -19% 0FF </p><p>$28.38</p><a href="https://www.amazon.com/dp/B07DRM9YXL?tag=eloabder-20&linkCode=osi&th=1&psc=1">View Product</a></div><div class="product"><a href="https://www.amazon.com/dp/B091LZV4TF?tag=eloabder-20&linkCode=osi&th=1&psc=1"><img src="https://m.media-amazon.com/images/I/51UKNfHOeRL._SL500_.jpg" alt="Product Image"></a><p>Homaider Electric Knife for Carving Meat, Turkey, Bread & More. Serving Fork and Carving Blades Included</p><p> -14% 0FF </p><p>$59.99</p><a href="https://www.amazon.com/dp/B091LZV4TF?tag=eloabder-20&linkCode=osi&th=1&psc=1">View Product</a></div><div class="product"><a href="https://www.amazon.com/dp/B0C1TBT4D4?tag=eloabder-20&linkCode=osi&th=1&psc=1"><img src="https://m.media-amazon.com/images/I/31iw4Pxk70L._SL500_.jpg" alt="Product Image"></a><p>BLACK+DECKER Comfort Grip™ Electric Knife With Storage Case, Black</p><p> -23% 0FF </p><p>$23.19</p><a href="https://www.amazon.com/dp/B0C1TBT4D4?tag=eloabder-20&linkCode=osi&th=1&psc=1">View Product</a></div><div class="product"><a href="https://www.amazon.com/dp/B0D736YM74?tag=eloabder-20&linkCode=osi&th=1&psc=1"><img src="https://m.media-amazon.com/images/I/41-TimjHH+L._SL500_.jpg" alt="Product Image"></a><p>KEENSTAR Electric Knife for Carving Meat, Turkey, Bread, 150W Electric Knife Set with 2 Serrated Stainless Steel Blades & Serving Fork for Slicing Poultry, Ham & More, Ergonomic Handle & Safety Lock</p><p> -29% 0FF </p><p>$39.99</p><a href="https://www.amazon.com/dp/B0D736YM74?tag=eloabder-20&linkCode=osi&th=1&psc=1">View Product</a></div>

<div class="product"><a href="https://www.amazon.com/dp/B0B3S5GWX7?tag=eloabder-20&linkCode=osi&th=1&psc=1"><img src="https://m.media-amazon.com/images/I/31oa3VJk1OL._SL500_.jpg" alt="Product Image"></a><p>Ninja DG551 Foodi Smart XL 6-in-1 Indoor Grill with Air Fry, Roast, Bake, Broil, & Dehydrate, Foodi Smart Thermometer, 2nd Generation, Black/Silver</p><p> -39% 0FF </p><p>$169.99</p><a href="https://www.amazon.com/dp/B0B3S5GWX7?tag=eloabder-20&linkCode=osi&th=1&psc=1">View Product</a></div><div class="product"><a href="https://www.amazon.com/dp/B089ZT66H9?tag=eloabder-20&linkCode=osi&th=1&psc=1"><img src="https://m.media-amazon.com/images/I/41cjUnZlkdL._SL500_.jpg" alt="Product Image"></a><p>COSORI Air Fryer Pro Smart 5.8QT that Roast, Bake, 3-Way Control, 12-IN-1 Customizable Functions, Online Recipes, Detachable Basket, Works with Alexa & Google Assistant</p><p> -14% 0FF </p><p>$119.99</p><a href="https://www.amazon.com/dp/B089ZT66H9?tag=eloabder-20&linkCode=osi&th=1&psc=1">View Product</a></div><div class="product"><a href="https://www.amazon.com/dp/B0D8S8TN1C?tag=eloabder-20&linkCode=osi&th=1&psc=1"><img src="https://m.media-amazon.com/images/I/41iDgb-syML._SL500_.jpg" alt="Product Image"></a><p>Touch screen Toaster 2 slice, Stainless Steel Digital Timer Toaster with Sound Function, 6 Bread Types & 6 Shade Settings, Smart Extra Wide Slots Toaster with Bagel, Defrost Functions (grey)</p><p> -65% 0FF </p><p>$69.99</p><a href="https://www.amazon.com/dp/B0D8S8TN1C?tag=eloabder-20&linkCode=osi&th=1&psc=1">View Product</a></div><div class="product"><a href="https://www.amazon.com/dp/B0CZ898D5Z?tag=eloabder-20&linkCode=osi&th=1&psc=1"><img src="https://m.media-amazon.com/images/I/41OsoqP7bkL._SL500_.jpg" alt="Product Image"></a><p>Tastee Air Fryer, 8-in-1 Compact 5.5QT AirFryers, 450°F Digital Airfryer Dehydrator with Dual-sensor Smart Probe, 24 Presets One-touch Cooking, In-app Recipes with Window, Dishwasher-safe & Non-stick</p><p> -20% 0FF </p><p>$119.99</p><a href="https://www.amazon.com/dp/B0CZ898D5Z?tag=eloabder-20&linkCode=osi&th=1&psc=1">View Product</a></div><div class="product"><a href="https://www.amazon.com/dp/B0863JB424?tag=eloabder-20&linkCode=osi&th=1&psc=1"><img src="https://m.media-amazon.com/images/I/41lR3pmJiqL._SL500_.jpg" alt="Product Image"></a><p>CHEF iQ Smart Pressure Cooker 10 Cooking Functions & 18 Features, Built-in Scale, 1000+ Presets & Times & Temps w/App for 600+ Foolproof Guided Recipes, Rice & Slow Electric MultiCooker, 6 Qt</p><p> -15% 0FF </p><p>$169.94</p><a href="https://www.amazon.com/dp/B0863JB424?tag=eloabder-20&linkCode=osi&th=1&psc=1">View Product</a></div>


                </div>

                <!-- Bouton flottant -->
                <button class="floating-button" onclick="window.location.href='https://www.iasmarket.us'">HOME</button>
            
                <!-- Pagination -->
                <div class="pagination">
            <a href="https://iasmarket.github.io/Appliances/1">Back</a>            </div>

            <script>
                function updateTime() {
                    const optionsDate = {
                        timeZone: 'America/Los_Angeles',
                        year: 'numeric',
                        month: 'long',
                        day: 'numeric',
                        weekday: 'long'
                    };
                    const optionsTime = {
                        timeZone: 'America/Los_Angeles',
                        hour: '2-digit',
                        minute: '2-digit',
                        second: '2-digit'
                    };
        
                    const now = new Date();
                    const formatterDate = new Intl.DateTimeFormat('en-US', optionsDate);
                    const formatterTime = new Intl.DateTimeFormat('en-US', optionsTime);
        
                    const formattedDate = formatterDate.format(now);
                    const formattedTime = formatterTime.format(now);
        
                    document.getElementById('comment').textContent = "As an AMAZON Associate, I earn from qualifying purchases.";
                    document.getElementById('date').textContent = formattedDate;
                    document.getElementById('time').textContent = formattedTime;
                }
        
                updateTime();
                setInterval(updateTime, 1000);
        
                function filterProducts() {
                    const input = document.getElementById('searchInput');
                    const filter = input.value.toLowerCase();
                    const container = document.getElementById('productContainer');
                    const products = container.getElementsByClassName('product');
        
                    for (let i = 0; i < products.length; i++) {
                        const product = products[i];
                        const text = product.textContent || product.innerText;
                        if (text.toLowerCase().indexOf(filter) > -1) {
                            product.style.display = "";
                        } else {
                            product.style.display = "none";
                        }
                    }
                }
            </script>
             </body>
        
            </html>
        